2575 3842
466 201 690 258 ΦΑΛΑΡΙΣ
710 200 743 257 Β.
1047 196 1106 262 113

95 373 302 444 κατηγορεῖν.
336 364 365 427 7.
383 365 413 427 εί
433 356 464 425 δ’
485 351 547 426 οὐν
565 385 595 425 τι
612 362 667 425 καὶ
687 362 871 444 πέπρακται
893 366 1046 426 τοιοῦτον
1070 361 1106 425 έν
1125 376 1179 429 204

96 463 252 545 Σικελίᾳ,
275 454 365 524 τοῦτ’
386 454 427 523 οὐ
442 465 588 541 Δελφοῖς
605 453 788 541 ἀναγκαῖον
802 465 1105 542 πολυπραγμονεῖν,

96 560 127 621 εί
142 552 186 639 μη
204 554 275 623 ὐντλ
291 560 408 639 ίερέων
424 554 488 641 ἤδη
503 556 653 622 δικασταὶ
668 552 752 621 εἶναι
769 552 927 639 ἀξιοῦμεν
942 560 1013 638 καί,
1030 556 1107 619 δέον

96 652 199 718 θόειν
214 655 269 719 καλ
280 645 384 720 τᾶλλα
395 654 599 737 θεραπεύειν
610 650 671 719 τὸν
686 650 770 719 θεὸν
782 655 836 719 καί
847 654 1106 717 συνανατιθέναι

98 754 129 816 εί
140 751 281 833 πέμψειέ
293 775 359 833 τις,
376 756 579 826 σκοποῦντες
595 748 777 834 καθήμεθα
792 760 825 817 εί
836 775 923 827 τινες
938 755 1006 815 τῶν
1020 745 1105 829 ὑπὲρ

96 844 157 911 τόν
177 844 297 913 Ἰόνιον
314 852 449 923 δικαίως
467 842 489 932 ἢ
510 844 631 924 ὐδίκως
653 855 909 932 τυραννοῦνται.
942 852 971 911 8.
994 843 1105 913 καὶτὰ

98 943 161 1028 μὲν
177 949 244 1009 τών
259 941 371 1011 ἄλλων
382 946 479 1029 ἐχέτω
493 941 559 1030 ὅπη
575 940 745 1029 βούλεται·
768 941 849 1030 ἡμῖν
865 944 900 1011 δὲ
911 941 1104 1027 ἀναγκαῖον,

98 1042 198 1127 οἶμαι,
214 1040 253 1109 τύ
264 1040 406 1128 ἡμέτερα
419 1040 531 1110 αὐτών
543 1045 682 1125 είδέναι,
700 1041 791 1120 ὅπως
803 1070 838 1110 τε
849 1042 952 1110 πάλαι
969 1045 1105 1109 διέκειτο

96 1142 151 1207 καὶ
167 1138 257 1217 ὅπως
266 1147 332 1207 νῦν
347 1143 477 1225 ἔχεικαὶ
493 1147 526 1207 τί
541 1147 675 1207 ποιοῦσι
687 1141 789 1207 λώῖον
804 1146 903 1207 ἔσται.
927 1137 1050 1224 ὅτιμὲν
1065 1136 1103 1221 δη

97 1240 135 1303 έν
151 1251 311 1322 κρημνοῖς
326 1263 360 1304 τε
378 1243 536 1322 οἰκοῦμεν
556 1234 651 1304 αὐτοὶ
671 1240 725 1304 καὶ
746 1240 866 1322 πέτρας
879 1243 1104 1322 γεωργοῦμεν,

97 1336 313 1424 οὐχ”Ομηρον
327 1335 388 1423 χρὴ
404 1340 594 1422 περιμένειν
609 1337 802 1421 δηλώσοντα
818 1334 913 1422 ἡμῖν,
932 1334 1006 1402 ἀλλ’
1022 1332 1106 1418 δρῦν

96 1439 235 1522 πάρεστι
247 1442 365 1502 ταῦτα·
388 1440 443 1504 καὶ
456 1435 538 1502 ὅσον
549 1438 602 1503 ἐπὶ
612 1443 652 1524 τῇ
663 1443 716 1523 γη,
732 1443 833 1522 βαθεῖ
845 1441 928 1524 λιμῷ
941 1432 990 1499 ἀεὶ
1002 1438 1106 1516 συνῆ-

96 1561 160 1620 μεν
181 1532 232 1600 ὐν.
262 1531 299 1601 τδ
325 1536 360 1601 δὲ
381 1532 473 1616 ίερδν
496 1537 550 1600 καὶ
573 1530 741 1611 δΠύθιος
761 1536 815 1601 καὶ
841 1529 877 1599 τδ
906 1529 1106 1616 χρηστήριον

97 1633 153 1700 καὶ
168 1636 202 1699 ολ
213 1631 357 1709 θύοντες
372 1634 427 1699 καὶ
440 1636 474 1699 ολ
487 1629 703 1717 εὐσεβοῦντες
718 1639 820 1698 ταῦτα
829 1635 979 1713 ’Δελφῶν
990 1624 1029 1692 τδι
1047 1651 1106 1691 πε-

97 1735 170 1815 δία,
189 1735 293 1796 ταῦτα
308 1726 328 1815 ἡ
346 1729 527 1814 πρόσοδος,
551 1733 712 1795 ἐντεῦθεν
728 1726 747 1814 ἡ
768 1725 922 1811 εὐπορία,
945 1727 1106 1791 ἐντεῦθεν

98 1832 135 1893 αι’
146 1833 272 1911 τροφαί
290 1856 323 1876 -<
342 1823 403 1912 χρὴ
421 1825 485 1911 γὰρ
506 1822 635 1911 τάληθῆ
652 1826 735 1911 πρός
749 1851 786 1911 γε
806 1822 891 1909 ἡμᾶς
914 1818 1036 1897 αὐτοὺς
1052 1822 1106 1885 λε’-

96 1951 171 2009 γειν
185 1966 227 1975 -
249 1920 304 1992 κοῦ
323 1923 360 1992 τό
384 1924 567 2009 λεγόμενον
584 1920 651 1989 ὑπὸ
672 1929 740 1989 τών
764 1926 927 2006 ποιητῶν,
955 1916 1105 1999 ἄσπαρτα

96 2020 178 2107 ἡμῖν
192 2023 247 2089 καὶ
261 2020 409 2108 ἀνήροτα
424 2022 544 2106 φύεται
555 2017 594 2085 τὰ
608 2018 716 2084 πάντα
733 2016 798 2084 ὑπὸ
814 2021 950 2103 γεωργῷ
967 2022 1012 2101 τῷ
1023 2018 1104 2100 θεῷ,

98 2116 133 2196 δς
145 2117 187 2186 οὐ
198 2115 354 2204 μόνοντὰ
366 2115 455 2201 παρὰ
467 2130 534 2193 τοῖς
541 2113 698 2201 Ἕλλησιν
708 2112 820 2201 ὐγαθύι
831 2112 991 2198 γινόμενα
1002 2112 1104 2191 παρέ·
1124 2129 1175 2181 205

97 2244 162 2303 χει,
188 2214 263 2285 ἄλλ’
281 2227 313 2285 εῖ
328 2244 359 2284 τι
381 2219 417 2284 έν
435 2218 562 2300 Φρυξὶν
577 2210 599 2299 ἢ
616 2219 739 2293 Λυδοῖς
753 2209 774 2299 ἢ
788 2204 968 2294 Πέρσαιςύ
987 2204 1105 2273 Ἀσσυ-

96 2321 181 2400 ρίοις
192 2311 213 2400 ἢ
223 2319 373 2394 Φοίνιξιν
385 2310 406 2400 ἢ
417 2312 612 2390 Ἰταλιώταις
621 2310 644 2398 ἢ
654 2312 883 2399 Ὑπερβορέοις
894 2305 1006 2384 αὐτοῖς
1018 2304 1106 2371 ποίν-

96 2439 137 2480 τα
151 2415 183 2490 ές
194 2410 352 2497 Δελφοὺς
363 2410 560 2498 ἀφικνεῖται.
583 2414 638 2478 καὶ
654 2410 693 2478 τὰ
707 2412 844 2493 δεύτερα
858 2404 937 2493 μετὰ
949 2403 1009 2473 τδν
1021 2400 1106 2472 θεὸν

94 2508 190 2597 ἡμεῖς
210 2511 384 2596 τιμώμεθα
401 2508 462 2595 ὑφ’
479 2507 639 2577 ἁπάντων
660 2512 714 2578 καὶ
737 2508 947 2593 εὐποροῦμεν
968 2507 1023 2572 καὶ
1049 2502 1106 2569 εὐ-

96 2614 340 2695 δαιμονοῦμεν·
371 2615 475 2675 ταῦτα
494 2605 531 2674 τδ
551 2605 704 2694 ὐρχαῖον,
733 2614 835 2675 ταῦτα
859 2603 894 2672 τό
914 2606 1008 2690 μέχρι
1030 2609 1104 2671 νῦν.

96 2711 151 2776 καὶ
162 2706 207 2794 μη
221 2707 436 2793 παυσαίμεθά
449 2733 486 2792 γε
497 2705 585 2772 οὐτω
596 2714 756 2792 βιοῦντες.
781 2711 810 2771 9.
825 2708 985 2788 μέμνηται
998 2700 1033 2765 δὲ
1046 2696 1105 2765 οὐ-

96 2810 163 2885 δεὶς
179 2806 315 2873 πώποτε
327 2813 443 2891 ψῆφον
459 2801 543 2890 ὑπὲρ
559 2802 775 2891 ἀναθήματος
788 2798 866 2884 παρ’
886 2798 966 2885 ἡμῖν
981 2795 1105 2863 ὐναδο-

95 2914 217 2971 θεῖσαν
240 2900 319 2969 οὐδὲ
342 2904 538 2970 κωλυθέντα
559 2900 633 2968 τινὰ
650 2902 750 2971 θύειν
771 2897 791 2986 ἢ
810 2898 1015 2965 οἷνατιθέναι.
1050 2895 1104 2959 καὶ

95 2999 150 3068 διὰ
172 2996 285 3080 τοῦτ’,
312 2999 419 3086 οἶμαι,
446 3004 501 3067 καλ
522 2997 602 3066 αὐτὸ
628 3005 673 3077 είς
696 2996 887 3083 ὑπερβολὴν
907 2995 1044 3080 ηὐξηται
1067 2989 1103 3059 τδ

94 3096 188 3181 λερδν
199 3099 253 3165 καλ
265 3096 488 3183 ὑπερπλουτεῖ
499 3100 535 3164 έν
545 3111 612 3175 τοῖς
624 3094 825 3181 ἀναθήμασι.
840 3098 892 3159 δεῖ
900 3099 1017 3159 τοίνυν
1029 3086 1104 3176 μηδ’

94 3199 131 3264 έν
146 3204 193 3285 τῷ
215 3194 355 3279 παρόντι
373 3210 581 3281 καινοτομεῖν
595 3195 698 3280 μηδὲν
716 3192 798 3278 μηδὲ
814 3189 902 3276 παρὰ
919 3188 957 3256 τδι
981 3189 1103 3274 πότρια

10 3320 15 3329 ·
94 3293 202 3380 νόμον
218 3294 436 3379 καθιστάναι,
462 3302 679 3379 φυλοκρινεῖν
699 3288 738 3358 τα
756 3288 955 3376 ἀναθήματα
975 3290 1029 3355 καλ
1046 3314 1104 3373 γε-

95 3401 268 3477 νεαλογεῖν
284 3391 324 3459 τὰ
339 3393 551 3478 πεμπόμενα,
574 3390 658 3460 ὅθεν
674 3395 728 3459 καὶ
749 3386 808 3475 ὐφ’
827 3387 906 3457 ὅτου
924 3390 978 3541 νηὶ
993 3386 1101 3473 ὁποῖα,

178 3502 284 3542 τουτου.
306 3488 344 3542 ΙΙ,
