2575 3842
468 215 695 275 ΦΑΛΑΡΙΣ
713 221 747 276 Β.
1049 221 1108 284 111

99 378 220 440 δίκαιοι
237 370 280 440 ἀν
296 384 411 461 εἴημεν
424 375 643 443 πιστεύεσθαι
658 374 721 462 ὑφ’
736 374 826 463 ῦμῦι
848 390 1107 470 μαρτυροῦντες,
1129 390 1132 397 ’

98 473 141 552 ὡς
163 473 283 543 ἀν’καλ
301 474 424 554 εἰδότες
444 477 498 543 καὶ
520 480 686 562 μηδεμίαν
711 483 818 545 αἰτίαν
844 487 904 547 τοῦ
921 481 1108 562 ψεύδεσθαι

97 580 163 639 νῦν
178 578 315 658 ἔχοντες.
342 579 372 641 εἰ
387 575 424 639 δὲ
439 578 492 639 δεῖ
505 575 560 641 καὶ
575 578 741 660 δεηθῆναι
756 573 841 659 ὑπὲρ
862 574 985 663 ἀνδρὸς
999 580 1108 666 μάτην

98 679 248 756 πονηροῦ
262 676 445 749 δοκοῦντος
458 674 513 739 καί
523 669 664 751 ἀκοντος
674 673 825 754 κολάζειν
839 671 1106 763 ἠναγκασμένου,

97 767 289 854 ἱκετεύομεν
301 765 387 853 ὑμεῖς
396 764 489 853 ἡμεῖς
500 772 535 835 οἰ
543 766 956 859 ἈκραγαντίνοιἝλληνές
967 800 1002 842 τε
1014 772 1108 855 ὄντες

98 870 151 936 καὶ
162 865 199 935 τό
213 865 351 953 ἀρχαῖον
360 876 511 952 Δωριεῖς,
524 871 710 953 προσέσθαι
722 868 782 938 τόν
793 869 900 957 ἀνδρα
911 879 1012 957 φίλον
1023 871 1107 941 εἰναι

98 968 257 1033 ἐθέλοντα
279 967 333 1033 καί
349 962 455 1032 πολλὰ
470 967 525 1033 καί
545 970 687 1056 δημοσίᾳ
705 971 760 1036 καί
775 974 842 1058 ἰδίᾳ
856 972 996 1038 ἕκαστον
1011 968 1107 1056 ὑμῶν

98 1056 137 1131 εῦ
149 1071 286 1148 ποιῆσαι
302 1061 510 1150 ὡρμημένον.
532 1064 650 1151 λάβετε
662 1057 727 1133 οὖν
739 1064 833 1134 αὐτοὶ
844 1066 905 1136 τὸν
915 1076 1041 1153 ταῦρον
1053 1071 1107 1136 καλ

97 1157 242 1227 ἀνάθετε
256 1161 311 1229 καὶ
326 1160 469 1241 εὔξασθε
486 1158 570 1247 ὑπέρ
585 1189 620 1229 τε
634 1170 692 1248 τῆς
710 1160 931 1251 Ἀκράγαντος
951 1169 1005 1235 καί
1021 1164 1105 1250 ὑπὲρ
1124 1190 1174 1243 201

96 1269 157 1328 τοῦ
175 1259 380 1345 Φαλάριδος,
403 1261 459 1327 καί
480 1261 561 1346 μήτε
576 1258 662 1347 ἡμᾶς
684 1258 875 1347 ἀπράκτους
893 1263 1107 1350 ἀποπέμψητε

97 1358 179 1444 κη’τε
194 1360 322 1425 ἐκεῖνον
333 1355 492 1445 ὑβρίσητε
503 1358 585 1444 μήτε
601 1355 662 1425 τόν
674 1357 759 1426 θεὸν
769 1357 1012 1448 ἀποστερήσητε
1023 1371 1106 1429 καλ-

96 1464 213 1523 λίστου
226 1483 260 1524 τε
274 1455 343 1543 ἀμα
356 1459 412 1525 καὶ
429 1456 644 1524 δικαιοτάτου
659 1454 886 1544 ἀναθήματος.

502 1681 707 1693 -ὺ

262 1879 546 1945 ΦΑΛΑΡΙΣ
585 1879 944 1947 ΔΕΥΤΕΡΟΣ.

182 2058 209 2119 1.
235 2051 321 2119 Οὔτε
332 2049 612 2139 Ἀκραγαντίνων,
626 2042 782 2135 ἀάνδρες
791 2057 931 2135 Δελφοί,
947 2050 1106 2135 πρόξενος

95 2147 145 2218 ἀν
174 2148 252 2217 ούτε
273 2149 434 2230 ἰδιόξενος
458 2148 564 2218 αὐτοῦ
583 2148 775 2233 Φαλάριδος
795 2145 868 2215 οὔτ’
891 2145 996 2233 ἀλλην
1022 2154 1106 2234 ἔχων

93 2248 179 2337 πρός
193 2246 336 2336 αύτόνῆ
358 2247 491 2328 εὐνοίας
512 2254 600 2317 ἰδίαν
619 2254 729 2316 αἰτίαν
746 2243 768 2334 ἢ
788 2246 972 2334 μελλούσης
993 2251 1106 2332 φιλίας

93 2352 228 2432 ἐλπίδα,
257 2355 324 2416 τῶν
345 2349 382 2416 δέ
402 2352 576 2435 πρέσβεων
597 2346 745 2426 ἀκούσας
765 2354 833 2414 τῦν
854 2342 1008 2433 ἡκόντων
1024 2344 1103 2432 παρ’

93 2446 203 2517 αὐτοῦ
218 2452 344 2533 ἐπιεικῆ
358 2448 413 2514 καί
428 2448 544 2533 μέτρια
556 2447 758 2533 διεξιόντων,
774 2449 830 2514 καὶ
841 2445 878 2515 τό
893 2445 1026 2535 εὐσεβὲς
1037 2444 1105 2533 ἀμα

93 2550 149 2616 καλ
164 2543 201 2614 τό
218 2552 314 2634 κοινῇ
332 2548 506 2632 συμφέρον
526 2546 741 2632 καλμάλιστα
763 2543 799 2613 τό
815 2554 963 2632 Δελφοῖς
978 2550 1106 2633 πρέπον

93 2643 333 2730 προορώμενος
354 2640 497 2728 ἀνέστην
516 2647 729 2728 παραινέσων
752 2641 832 2729 ὑμῖν
854 2644 936 2731 μήτε
959 2642 1107 2732 ὑβρίζειν

92 2742 203 2826 ἀνδρα
220 2740 390 2826 δυνάστην
407 2740 610 2829 εὐσεβοῦντα
625 2744 707 2829 μήτε
721 2740 881 2828 ἀνάθημα
897 2742 960 2829 ἤδη
974 2751 1019 2833 τῷ
1034 2750 1104 2831 θεῷ
1125 2773 1176 2825 202

93 2842 424 2926 καθωμολογημένον
439 2838 704 2926 ἀπαλλοτριοῦν,
727 2844 782 2907 καὶ
798 2846 902 2908 ταῦτα
915 2847 1019 2923 τριῶν
1040 2847 1107 2906 τῶν

92 2947 259 3025 μεγίστων
276 2935 458 3023 ὑπόμνημα
476 2945 521 3017 εἰς
535 2937 585 3006 ἀεὶ
599 2938 844 3024 γενησόμενον,
860 2942 975 3023 τέχνης
991 2944 1107 3006 καλλί-

93 3058 173 3122 στης
187 3037 242 3104 καί
261 3039 407 3113 ἐπινοίας
422 3042 576 3122 κακίστης
591 3038 647 3103 καλ
659 3040 787 3113 δικαίας
799 3035 973 3113 κολάσεως.
997 3043 1026 3103 2.
1042 3036 1105 3121 έγω

92 3137 156 3221 μὲν
177 3126 243 3201 οῦν
262 3134 317 3200 καὶ
337 3130 374 3198 τδ
396 3134 566 3201 ἐνδοιάσαι
596 3131 683 3219 ὑμᾶς
706 3131 791 3210 ὅλως
811 3136 886 3218 περὶ
906 3133 1029 3201 τούτου
1053 3136 1107 3201 καὶ

91 3228 173 3317 ἡμῖν
189 3240 370 3316 προθεῖναι
383 3228 445 3316 τὴν
460 3230 653 3316 διάσκεψιν,
676 3237 705 3299 εἰ
720 3228 780 3316 χρὴ
799 3232 953 3316 δέχεσθαι
967 3228 1002 3299 τό
1023 3229 1107 3300 ἀνά-

91 3339 187 3415 θημα
201 3324 223 3414 ἢ
237 3325 343 3395 ὀπίσω
358 3321 461 3407 αὖθις
476 3326 707 3415 ἀποπέμπειν,ΙΙ
718 3326 858 3396 ἀνόσιον
869 3328 932 3416 ἤδη
949 3328 1034 3398 εἰναι
1047 3358 1107 3399 νο-

91 3431 191 3513 μίζω,
214 3427 394 3511 μᾶλλονδὲ
415 3424 490 3494 οὐδ’
512 3424 704 3513 ὑπερβολὴν
721 3425 873 3516 ἀσεβείας
889 3425 1107 3497 ἀπολελοιπέ-
