2575 3842
177 181 239 242 206
538 177 829 238 AOYKIANOY

177 365 252 407 πνει
270 341 323 438 καὶ
340 339 544 447 ἐκάθευδε,
541 344 608 404 τών
625 337 850 405 ἐνοικούντων
866 346 953 407 θεοῦ
971 364 1045 405 τινα
1063 339 1186 423 9999-
1283 418 1284 425 .

177 449 271 491 νειαν
290 420 488 530 ἡγουμένων
510 420 546 488 τό
567 429 702 527 πρᾶγμα
719 427 778 487 καί
796 447 871 488 τινα
888 419 1022 526 άγαθὸυ
1043 424 1186 532 δαίμονα

177 509 428 609 εἰσεληλυθέναι
444 503 555 582 αὐτοῖς
567 506 663 581 είς
627 531 689 609 την
706 510 823 612 ρίκίαν
846 505 1010 611 παριόντα
1024 504 1115 571 δὲ’
1078 533 1111 572 αι
1124 502 1183 608 99-

174 591 355 698 τοπώλιδες
370 587 551 658 ἀνθεῖλκον
575 586 658 692 πρὸς
678 585 782 666 αὑτάς
805 590 934 696 ἑκάστη,
947 587 1085 698 9999999
1102 585 1183 690 παρ’

175 674 276 778 αὐτῆς
292 673 476 779 999999999
490 679 559 738 τών
552 670 702 782 άρτων,
719 674 881 739 καὶτοῦτο
899 671 1055 778 999999'999
1066 675 1186 778 ἑαυτῆς

174 755 194 842 9
215 756 484 862 δεδωκιγίαώετο.
508 753 644 861 καὶμὴν
662 758 716 822 καὶ
735 781 766 822 οι
759 755 931 834 παίδες’
915 760 1049 839 οπώρας
1063 760 1186 838 προσέ·

172 867 282 949 φερρυ
300 838 390 928 αὐτῷ
397 824 534 948 πατέρα
556 838 783 922 ὀνομάζοντες.
817 845 867 908 64.
886 841 1031 916 στάσεως
1054 842 1094 906 δέ
1106 863 1186 905 ποτε

172 924 333 1036 Ἀθήνησι
346 929 528 1026 999099'999
543 927 700 1007 εἰσῆλθεν
721 922 817 1000 είς
780 950 843 1026 την
851 927 1036 1028 ἐκκλησίαν
1047 923 1102 989 καὶ
1117 948 1186 1007 φα-

176 1011 243 1086 νεὶς
254 1010 360 1113 μόνον
375 1015 506 1074 σιωπᾶν
518 1004 726 1115 9909'9999’
684 1006 823 1112 999099·
846 1004 910 1073 ὁδέ
921 1003 1185 1111 ίδώνῆδημετε-

175 1091 346 1194 γνωμότας
361 1088 462 1157 οὐδὲν
479 1088 581 1158 είπώυ
596 1092 651 1156 καὶ
671 1086 775 1200 99999
785 1089 968 1176 άπηλλάγη.
1001 1095 1053 1158 65
1076 1114 1132 1156 οτε
1148 1095 1185 1192 δὲ

177 1195 324 1280 συνηκεν
335 1173 453 1242 ουκεθ
471 1169 540 1252 οἷος
551 1199 586 1240 τε
598 1199 647 1238 ων
657 1199 747 1240 αυτω
755 1177 969 1278 ἐπικουρεῖν,
986 1172 1090 1241 είπωυ
1101 1197 1184 1256 προς

177 1257 255 1337 τούς
266 1259 433 1363 παρόντας
449 1257 509 1326 τὸν
524 1257 727 1367 ἐναγώνιον
724 1264 792 1324 τών
808 1259 967 1344 κηρύκων
981 1258 1069 1325 πόδα

380 1341 483 1446 Λήγει
498 1342 593 1426 μέυ’
574 1338 667 1424 αγώυ
681 1347 749 1407 τών
765 1349 950 1409 καλλίστων

383 1423 500 1532 άθλωυ
516 1432 648 1532 ταμίας,
667 1422 782 1508 καιρός
796 1424 832 1492 δὲ
847 1433 943 1492 καλεί

385 1509 532 1613 μηκέτι
512 1511 666 1613 μέλλειν

176 1598 230 1706 9999
249 1593 386 1660 πάντων
406 1591 632 1694 αποσχόμενος
647 1589 778 1676 ἀπῆλθε
798 1618 859 1659 του
845 1599 956 1698 βίου
967 1589 1109 1679 φαιδρός
1129 1596 1186 1659 καί

109 1694 159 1748 396
179 1673 247 1753 οἷος
264 1674 315 1741 ἀεὶ
330 1689 397 1752 τοῖς
412 1674 683 1781 ἐντυγχάνουσιν
688 1678 852 1759 ἐφαίνετο.
873 1683 923 1744 66.
922 1674 1055 1787 ὀλίγον
1067 1677 1104 1744 δὲ
1118 1673 1184 1756 πρὸ

177 1767 234 1862 999
254 1765 407 1843 τελευτῆς
428 1759 589 1842 ἐρομένου
609 1758 716 1839 τινός,
743 1762 833 1866 Περὶ
846 1767 953 1864 99999
969 1786 999 1827 τι
994 1759 1184 1840 ’κελεύεις;

176 1841 236 1928 M9
255 1850 580 1927 πολυπραγμονεῖτε,
594 1847 676 1946 ἐφη·
700 1841 803 1949 9999
818 1842 911 1950 ὀδμή
919 1869 960 1929 με
973 1843 1087 1923 θαψει
1118 1869 1185 1926 φα-

176 1929 281 2030 μένρυ
296 1925 331 1992 δὲ
347 1928 493 2010 ἐκείνου,
513 1932 555 1992 Τί
565 1919 646 2007 ούν;
670 1925 731 1994 ούκ
743 1925 911 2032 9999999'
895 1931 1025 2030 ορυέοις
1041 1929 1095 1993 καὶ
1107 1928 1186 2029 κυσὶ

176 2009 284 2116 βοράν
296 2016 511 2112 μιροτεθῆναι
527 2010 726 2160 99999909999
748 2009 871 2095 ἀνδρὸς
890 2018 1001 2117 99993
1030 2013 1096 2078 Καὶ
1117 2007 1185 2112 999

178 2091 311 2162 ούδέν”
291 2118 432 2196 ατοπον,
444 2098 524 2178 ἔφη,
540 2100 654 2178 τούτο,
671 2118 686 2160 ε
688 2098 817 2179 ίμέλλω
827 2096 882 2161 καὶ
893 2092 1079 2162 ἀποθανών
1091 2094 1185 2180 ζώοις

178 2180 243 2246 τισὶ
255 2177 412 2285 χρήσιμος
426 2183 569 2244 ἔσεσθαι.
598 2181 648 2244 67.
666 2182 699 2244 oc
666 2180 824 2262 ομέυτοι
842 2175 1022 2281 Ἀθηναῖοι
1031 2179 1085 2244 καὶ
1100 2158 1185 2245 ἐθα-

178 2277 247 2342 ψαν
262 2260 365 2328 αύτόν
369 2265 520 2364 δημοσία
532 2267 790 2366 μεγαλοπρεπῶς
804 2262 859 2328 καὶ
873 2264 925 2329 ἐπί
940 2261 1027 2328 πολύ
1038 2264 1186 2364 ἐπένθη-

179 2366 242 2446 σαν
263 2348 317 2411 καί
344 2341 403 2409 τὸν
423 2352 534 2411 θᾶκον
553 2342 612 2409 τόν
632 2351 781 2447 λίθινον,
806 2343 859 2429 ἐφ’
883 2338 925 2456 99
950 2343 1097 2413 εἰώθει
1083 2345 1185 2412 οπότε

177 2429 298 2528 κάμνοι
317 2424 566 2530 99999999999‚
590 2428 827 2532 προσεκύνρυυ
847 2431 904 2496 καὶ
923 2429 1130 2532 ἐστεφάνουν
1152 2431 1186 2505 ἐς

177 2507 293 2615 τιμην
291 2516 351 2574 τοῦ
369 2505 529 2592 999999‘
512 2509 695 2594 ηγούμενοι
713 2509 808 2614 ίερδμ
823 2510 907 2578 εἶναι
923 2510 1028 2579 καί
994 2539 1054 2618 909
1071 2520 1184 2594 λίθον,

178 2589 231 2697 ἐφ’
252 2617 293 2658 ου
280 2585 495 2697 ἐκαθέζετο.
526 2595 578 2659 ἐπὶ
599 2591 720 2676 μὲν
682 2619 746 2678 γαρ
762 2593 824 2698 999
840 2594 990 2700 ἐκφοράν
1008 2594 1070 2663 ούκ
1093 2602 1185 2663 ἐστιν

178 2674 267 2752 ὅστις
280 2672 342 2741 ούκ
353 2672 536 2760 ἀπήντησε,
555 2679 609 2744 καὶ
622 2678 762 2782 μάλιστα
775 2686 841 2783 τών
853 2681 1082 2784 φιλοσόφων
1090 2671 1185 2746 οὗτοι

178 2761 289 2845 μέντοι
306 2756 492 2865 ὑποδύντες
503 2727 709 2844 ἐκόμιζου’
668 2759 772 2827 αυτόν
786 2762 860 2873 ἄχρι
872 2761 955 2846 πρὸς
968 2762 1029 2866 τόν
1042 2764 1171 2848 τάφον..

265 2849 377 2947 T99999
390 2841 485 2948 όλύγα
500 2845 591 2911 πάνυ
605 2847 641 2911 ἐκ
656 2848 826 2912 πολλων’
806 2848 1104 2951 απεμνημόνευσα,
1129 2846 1186 2913 καὶ

177 2923 300 2995 ἐστιν’
281 2923 346 3030 9999
359 2927 489 3030 τούτων
503 2943 571 3006 τοῖς
582 2925 851 3013 ἀναγινώσκουσι
866 2936 1056 3016 λογίζεσθαι
1071 2927 1186 3007 ὁποῖος

176 3007 335 3088 ἐκεῖνος’
317 3008 401 3096 ανὴρ
420 3014 560 3097 ἐγένετο.

577 3227 777 3238 .-...-...-...
