2575 3842
471 173 750 232 ΕΤΝΟΤΧΟΣ
1052 173 1113 237 183

106 323 156 398 ὧν
173 329 216 398 ἀν
231 357 278 410 τις
291 326 418 420 ήδέσθη
433 327 522 414 παρά
534 332 631 418 μέλος
642 358 673 397 τι
686 331 926 418 φθεγξάμενος,
950 329 1010 418 ούχ
1023 331 1113 413 ὅπως

105 433 138 508 ές
152 429 319 514 τοσαύτην
336 426 574 515 ἀναισχυντίαν
589 430 806 516 τραπόμενος.

189 535 334 596 ΠΑΜΦ.
360 525 497 596 Ούκοῦν
514 532 621 613 λέγοις
643 522 687 593 ἀν
706 526 769 613 ήδη
790 522 826 594 τδ
850 527 1034 613 κεφάλαιον
1055 539 1112 616 τῆς

106 632 216 712 δίκης,
233 624 277 704 ὡς
291 630 345 694 καὶ
360 623 460 704 αύτδς
476 629 597 709 εἰδείην
608 622 669 692 ὅτι
684 625 737 692 σοὶ
746 621 784 692 τδ
799 623 974 711 κεκινηκὸς
991 635 1041 712 είη
1052 625 1111 694 τὸν

106 733 268 793 τοσοῦτον
282 729 416 812 γέλωτα.

190 829 219 890 3.
236 829 338 890 AYK.
360 824 586 891 Συντέτακται
601 828 678 907 μέν,
701 815 916 909 ύΠάμφιλε,
939 821 983 902 ὡς
997 823 1107 910 οἶσθα,
1128 841 1180 894 ὃὸλ

106 925 141 988 ἐκ
155 922 314 1005 βασιλέως
328 919 521 1006 μισθοφορά
537 945 585 996 τις
600 916 641 985 ού
653 918 765 1005 φαύλη
776 917 859 986 κατὰ
874 923 955 1006 γένη
969 936 1037 999 τοῖς
1052 946 1111 1005 φι-
1155 981 1164 1005 ρ

16 1032 18 1038 ’
105 1018 281 1103 λοσόφοις,
301 1025 463 1096 Στωϊκοῖς
477 1020 562 1104 λέγω
576 1019 630 1084 καὶ
645 1023 872 1095 Πλατωνικοῖς
886 1021 941 1085 καὶ
958 1015 1112 1085 Ἐπικου-

106 1119 220 1199 ρείοις,
239 1119 285 1182 ἔτι
302 1117 338 1182 δὲ
352 1116 408 1183 καὶ
420 1129 487 1193 τοῖς
502 1118 538 1181 έκ
554 1122 615 1181 τού
629 1113 829 1199 περιπάτου,
852 1112 892 1182 τά
909 1124 964 1183 ἴσα
980 1114 1110 1192 τούτοις

4 1221 8 1228 ’
106 1209 237 1278 ἀπασιν.
268 1217 334 1280 ἔδει
352 1214 388 1280 δὲ
408 1209 641 1290 ἀποθανόντος
658 1209 769 1278 αὐτῶν
787 1237 877 1290 τινος
897 1211 1000 1280 ἀλλον
1017 1211 1109 1279 ἀντι-

105 1314 330 1377 καθίστασθαι
351 1312 597 1396 δοκιμασθέντα
616 1309 718 1399 ψήφῳ
735 1317 803 1377 τῶν
819 1308 972 1394 ἀρίστων.
1000 1307 1109 1378 καὶτὰ

105 1398 195 1474 ἀθλα
207 1403 248 1473 ού
258 1413 351 1493 βοείη
361 1433 410 1485 τις
419 1400 464 1494 ήν
475 1404 557 1474 κατά
566 1405 627 1474 τδν
635 1405 777 1493 ποιητήν
788 1405 867 1475 οὐδὲ
877 1407 1013 1494 ίερήῖον,
1026 1405 1109 1475 ἀλλά

106 1505 223 1592 μύριαι
241 1503 323 1572 κατά
338 1503 398 1572 τδν
415 1505 584 1591 ἐνιαυτόν,
608 1506 665 1591 ἐφ’
683 1502 749 1595 ὅτφ
762 1520 913 1572 συνεῖναι
928 1520 996 1583 τοῖς
1012 1507 1107 1582 νέοις.

187 1609 333 1671 ΠΑΜΦ.
358 1602 442 1672 Οἶδα
457 1611 577 1672 ταῦτα·
599 1609 657 1670 καί
669 1602 744 1671 τινά
763 1621 866 1689 φασιν
882 1600 993 1670 αὐτῶν
1010 1608 1110 1687 ἔναγ-

105 1725 161 1786 χος
176 1698 379 1783 ἀποθανεῖν,
396 1709 465 1768 τῶν
477 1707 751 1787 Περιπατητικῶν
766 1699 855 1786 οἶμαι
869 1699 930 1767 τὸν
944 1703 1068 1787 ἕτερον.
1125 1724 1176 1781 353

189 1805 289 1866 ΛΤΚ.
310 1797 421 1886 Αὕτη,
446 1792 473 1866 ἀ
490 1800 663 1886 Πάμφιλε,
685 1795 853 1884 ήἙλένή,
873 1795 958 1883 ὑπὲρ
975 1790 1015 1885 ής
1030 1802 1110 1884 ἐμο-

105 1896 275 1980 νομάχουν
295 1896 378 1982 πρὸς
400 1895 572 1983 ἀλλήλους.
606 1899 662 1963 καί
683 1895 757 1980 ἀχρι
776 1921 815 1980 γε
834 1893 956 1961 τούτου
976 1903 1108 1979 γελοῖον

106 1988 205 2058 οὐδέν
217 1984 260 2078 ήν
278 1994 415 2072 ἐκείνοις
432 1989 505 2080 ήτὸ
527 1994 735 2080 φιλοσόφους
749 1991 834 2059 εἶναι
850 1991 1039 2077 φάσκοντας
1053 1996 1108 2060 καὶ

104 2088 280 2175 χρημάτων
293 2105 517 2177 καταφρονεῖν
529 2097 639 2158 ἔπειτα
654 2088 738 2175 ὑπὲρ
749 2089 879 2157 τούτων
891 2086 935 2166 ὡς
945 2085 1031 2173 ὑπὲρ
1042 2114 1108 2155 πα-

103 2192 214 2274 τρίδος
234 2191 498 2277 κινδυνευούσης
519 2193 574 2258 καὶ
599 2194 699 2276 ίερῶν
720 2185 884 2276 πατρῴαν
909 2187 963 2253 καὶ
990 2187 1108 2273 τύφων

103 2295 315 2371 προγονικῶν
329 2286 558 2374 ἀγωνίζεσθαι.

188 2391 333 2454 ΠΑΜΦ.
355 2389 420 2454 Καὶ
440 2385 508 2473 μήν
523 2391 578 2454 καὶ
598 2384 635 2454 τὸ
653 2384 761 2472 δόγμα
781 2382 880 2451 τοῦτο’
894 2386 936 2468 γε’
953 2385 1021 2451 ἐστι
1040 2396 1109 2464 τοῖς

28 2500 40 2522 ·’
102 2490 390 2571 Περιπατητικοῖς,
413 2483 450 2553 τὸ
470 2485 514 2573 μή
533 2483 665 2572 σφόδρα
680 2494 905 2569 καταφρονεῖν
919 2481 1106 2568 χρημάτων,

103 2577 187 2648 ἀλλά
201 2587 312 2666 τρίτον
328 2607 360 2648 τι
374 2579 507 2667 ἀγαθὸν
521 2583 576 2650 καὶ
592 2587 691 2648 τοῦτο
706 2588 848 2648 οῖεσθαι.

187 2684 285 2745 AYK.
298 2676 426 2763 Ὀρθῶς
439 2683 552 2765 λέγεις.
577 2681 658 2766 φασὶ
668 2676 733 2763 γάρ
745 2669 809 2744 ούν
820 2673 939 2758 ταῦτα,
957 2679 1013 2745 καί
1022 2676 1105 2745 κατά
1124 2696 1176 2750 354

102 2773 142 2840 τά
155 2774 276 2860 πύτρια
288 2778 434 2862 ἐγίγνετο
447 2774 559 2856 αύτοῑς
570 2774 588 2843 δ
600 2776 752 2860 πόλεμος.
768 2779 799 2842 4.
813 2773 853 2842 τά
864 2771 946 2859 μετά
956 2782 1060 2842 ταῦτα
1071 2775 1107 2842 δὲ

102 2871 165 2959 ἤδη
180 2871 291 2942 ἀκονε.
315 2877 431 2942 πολλοὶ
445 2874 506 2961 μὲν
520 2872 584 2962 γάρ
599 2877 653 2941 καὶ
668 2872 762 2943 ἄλλοι
780 2869 841 2938 τὸν.
856 2871 1033 2957 ἐπιτάφιον
1046 2879 1107 2939 τοῦ

101 2966 335 3048 ἀποθανόντος
350 2973 479 3039 ἐκείνου
493 2969 708 3057 ἠγωνίζοντο·
739 2968 801 3035 δύο
817 2969 853 3034 δὲ
867 2967 1008 3052 μάλιστα
1021 2959 1108 3052 ἦσαν

101 3070 135 3134 οί
147 3063 349 3153 ἀμφήριστοι
366 3067 493 3155 αὐτῶν,
509 3075 656 3154 Διοκλής
669 3093 704 3133 τε
717 3065 734 3132 ὁ
749 3065 936 3151 πρεσβύτης
955 3064 1106 3134 -οἶσθα

100 3160 142 3230 δν
156 3164 260 3250 λέγω,
277 3163 337 3232 τὸν
355 3166 519 3253 ἐριστικόν
535 3209 572 3219 -
588 3166 643 3234 καὶ
656 3162 796 3250 Βαγώας
811 3160 828 3229 ὁ
848 3159 1008 3249 εὐνοῦχος
1022 3162 1107 3232 εἶναι

99 3356 161 3445 τήν
179 3363 351 3446 ἐμπειρίαν
367 3362 520 3450 ε’κύτερος
540 3369 608 3430 τῶν
629 3362 805 3450 δογμάταν
826 3363 1027 3431 ἐπεδέδεικτο
1050 3376 1106 3433 καί
