2575 3842
165 194 229 256 260
522 189 831 250 AOYKIANOY

166 361 248 440 φαίη
264 363 338 421 ίσον
356 350 460 418 αὐτόν
476 349 654 435 ὑπάρχειν,
678 344 756 414 οὐδὲ
774 347 880 425 οὕτως
896 347 1081 433 μεγαλωστὶ
1095 346 1179 430 ἔπη

165 472 272 520 νεσεν.
296 447 380 518 ἀλλά
395 457 462 515 ποῦ
476 447 512 515 τό
532 452 619 515 ἴδιον
633 454 695 512 τοῦ
705 450 844 512 ἐπαίνου
859 443 1079 524 ἀποτελεῖται;
1101 439 1178 528 ἢνὸ

165 548 259 616 κύων
272 555 318 638 τῷ
335 552 444 616 λέοντι
459 550 600 615 ἐοικέναι
617 551 750 632 λέγηται
765 548 819 612 καὶ
834 550 976 630 μέγεθος
991 547 1046 611 καὶ
1060 542 1178 628 ἀλκήν.

167 647 211 726 ὡς
228 646 245 714 ὁ
264 645 324 714 τόν
336 644 495 731 Ὠρίωνος
509 646 597 712 κύνα
609 646 757 711 ἐπαινῶν
770 652 834 730 ἔφη
849 643 986 730 ποιητὴς
998 645 1180 711 λεοντοδά-

167 773 233 832 μαν
256 745 376 813 αὐτόν·
409 737 507 821 οὗτος
527 740 592 829 γάρ
611 738 651 826 δὴ
668 741 772 820 κυνός
793 741 925 828 ἐντελὴς
946 749 1088 819 ἔπαινος.
1123 743 1180 808 καὶ

166 845 268 910 πάλιν
285 852 318 910 εί
328 869 377 920 τις
386 849 530 910 Μίλωνα
545 837 605 906 τόν
620 843 656 906 ἐκ
667 842 847 923 Κρότωνος
864 838 1053 929 ἢΓλαύκου
1070 838 1130 906 τόν
1142 843 1180 906 ἐκ

168 944 350 1029 Καρύστου
364 939 643 1027 ἢΠολυδάμαντα
655 943 825 1008 ἐπαινέσαι
839 944 952 1008 θέλων
963 946 1073 1006 ἔπειτα
1087 943 1179 1025 λέγοι

168 1042 386 1128 ἰσχυρότερον
403 1042 544 1106 ἕκαστον
561 1037 673 1105 αὐτῶν
689 1036 850 1123 γυναικός
865 1041 1040 1124 γενέσθαι,
1062 1035 1124 1102 οὐκ
1135 1033 1180 1102 ἀν

168 1149 230 1207 οίει
245 1145 453 1223 γελασθῆναι
473 1134 578 1203 αύτόυ
593 1137 643 1203 ἐπὶ
665 1144 705 1224 τῇ
725 1134 823 1225 ἀνοίᾳ
838 1144 900 1202 τοῦ
916 1139 1070 1213 ἐπαίνου;
1092 1133 1180 1199 ὅπου

168 1261 206 1321 γε
226 1237 280 1302 καλ
297 1240 327 1302 εί
344 1232 417 1312 ἑνὸς
435 1232 557 1318 ἀνδρὸς
577 1241 690 1319 ἐλεγεν
709 1231 835 1319 ἀμείνω
852 1233 936 1301 εἶναι
958 1233 1076 1315 αὐτόν,
1101 1231 1180 1298 οὐδὲ

168 1339 266 1399 τοῦτο
279 1330 464 1416 ἀπέχρησεν
476 1328 519 1397 ἀν
531 1338 577 1408 εἰς
588 1338 736 1399 ἔπαινον.
752 1331 836 1399 ἀλλά
848 1340 918 1410 πῶς
929 1333 1070 1419 ἐπῄνεσε
1081 1356 1180 1415 ποιη-

168 1426 225 1514 τὴς
241 1426 417 1512 εὐδόκιμος
427 1427 487 1495 τόν
498 1435 670 1513 Γλαύκου,
688 1429 766 1496 οὐδὲ
776 1431 1010 1506 Πολυδεύκεος
1022 1436 1100 1516 βίαν
1111 1429 1180 1512 φή-

169 1552 228 1606 σας
243 1527 482 1594 ἀνατείνασθαι
498 1523 542 1593 ἀυ
558 1525 649 1616 αύτῷ
667 1518 819 1607 ἐναντίας
832 1526 890 1607 κάς
906 1543 1016 1614 χεῖρας
1034 1524 1112 1594 οὐδὲ
1127 1545 1180 1592 σι-

169 1625 293 1709 δάρεον
310 1621 495 1709 Ἀλκμήνας
510 1627 620 1705 τέκος;
652 1622 733 1714 ὁρᾷς
748 1624 875 1704 ὁποίοις
898 1625 1003 1693 αὐτόν
1022 1635 1116 1701 θεοῖς
1132 1633 1176 1690 εί-

102 1735 152 1789 499
172 1742 268 1802 κασε;
297 1727 424 1805 μᾶλλον
446 1725 558 1790 δὲκαὶ
580 1720 692 1790 αὐτῶν
715 1727 852 1792 ἐκείνων
873 1723 999 1809 ἀμείνω
1019 1721 1175 1806 ἀπέφηνε

170 1822 225 1886 καί
242 1815 319 1886 ούτε
335 1817 435 1897 αύτός
450 1818 467 1887 ὁ
483 1829 634 1900 Γλαῦκος
651 1821 862 1909 ἠγανάκτησε
876 1839 943 1900 τοῖς
960 1823 1096 1908 ἐφόροις
1112 1828 1179 1887 τῶν

171 1915 330 2002 ἀθλητῶν
347 1928 440 1996 θεοῖς
456 1918 761 2006 ἀντεπαινούμενος
778 1922 856 1988 οὔτε
871 1925 991 1990 ἐκεῖνοι
1006 1920 1179 2008 ἠμύναντο

170 2011 192 2102 ἦ
213 2014 274 2082 τόν
288 2022 443 2084 Γλαῦκον
464 2015 485 2104 ἢ
505 2017 565 2087 τόν
587 2016 728 2104 ποιητὴν
750 2018 796 2096 ὡς
816 2018 1003 2107 ἀσεβοῦντα
1026 2023 1099 2102 περὶ
1121 2017 1180 2084 τόν

171 2121 326 2198 ἐπαινον,
349 2113 433 2182 ἀλλά
450 2115 651 2204 εὐδοκίμουν
668 2117 768 2202 ἀμφω
784 2121 837 2184 καί
852 2121 1008 2204 ἐτιμῶντο
1029 2114 1096 2184 ὑπὸ
1113 2123 1181 2182 τῶν

165 2211 350 2298 Ἑλλήνων,
374 2212 390 2278 ὁ
408 2213 469 2299 μὲν
486 2219 536 2282 ἐπὶ
553 2223 593 2303 τῇ
609 2214 694 2302 ἀλκῇ
711 2213 740 2300 [ὁ
755 2222 934 2301 Γλαῦκος],
959 2215 976 2283 ὁ
994 2218 1029 2284 δὲ
1045 2213 1182 2301 ποιητὴς

173 2315 228 2378 ἐπί
236 2338 271 2378 τε
286 2325 353 2388 τοῖς
365 2310 476 2389 ἀλλοις
491 2316 544 2379 καλ
557 2312 608 2379 ἐπ’
622 2313 712 2402 αὐτῷ
724 2315 829 2402 τούτῳ
841 2316 982 2400 μάλιστα
993 2323 1038 2404 τῷ
1050 2315 1180 2403 ᾄσματι.

172 2407 216 2493 μὴ
232 2407 272 2494 δὴ
284 2410 477 2496 θαυμάσῃς,
496 2417 526 2477 εί
539 2414 592 2478 καλ
608 2408 707 2488 αύτός
719 2413 846 2479 εἰκάσαι
858 2413 1079 2499 βουλόμενος,
1098 2411 1181 2497 ὅπερ

172 2499 216 2591 ἦν
233 2513 278 2595 τῷ
294 2507 487 2573 ἐπαινοῦντι
503 2506 703 2594 ἀναγκαίου,
722 2507 916 2600 ὑψηλοτέρῳ
932 2512 1121 2598 ἐχρησάμην
1136 2520 1182 2602 τῷ

172 2607 428 2688 παραδείγματι,
453 2614 551 2672 τοῦτο
570 2604 800 2693 ὑποβαλόντος
819 2611 1008 2695 τοῦλόγου.
1040 2617 1091 2678 20.
1113 2612 1182 2676 ἐπεὶ

173 2702 208 2770 δέ
223 2705 276 2769 καὶ
289 2709 461 2780 κολακείας
477 2704 706 2791 ἐπεμνήσθης,
725 2705 775 2774 ὅτι
790 2707 852 2792 μὲν
866 2712 921 2775 καὶ
933 2707 975 2776 σύ
988 2725 1092 2794 μισεῖς
1103 2707 1182 2785 τούς

172 2800 387 2884 κολακικούς,
405 2803 529 2869 ἐπαινῶ
540 2806 602 2888 μέν
613 2824 651 2870 σε
659 2856 667 2886 ,
687 2806 741 2871 καὶ
754 2803 816 2871 ούκ
829 2809 927 2892 ἐχρῆν
938 2805 1053 2884 άλλως.
1076 2809 1181 2874 ἐθέλω

172 2903 211 2969 δέ
223 2922 276 2967 σοι
292 2904 457 2982 διακρῖναι
475 2905 530 2968 καί
548 2907 690 2987 διορίσαι
713 2905 751 2970 τό
767 2930 801 2969 τε
817 2912 877 2970 τοῦ
894 2908 1111 2983 ἐπαινοῦντος
1127 2910 1182 2988 ἐρ-

171 3024 234 3086 γον
248 3001 302 3065 καὶ
318 2995 379 3083 τὴν
400 3005 460 3064 τοῦ
480 3000 621 3078 κόλακος
641 2999 842 3087 ὑπερβολήν.
875 3001 893 3070 ό
915 3003 977 3089 μὲν
997 2999 1060 3072 ούν
1081 3006 1181 3082 κόλαξ

172 3094 229 3162 ἀτε
246 3103 303 3181 τῆς
322 3101 433 3180 χρείας
449 3099 546 3164 ἕνεκα
567 3107 624 3184 τῆς
648 3103 768 3166 ἑαυτοῦ
785 3103 946 3188 ἐπαινῶν,
969 3102 1128 3190 ἀληθείας
1146 3106 1182 3170 δὲ

172 3193 287 3278 ὀλίγην
305 3194 504 3277 ποιούμενος
519 3194 581 3282 τὴν
597 3199 778 3283 πρόνοιαν,
802 3198 933 3267 ἅπαντα
948 3201 1182 3285 ὑπερεπαινεῖν

172 3302 272 3358 ολεται
295 3296 380 3376 δεῖν,
405 3295 665 3380 ἐπιψευδόμενος
686 3299 740 3365 καλ
760 3303 952 3383 προστιθεὶς
974 3301 1054 3384 παρ’
1076 3299 1182 3367 αὑτοῦ

172 3386 212 3454 τά
227 3396 345 3472 πλείω,
363 3386 406 3467 ἀς
420 3389 463 3475 μὴ
482 3387 524 3458 ἀν
541 3392 680 3479 ὀκνῆσαι
692 3399 746 3462 καὶ
761 3396 822 3462 τὸν
833 3405 997 3484 Θερσίτην
1010 3396 1182 3485 εύμορφό·
