2575 3842
404 227 523 284 ΠΕΡΙ
542 226 817 285 ΟΡΧΗΣΕΩΣ.
1056 226 1116 289 165

104 386 313 473 ὀρχηστικῶν
327 394 547 469 προσωπείων
562 392 703 470 σιωπῆς,
722 383 773 452 ότι
788 388 841 453 καὶ
856 378 939 473 αὐτη
952 395 1118 473 Πυθαγο-

39 492 43 497 ’
105 485 203 571 ρικόν
219 511 249 551 τι
265 484 372 569 δόγμα
390 488 574 551 αἰνίττεται.
604 487 654 550 71.
673 488 719 550 ἔτι
742 484 776 550 δὲ
791 491 858 549 τῶν
876 483 988 553 άλλων
1005 487 1118 573 ἐπιτη-

107 582 283 666 δευμάτων
308 587 376 647 τῶν
402 579 464 665 μὲν
491 576 527 646 τό
551 578 712 664 τερπνόν,
745 587 812 645 τάν
836 584 871 648 δὲ
893 579 929 647 τό
954 582 1117 668 χρήσιμον

106 678 402 765 ὑπισχνουμένων,
420 677 507 764 μόνη
518 676 538 762 ή
551 674 684 763 ὄρχησις
695 676 795 761 άμφω
811 684 891 762 ἔχει·
914 681 968 746 καὶ
980 679 1067 746 πολύ
1079 706 1117 767 γε

105 774 143 844 τό
155 776 318 863 χρήσιμον
330 774 596 862 ὠφελιμώτερον,
608 772 676 865 ὅσφ
687 772 767 860 μετά
777 783 838 843 τοῦ
848 785 994 863 τερπνοῦ
1004 784 1117 863 γίγνε-

105 900 168 941 ται.
202 873 294 965 πόσφ
314 873 379 961 γὰρ
400 884 498 943 τοῦτο
519 872 617 959 ήδιον
639 870 724 959 ὁρᾶν
744 869 766 958 ή
790 876 1016 954 πυκτεύοντας
1038 902 1118 943 νεα-

107 978 244 1049 νίσκους
260 974 314 1039 καὶ
329 975 441 1058 αἵματι
457 974 637 1055 ῥεομένους
654 971 709 1037 καί
723 978 924 1050 παλαίοντας
942 972 1062 1049 άλλονς
1080 974 1117 1039 ἐν

107 1069 219 1153 κόνει,
248 1066 307 1147 οὑς
327 1066 347 1154 ἡ
370 1067 502 1155 ὄρχησις
524 1067 684 1144 πολλάκις
706 1065 954 1154 ἀσφαλέστερον
975 1069 1042 1156 άμα
1063 1072 1119 1137 καὶ

107 1164 359 1252 εὐμορφότερον
382 1168 436 1233 καὶ
461 1165 684 1250 τερπνότερον
707 1168 937 1235 ἐπιδείκνυται.
972 1167 1035 1255 τήν
1056 1169 1116 1255 μὲν
1135 1188 1186 1249 ρυῑ

107 1258 172 1332 οὐν
193 1291 231 1351 γε
253 1265 419 1332 σύντονον
440 1272 573 1348 κίνησιν
595 1271 652 1350 τῆς
676 1262 871 1352 ὀρχηστικῆς
894 1269 949 1335 καὶ
970 1267 1117 1355 στροφάς

107 1358 210 1446 αὐτῆς
223 1364 277 1428 καὶ
291 1357 500 1446 περιαγωγάς
515 1362 569 1428 καὶ
579 1361 754 1446 πηδήματα
765 1365 821 1429 καλ
831 1360 1038 1451 ὑπτιασμοὺς
1049 1382 1117 1445 τοῖς

107 1461 169 1544 μὲν
180 1456 293 1535 ἄλλοις
303 1455 428 1543 τερπνά
441 1456 525 1525 εἶναι
536 1462 747 1546 συμβέβηκεν
759 1458 861 1545 ὁρῶσι
869 1513 877 1544 ,
896 1477 963 1541 τοῖς
976 1466 1010 1531 δὲ
1024 1468 1118 1549 ἐνερ-

108 1563 228 1641 γοῦσιν
240 1553 351 1633 αὐτοῖς
363 1554 590 1641 ὑγιεινότατα·
605 1566 801 1643 γυμνασίων
812 1558 877 1645 γάρ
889 1560 925 1627 τό
940 1563 1118 1630 κάλλιστόν

107 1679 142 1720 τε
164 1651 232 1737 ἅμα
252 1655 306 1720 καὶ
329 1651 584 1739 εὐρυθμότατον
600 1663 698 1723 τοῦτο
715 1664 819 1742 φαίην
839 1654 882 1725 άν
901 1666 1004 1747 έγωγε
1023 1661 1117 1747 εἶναι,

109 1752 275 1839 μαλάττον
287 1752 348 1837 μὲν
362 1750 399 1820 τό
412 1759 507 1838 σῶμα
520 1755 573 1821 καὶ
588 1754 738 1840 κάμπτον
750 1756 804 1821 καὶ
816 1764 977 1841 κουφίζον
991 1764 1044 1827 καὶ
1062 1758 1119 1825 εὐ-

110 1850 200 1936 χερὲς
216 1848 300 1916 εἶναι
316 1846 399 1935 πρός
410 1848 597 1936 μεταβολήν
614 1851 774 1919 διδάσκον
786 1854 882 1939 ἰσχύν
897 1881 931 1921 τε
943 1854 983 1923 οὐ
995 1856 1118 1943 μικράν

108 1956 308 2032 περιποιοῦν
328 1962 396 2026 τοῖς
413 1949 551 2035 σώμασι.
580 1952 629 2016 72.
655 1955 724 2026 πῶς
742 1943 805 2016 οὐν
823 1949 864 2016 οὐ
887 1954 1118 2037 παναρμόνιόν

111 2074 139 2113 τι
156 2052 263 2130 χρῆμα
278 2042 299 2129 η
315 2044 463 2132 ὄρχησις,
488 2046 645 2133 θήγουσα
661 2047 722 2131 μὲν
736 2044 798 2133 τήν
813 2048 939 2135 ψυχήν,
968 2048 1117 2117 άσκοῦσα

110 2144 213 2209 δὲκαὶ
228 2141 265 2209 τό
281 2150 391 2230 σῶμα,
410 2146 576 2229 τέρπουσα
590 2143 626 2209 δὲ
640 2141 719 2223 τούς
733 2142 896 2232 δρῶντας,
913 2148 1118 2215 διδάσκουσα

109 2243 145 2308 δὲ
162 2241 268 2329 πολλὰ
282 2249 349 2309 τῶν
361 2244 462 2310 πάλαι
478 2240 537 2309 ὑπ’
552 2239 665 2319 αὐλοίς
679 2244 734 2310 καὶ
749 2245 931 2331 κυμβάλοις
942 2248 996 2314 καλ
1008 2255 1118 2331 μελῶν

110 2337 348 2429 εὐρυθμίμκαὶ
365 2342 500 2428 κηλήσει
516 2342 572 2409 διά
588 2366 623 2408 τε
639 2338 827 2426 ὀφθαλμῶν
845 2347 898 2411 καὶ
916 2342 1033 2432 άκοῆς;
1056 2344 1114 2415 είτ’

110 2430 174 2503 οὐν
191 2446 304 2525 φωνῆς
328 2436 501 2525 εὐμοιρίαν
522 2445 640 2526 ζητεῖς,
665 2448 732 2509 ποῦ
753 2438 797 2509 άν
816 2441 978 2531 άλλαχόθι
996 2446 1117 2535 εὕροις,

108 2531 131 2619 ἢ
148 2550 245 2603 ποίου
261 2538 546 2622 πολυφωνότερον
569 2537 722 2625 άκουσμα
739 2536 759 2625 ή
776 2544 1013 2630 ἐμμελέστερον
1023 2566 1039 2627 3‘
1055 2556 1118 2614 είτε

111 2632 218 2702 αὐλοῦ
234 2637 289 2703 καὶ
302 2634 460 2721 σύριγγος
475 2635 512 2703 τό
528 2638 769 2723 λιγυρώτερον,
786 2638 859 2718 άλις
874 2644 927 2709 καὶ
941 2646 1070 2711 τούτων
1082 2649 1118 2713 έν

111 2730 244 2818 όρχήσει
260 2731 450 2803 ἀπολαῦσαί
462 2755 515 2802 σοι
530 2735 698 2819 πάρεστιν.
730 2738 773 2803 ἑοῦ
788 2740 897 2823 λέγειν
914 2738 957 2819 ὡς
973 2742 1118 2827 α’μείνων

110 2829 148 2900 τδ
169 2826 255 2917 ήθος
272 2830 399 2918 ὁμιλοῦν
419 2841 458 2922 τῆ
478 2833 616 2921 τοιαύτη
632 2835 696 2919 θέᾳ
713 2834 854 2923 γενήσῃ,
881 2835 963 2905 ὅταν
984 2837 1063 2928 ὁρᾷς
1081 2839 1117 2907 τό

110 2935 258 3016 θέατρον
274 2939 398 3016 μισοῦν
418 2934 480 3018 μὲν
496 2931 535 2999 τά
559 2938 668 3008 κακῶς
689 2932 887 3017 γιγνόμενα,
915 2938 1119 3022 ἐπιδακρῦον

111 3030 147 3097 δὲ
157 3043 226 3107 τοῖς
236 3026 484 3117 ἀδικουμένοις,
500 3032 554 3099 καλ
566 3029 650 3107 όλως
661 3029 700 3096 τά
712 3028 781 3115 ήθη
792 3039 859 3098 τῶν
872 3029 1030 3116 ὁρώντων
1041 3060 1120 3104 παι-

111 3134 298 3214 δαγωγοῦν.
323 3133 372 3196 73.
387 3127 407 3197 δ
422 3133 460 3197 δέ
469 3133 537 3197 ἐστι
549 3130 690 3215 μάλιστα
703 3129 754 3195 έπλ
765 3136 832 3194 τῶν
844 3126 1014 3217 ὀρχηστῶν
1026 3137 1121 3203 ἐται-

110 3227 220 3310 νέσαι,
240 3232 339 3293 τοῦτο
352 3225 415 3312 ήδη
427 3229 507 3310 έρτό·
530 3224 566 3293 τό
578 3225 643 3312 γάρ
656 3227 752 3312 ἰσχύν
763 3254 796 3295 τε
809 3226 876 3314 άμα
889 3233 943 3299 καὶ
954 3231 1119 3322 ὑγρότητα

111 3331 177 3391 τῶν
188 3331 299 3409 μελῶν
312 3324 517 3410 ἐπιτηδεύειν
529 3322 651 3411 ὁμοίως
662 3326 852 3411 παράδοξον
865 3327 952 3399 εἷναί
958 3357 1015 3418 μοι
1030 3338 1121 3403 δοκεί
