2575 3842
177 169 238 234 114
528 174 831 233 ΛΟΥΚΙΑΝΟΤ

176 324 375 416 δεξαμένους
402 332 438 397 δὲ
466 328 688 415 ἀπραγμόνως
713 328 907 398 ἀνατιθέναι
933 330 1180 417 ὑπηρετοῦντας

176 426 317 513 ἀμφοῖν,
341 430 395 494 καὶ
414 433 459 515 τῷ
482 433 553 515 θεῷ
573 430 628 493 καὶ
651 442 718 504 τοῖς
739 426 897 514 εὐσεβέσι.
932 434 980 497 10.
997 434 1122 497 δοκεῖτε
1144 434 1182 497 δέ

175 550 248 609 μοι,
271 516 298 591 ῶ
320 522 440 606 ἀνδρες
461 532 608 608 Δελφοί,
631 523 750 606 ἀριστα
772 526 998 611 βουλεύεσθαι
1015 532 1089 613 περὶ
1112 534 1180 593 τῶν

174 621 370 708 παρόντων,
395 628 425 690 εί
445 629 638 707 λογίσαισθε
660 629 793 707 πρῶτον
814 621 897 705 ὑπὲρ
920 622 1010 691 ὅσων
1031 626 1086 691 καὶ
1106 622 1181 709 ἡλί-

176 746 246 787 κων
262 722 350 787 ἐστὶν
364 716 385 806 ἡ
397 724 527 804 σκέψις,
546 721 755 804 πρῶτονμὲν
771 718 856 803 ὑπὲρ
875 728 934 787 τοῦ
951 727 1037 788 θεοῦ
1051 722 1105 787 καὶ
1119 726 1180 786 τοῦ

106 836 158 889 206
176 822 271 899 ίεροῦ
283 821 337 885 καὶ
352 826 483 885 θυσιῶν
497 820 549 885 καὶ
564 817 791 903 ἀναθημάτων
802 820 857 887 καὶ
868 820 958 885 ἐθῶν
970 816 1115 903 ἀρχαίων
1126 822 1180 885 καὶ

177 922 313 1001 θεσμῶν
323 923 474 983 παλαιῶν
485 917 539 981 καὶ
551 916 648 1000 δόξης
658 921 718 981 τοῦ
728 920 896 999 μαντείαν,
907 920 1017 983 ἔπειτα
1028 914 1111 997 ὑπὲρ
1123 922 1180 999 τῆς

175 1012 301 1090 πόλεως
317 1010 395 1098 ὅλης
416 1014 470 1080 καὶ
493 1020 559 1079 τῶν
580 1011 823 1098 συμφερόντων
837 1019 883 1101 τῷ
904 1039 939 1080 τε
960 1020 1062 1101 κοινῶ
1085 1010 1178 1099 ὑμῶν

175 1112 229 1177 καὶ
250 1114 317 1198 ι’δίηι
334 1111 460 1201 ἑκάστῳ
477 1117 641 1196 Δελφῶν,
667 1113 719 1179 ἐπὶ
735 1118 815 1176 πᾶσι
835 1114 870 1177 δὲ
893 1118 949 1196 τῆς
968 1107 1056 1195 παρά
1078 1116 1178 1176 πᾶσιν

175 1206 369 1290 ἀνθρώποις
382 1207 530 1286 εὐκλείας
544 1204 565 1293 ἦ
580 1212 788 1286 κακοδοξίας·
810 1206 939 1273 τούτων
950 1204 1014 1292 γάρ
1030 1204 1092 1273 οῦκ
1106 1204 1178 1273 οἶδα

176 1315 208 1371 εί
223 1331 254 1371 τι
277 1311 403 1390 μεῖζον,
429 1312 458 1371 εί
477 1317 697 1389 σωφρονεῖτε,
720 1298 741 1388 ἢ
763 1300 1023 1387 ἀναγκαιότερον
1041 1300 1180 1388 ἡγήσαι-

175 1412 238 1469 σθε
254 1400 305 1469 ἀν.

260 1504 308 1565 11.
330 1499 486 1583 Περλμὲν
497 1489 560 1564 οὑν
577 1490 625 1563 ῶν
639 1497 886 1583 βουλευόμεθα,
900 1498 1003 1564 ταῦτά
1020 1499 1119 1581 ἐστιν,
1137 1491 1180 1562 οῦ

175 1596 322 1680 Φάλαρις
344 1594 509 1680 τύραννος
530 1591 576 1673 εἷς
597 1593 675 1662 οῦδὲ
696 1602 817 1681 ταῦρος
843 1587 940 1673 οὗτος
961 1592 1039 1662 οὑδὲ
1059 1589 1180 1678 χαλκός

174 1694 297 1777 μόνον,
313 1688 396 1758 ἀλλά
412 1691 535 1770 πάντες
547 1699 692 1778 βασιλεῖς
706 1694 760 1759 καὶ
775 1692 896 1771 πάντες
911 1691 1087 1773 δυνάσται,
1105 1687 1179 1757 ὅσοι

174 1796 239 1855 νῦν
253 1794 396 1873 χρῶνται
412 1796 457 1877 τῷ
479 1794 575 1877 ίερῶ,
597 1790 653 1855 καὶ
667 1785 788 1873 χρυσὸς
808 1791 863 1855 καὶ
880 1786 1026 1873 ἀργυρος
1046 1787 1101 1853 καὶ
1117 1782 1179 1851 ὅσα

174 1884 257 1952 ἀλλα
267 1891 357 1970 τίμια
366 1884 472 1954 πολλά
482 1886 641 1963 πολλάκις
651 1884 924 1971 ἀνατεθησόμενα
935 1892 979 1973 τῷ
988 1891 1060 1973 θεῷ
1067 1911 1073 1924 ·
1086 1889 1179 1967 πρῶ-

173 2009 232 2050 τον
246 1986 308 2069 μὲν
322 1982 386 2069 γὰρ
399 1982 435 2052 τὸ
448 1982 531 2051 κατὰ
543 1982 602 2051 τόν
615 1981 700 2051 θεὸν
712 1985 926 2067 ἐξετασθῆναι
941 1980 1043 2061 ἀξιον.
1067 1984 1116 2048 12.
1129 1986 1179 2046 τί-

174 2108 232 2160 νος
246 2073 309 2149 οάν
322 2082 421 2149 ἕνεκα
432 2080 476 2169 μη
491 2081 535 2160 ῶς
547 2080 597 2150 ἀεὶ
608 2084 691 2167 μηδὲ
707 2076 749 2158 ῶς
764 2082 865 2148 πάλαι
876 2077 916 2147 τά
928 2083 1003 2162 περὶ
1014 2086 1081 2145 τῶν
1096 2075 1180 2145 ἀνα-

173 2181 544 2267 θημάτωνποιήσομεν;
558 2176 579 2265 ἦ
593 2187 626 2247 τί
633 2180 841 2266 μεμφόμενοι
851 2194 917 2258 τοῖς
927 2189 1077 2257 παλαιοῖς
1087 2185 1180 2245 ἔθεσι

173 2276 474 2362 καινοτομήσομενς
497 2278 551 2343 καὶ
566 2274 585 2343 δ
598 2279 681 2362 μηδὲ
699 2278 847 2365 πῶποτε,
865 2276 925 2364 ἀφ’
943 2270 986 2345 οὑ
1002 2275 1064 2363 τὴν
1079 2276 1179 2343 πόλιν

174 2382 331 2459 οἰκοῦμεν
348 2377 403 2441 καὶ
418 2372 435 2439 ὁ
453 2375 585 2452 Πύθιος
598 2384 661 2465 χρᾷ
676 2378 730 2444 καὶ
745 2374 762 2443 ὑ
776 2383 912 2459 τρίπους
928 2378 1110 2463 φθέγγεται
1123 2375 1179 2441 καὶ

105 2494 154 2547 207
174 2470 311 2556 ἡίέρεια
326 2473 512 2557 ἐμπνεῖται,
533 2477 707 2559 γεγένηται
720 2472 800 2556 παρ’
817 2472 912 2559 ἡμῖν,
933 2481 998 2540 νῦν
1015 2493 1179 2557 καταστη-

172 2569 318 2655 σόμεθα,
342 2579 519 2651 κρινεσθαι
540 2574 594 2637 καὶ
615 2572 821 2652 ἐξετάζεσθαι
842 2570 920 2652 τοὺς
943 2571 1177 2651 ἀνατιθένταςς

173 2672 227 2735 καὶ
242 2666 310 2753 μὴν
325 2670 357 2749 ἐξ
377 2670 507 2736 ἐκείνου
523 2671 585 2755 μὲν
599 2677 659 2739 τοῦ
677 2679 821 2738 παλαιοῦ
835 2676 953 2755 ἔθους,
979 2677 1038 2737 τοῦ
1053 2666 1177 2753 ἀνέδην

173 2767 228 2833 καὶ
244 2773 346 2833 πᾶσιν
368 2768 504 2850 ἐξεῖναι,
527 2766 624 2851 ὁρᾶτε
639 2767 729 2835 ὅσων
747 2767 886 2855 ἀγαθῶν
903 2772 1123 2855 ἐμπέπλησται
1138 2764 1176 2833 τὸ

172 2865 282 2950 ίερόν,
299 2861 458 2932 ἀπάντων
474 2863 702 2933 ἀνατιθέντων
714 2869 767 2934 καί
784 2865 868 2951 ὑπὲρ
883 2865 945 2953 τὴν
960 2866 1178 2952 ὑπάρχουσαν

173 2964 319 3049 δύναμιν
333 2967 432 3031 ἐνίων
443 2966 666 3050 δωρουμένων
678 2962 737 3031 τόν
750 2965 845 3032 θεόν.
864 2970 913 3033 13.
927 2970 958 3032 εί
971 2964 1003 3030 δ’
1015 2962 1101 3050 ὑμᾶς
1114 2959 1178 3029 αῦ-

172 3060 250 3140 τοὺς
272 3058 471 3147 δοκιμαστάς
488 3064 541 3130 καλ
560 3060 730 3141 ἐξεταστάς
752 3061 939 3147 ἐπιστήσετε
959 3074 1026 3139 τοῖς
1045 3058 1178 3145 ἀναθή-

170 3180 288 3244 μασιν,
316 3157 405 3228 ὀκνῶ
426 3158 470 3244 μὴ
495 3158 716 3246 ἀπορήσωμεν
736 3166 803 3226 τῶν
825 3160 1177 3245 δοκιμασθησομένων,

172 3267 217 3325 ἔτι
237 3256 377 3335 οὑδενός
399 3256 626 3343 ὑπομένοντος
647 3256 811 3326 ὑπόδικον
835 3255 940 3325 αὑτόν
964 3256 1176 3337 καθιστάναι,

170 3359 225 3422 καλ
240 3354 462 3424 ἀναλίσκοντα
482 3360 535 3424 καλ
558 3362 842 3424 καταδαπανῶντα
858 3352 937 3439 παρ’
955 3353 1077 3439 αὑτοῦ,
1101 3360 1177 3436 κρί·
