2575 3842
180 157 223 222 20
532 153 842 218 AOYKIANOY

180 314 271 385 λεῖόν
286 318 384 383 ἐστιν,
409 312 493 382 ὥστε
508 311 676 395 οἰκοδόμει
693 337 723 378 τι
736 310 800 396 ἤδη
813 315 869 379 καὶ
883 309 998 398 αὑτός,
1020 311 1062 390 ὡς
1079 313 1190 396 δείξης

181 410 243 481 οὑκ
260 410 441 493 ἀνατρέψαι
458 407 616 495 μόνοντὰ
633 415 701 474 τῶν
715 407 827 475 άλλων
844 410 1007 494 γεννάδας
1023 407 1087 493 όόν,
1101 405 1188 474 άλλά

180 537 211 577 τι
228 513 282 577 καὶ
299 504 398 585 αὐτός
410 510 582 592 ἐπινοῆσαι
598 503 707 583 δεξιόν
721 508 775 572 καί
790 502 810 572 δ
824 503 932 584 οὐδεὶς
946 505 1006 591 άν,
1022 503 1096 573 ἀλλ’
1109 499 1186 571 οὐδ’

181 607 337 690 ὁΜάμος
348 604 571 691 μωμήσασθαι
583 602 730 669 δύναιτο.
753 607 803 670 34.
821 605 904 689 φημὶ
915 610 1030 670 τοίνυν
1042 599 1101 668 τόν
1112 598 1188 685 άρι-

132 717 165 772 45
183 728 243 774 στα
258 709 407 788 ἱστορίαν
419 699 657 784 συγγράφοντα
668 700 730 766 δύο
745 703 807 785 μὲν
822 707 924 767 ταῦτα
938 699 1187 785 κορυφαιότατα

182 811 320 873 οἴκοθεν
331 805 446 884 ἔχοντα
457 796 569 882 ἥκειν,
584 796 721 864 σύνεσίν
734 823 769 864 τε
784 795 957 882 πολιτικὴν
970 801 1025 864 καί
1041 795 1188 878 δύναμιν

182 897 441 988 ἑρμηνευτικήν,
457 892 519 981 τῆν
535 896 597 980 μὲν
609 892 788 961 ἀδίδακτόν
803 922 834 962 τι
847 902 905 980 τῆς
919 893 1051 979 φύσεως
1064 897 1186 975 δωρον,

181 998 200 1086 ῆ
219 1000 358 1082 δύναμις
374 995 409 1062 δὲ
420 1000 525 1080 πολλῆ
542 999 580 1080 τῆ
596 989 733 1077 ἀσκήσει
748 996 802 1060 καὶ
817 1007 950 1076 συνεχεῖ
960 997 1006 1079 τῷ
1022 990 1115 1079 πόνφ
1132 990 1187 1055 καὶ

182 1097 266 1185 ζήλῳ
280 1101 347 1160 τῶν
361 1090 506 1176 άρχαίων
516 1096 806 1176 προσγεγενημένη
820 1097 910 1158 ἔστω.
933 1097 1036 1159 ταῦτα
1050 1091 1111 1175 μὲν
1123 1079 1187 1153 οὑν

182 1194 300 1276 ἄτεχνα
312 1192 366 1258 καλ
378 1187 476 1256 οὐδέν
488 1191 569 1273 ἐμοῦ
580 1189 776 1273 συμβούλου
788 1189 945 1274 δεόμενα·
961 1185 1003 1254 ού
1011 1185 1074 1272 γάρ
1087 1205 1186 1252 συνε-

182 1287 260 1368 τοὺς
277 1289 330 1354 καὶ
343 1286 427 1366 ὀξεῖς
441 1283 643 1371 ἀποφαίνειν
656 1282 735 1362 τοὺς
745 1283 790 1376 μῆ
801 1283 890 1368 παρά
906 1292 961 1369 τῆς
972 1283 1106 1369 φύσεως
1115 1306 1186 1348 τοι-

184 1387 304 1463 ούτους
321 1386 401 1468 φησί
421 1390 519 1449 τοῦτο
541 1379 620 1467 ἡμῖν
640 1379 676 1448 τό
699 1389 844 1469 βιβλίον·
878 1383 947 1449 ἐπεὶ
967 1387 1093 1448 πολλοῦ
1110 1377 1186 1462 [άν],

183 1491 310 1571 μᾶλλον
322 1482 357 1548 δέ
369 1487 429 1546 τοῦ
444 1476 567 1556 παντὸς
581 1471 625 1565 ῆν
636 1478 746 1563 άξιον,
763 1485 792 1547 εί
804 1479 1007 1565 μεταπλάσαι
1022 1480 1077 1545 καὶ
1087 1502 1186 1561 μετα-

183 1587 347 1666 κοσμῆσαι
364 1574 402 1643 τά
420 1581 598 1660 τηλικαῦτα
614 1573 799 1662 ῆδύνατοῆ
820 1580 855 1644 έκ
871 1578 1044 1664 μολύβδου
1059 1571 1186 1660 χρυσόν

184 1677 356 1763 άποφῆναι
371 1671 392 1760 ῆ
406 1672 558 1759 άργυρον
573 1674 609 1740 ἐκ
627 1676 824 1757 κασσιτέρου
837 1669 859 1759 ἦ
873 1671 938 1740 άπὸ
950 1674 1111 1749 Κόνωνος
1130 1676 1188 1736 Τί-

183 1799 308 1861 τορμον
325 1768 346 1857 ῆ
362 1769 425 1837 άπὸ
440 1774 677 1855 Λεωτροφίδου
691 1776 835 1838 Μίλωνα
850 1771 1100 1856 ἐξεργάσασθαι.

135 1887 169 1944 46
271 1875 321 1936 35.
342 1867 436 1937 Ἀλλά
454 1875 521 1935 ποῦ
541 1866 577 1934 τό
595 1875 653 1952 τῆς
669 1869 783 1953 τέχνης
800 1872 854 1936 καλ
869 1868 905 1936 τό
922 1876 980 1954 τῆς
996 1871 1187 1955 συμβουλῆς

184 1969 362 2056 χρῆσιμον;
378 1963 440 2034 οὐκ
453 1968 485 2044 ἐς
496 1972 630 2051 ποίησιν
642 1973 710 2032 τῶν
721 1967 927 2053 προσόντων,
942 1964 1014 2035 ἀλλ’
1029 1969 1061 2044 ές
1070 1971 1187 2050 χρῆσιν

185 2065 295 2134 αὐτῶν
312 2062 373 2150 τῆν
388 2063 640 2149 προσήκουσαν·
668 2059 740 2131 οἶόν
759 2091 791 2130 τι
811 2062 923 2150 άμέλει
939 2065 994 2131 καὶ
1007 2064 1114 2139 Ἴκκος
1133 2064 1188 2128 καλ

178 2163 353 2250 Ἡρόδικος
364 2165 417 2230 καί
428 2164 522 2229 Θέων
536 2163 590 2228 καί
602 2170 635 2228 εί
644 2188 693 2238 τις
704 2159 803 2240 άλλος
813 2161 1013 2248 γυμναστής,
1031 2158 1091 2246 οὐχ
1102 2157 1186 2227 ὑπό-

136 2276 170 2332 47
188 2284 318 2347 σχοιντο
332 2258 374 2325 άν
390 2265 445 2326 σοί
452 2283 519 2324 που
529 2257 588 2325 τόν
598 2263 789 2343 Περδίκκαν
800 2261 1045 2347 παραλαβόντες
1055 2298 1099 2309 -
1111 2265 1140 2326 εί
1147 2257 1187 2344 δῆ

186 2353 285 2435 οὗτός
300 2360 390 2425 ἐστιν
404 2354 421 2423 ὑ
437 2364 494 2441 τῆς
504 2363 665 2441 μητρυιᾶς
676 2359 828 2442 ἐρασθεὶς
842 2361 896 2425 καί
910 2356 965 2426 διά
975 2367 1079 2426 ταῦτα
1092 2382 1189 2424 κατε-

186 2454 353 2542 σκληκώς,
369 2450 452 2522 άλλά
463 2450 507 2539 μῆ
522 2451 684 2539 Ἀντίογος
699 2453 717 2521 ὁ
733 2465 794 2522 τοῦ
805 2458 977 2525 Σελεύκου
993 2462 1189 2542 [Στρατονί-

186 2583 245 2640 κης
261 2557 397 2637 ἐκείνης]
414 2593 456 2603 -
471 2550 672 2638 ἀποφαίνειν
689 2551 944 2641 Ὀλυμπιονίκην
964 2556 1018 2622 καί
1032 2556 1190 2640 Θεαγένει

136 2667 172 2721 48
188 2661 232 2744 τῷ
249 2658 360 2740 Θασίῳ
381 2646 402 2736 ῆ
421 2651 659 2735 Πολυδάμαντι
677 2660 722 2741 τῷ
739 2661 975 2743 Σκοτουσσαίῳ
997 2650 1189 2737 ἀντίπαλον,

187 2750 269 2822 ἀλλὰ
286 2749 347 2836 τῆν
364 2754 524 2817 δοθεῖσαν
539 2747 705 2817 ὑπόθεσιν
723 2749 832 2836 εὐφυᾶ
852 2749 936 2837 πρὸς
949 2748 1119 2837 ὑποδοχῆν
1134 2758 1191 2837 τῆς
1267 2771 1272 2776 ’

186 2856 411 2940 γυμναστικῆς
434 2845 523 2932 παρά
548 2845 634 2915 πολὺ
656 2845 781 2934 άμείνω
810 2847 1009 2935 άποφαίνειν
1032 2848 1112 2935 μετά
1133 2857 1191 2935 τῆς

187 2955 308 3036 τέχνης.
335 2946 418 3016 ὥστε
434 2943 563 3014 ἀπέστω
581 2948 636 3012 καλ
655 2944 749 3032 ἡμῶν
763 2944 799 3014 τό
819 2950 1008 3033 ἐπίφθονον
1021 2955 1120 3015 τοῦτο
1134 2955 1192 3033 τῆς

187 3047 410 3133 ὑποσχέσεως,
434 3052 464 3113 εί
477 3045 594 3130 τέχνην
612 3043 722 3130 φαμὲν
743 3043 798 3130 ἐφ’
813 3043 901 3114 οὕτω
916 3047 1048 3136 μεγάλῳ
1064 3047 1118 3114 καὶ
1133 3071 1192 3130 χα-

186 3151 275 3232 λεπῷ
296 3150 342 3232 τῷ
359 3142 527 3228 πράγματι
544 3137 735 3226 εὑρηκέναι·
766 3140 807 3209 ού
827 3141 891 3227 γάρ
907 3142 1065 3211 ὁντινοῦν
1083 3169 1190 3229 παρα-

186 3243 344 3329 λαβόντες
359 3239 561 3326 άτοφαίνειν
577 3243 773 3327 συγγραφέα
790 3243 917 3328 φαμέν,
933 3239 1017 3310 άλλά
1032 3251 1077 3332 τῷ
1093 3243 1190 3328 φύσει

187 3347 315 3427 συνετῷ
336 3341 390 3406 καί
416 3338 533 3424 άριστα
556 3337 640 3425 πρός
661 3339 783 3424 λόγους
805 3338 980 3432 ῆσκημένφ
1005 3339 1194 3422 ὑποδείξειν
