2575 3842
220 201 283 263 412
578 201 881 258 AOYKIANOI’

220 359 378 443 Σκύθας,
396 362 635 442 πλανωμένους
647 359 699 423 ἐπὶ
711 363 779 423 τάν
790 354 926 442 άμαξῦν
936 350 979 443 ἦν
991 363 1099 426 ἰδεῖν
1128 362 1248 446 μικρδι

221 459 256 523 δὲ
270 459 439 532 ἐπικλίνας
455 453 514 521 τὸν
529 450 712 539 ὀφθαλμὸν
728 454 781 519 ἐπὶ
794 455 922 536 θάτερα
936 454 1015 533 τούς
1029 463 1248 543 Αἰγυπτίους

220 561 453 641 γεωργοῦντας
465 554 663 639 ἐπέβλεπον,
678 552 733 616 καὶ
745 548 763 616 6
774 556 890 629 Φοῖνιξ
902 554 938 618 δὲ
950 554 1192 635 ἐνεπορεύετο
1204 559 1246 623 κά

221 648 238 717 6
255 655 350 729 Κίλιξ
367 650 521 738 ἐλῄστευε
537 651 591 716 καὶ
611 646 629 715 6
647 650 770 715 Λάκων
793 650 1009 734 ἐμαστιγοῦτο
1027 653 1088 718 καὶ
1106 649 1130 720 6
1149 651 1245 739 Ἀθη

220 762 314 826 ναϊος
325 747 501 828 ἐδικάζετο.
526 750 576 814 17.
595 743 757 812 ἁπάντων
768 744 899 812 τούτων
913 743 978 813 ὑπὸ
995 744 1056 813 τδν
1069 746 1192 817 αὐτὸν
1203 781 1244 837 γι-

152 867 203 924 ⁷72
221 849 374 933 νομένων
383 844 509 932 χρόνον
519 844 589 928 ὥρα
600 863 652 911 σοι
661 842 725 931 ἤδη
735 845 881 912 ἐπινοεῖν
891 841 1005 922 ὁποῖός
1014 845 1093 923 τιςὸ
1104 847 1244 915 κυκεάι

222 937 322 1022 ούτος
338 947 502 1029 ἐφαίνετο.
531 941 642 1027 ὥσπερ
659 938 703 1008 άν
719 952 753 1008 εί
769 968 819 1020 τις
841 943 1151 1027 παραστησάμενος
1166 955 1242 1012 πολ-

220 1040 310 1120 λοῦς’
315 1042 486 1128 χορευτάς,
502 1049 631 1128 μᾶλλον
646 1040 682 1108 δὲ
696 1037 842 1118 πολλοῦς
855 1042 986 1126 χορούς,
1003 1047 1123 1108 ἔπειτα
1136 1066 1240 1126 προσ

220 1141 326 1219 τάξειε
341 1146 410 1207 τιῦυ
425 1137 580 1228 ᾀδόντων
595 1138 722 1229 ἑκάστῳ
736 1135 799 1223 τὴν
814 1142 984 1226 συνῳδίαν
998 1135 1135 1222 ἀφέντα
1156 1147 1239 1208 ἴδιον
1260 1138 1261 1145 ¹

221 1235 314 1326 ᾄδειν
336 1239 450 1323 μέλος,
475 1238 761 1323 φιλοτιμουμένου
782 1237 818 1303 δὲ
841 1237 982 1304 ἑκάστου
1005 1238 1061 1304 καὶ
1084 1236 1125 1304 τό
1154 1244 1238 1308 ίδιον

221 1341 439 1420 περαίνοντος
455 1338 509 1402 και
525 1333 585 1402 τόν
606 1340 749 1420 πλησίον
764 1331 1012 1420 ὑπερβαλέσθαι
1033 1341 1075 1421 τῇ
1090 1346 1238 1421 μεγαλο-

221 1440 322 1522 φωνί
310 1461 330 1499 α
346 1424 697 1520 προθυμουμένου,
674 1458 739 1518 αρα
753 1435 886 1521 ἐνθυμῇ
905 1429 989 1518 πρὸς
1004 1431 1090 1510 Διὸς
1107 1437 1224 1501 οἶμ’
1187 1462 1234 1520 γε·

220 1527 306 1596 νοιτ’
324 1526 368 1596 δυ
383 1557 403 1616 η
391 1528 506 1621 6663

304 1635 450 1695 ETAIP.
473 1629 711 1714 Παντάπασιν,
734 1657 760 1696 ω
748 1623 946 1714 Μένιππε,
966 1634 1171 1714 παγγέλοιος
1186 1635 1232 1700 καὶ

219 1727 453 1810 τεταραγμένη.

307 1830 419 1891 ΜΕΝ.
441 1826 507 1893 Καὶ
522 1828 606 1912 μην,
623 1819 650 1893 6
665 1829 788 1911 ἑταῖρε,
803 1834 949 1894 τοιοῦτοι
963 1827 1087 1906 πάντες
1102 1831 1191 1897 είσὶν
1206 1834 1234 1896 οἱ

220 1925 272 1989 ἐπὶ
283 1928 343 2008 γῆς
352 1925 505 2008 χορευταὶ
515 1921 578 1990 κάκ
589 1923 743 2010 τοιαύτης
753 1921 1082 2010 άναρμοστίαςὸτῦν
1093 1922 1232 2012 άνθρά-

220 2046 294 2087 πων
309 2027 381 2109 βίος
402 2024 635 2106 συντέτακται,
658 2019 699 2088 06
714 2022 822 2108 μόνον
838 2019 955 2112 άπῳδά
975 2025 1231 2148 φθεγγομένων,

220 2117 303 2188 άλλά
316 2117 403 2186 ταδ’
384 2127 555 2205 ανομοίων
565 2117 605 2185 τά
619 2120 768 2205 σχήματα
782 2118 885 2186 κάλ’
847 2127 1005 2187 ταναντίοι
1019 2125 1232 2207 κινουμένων

219 2223 274 2288 καὶ
289 2215 411 2334 ταύτόν
427 2215 527 2286 οὐδέν
542 2215 835 2304 ἐπινοούντων,”
813 2244 890 2304 αχρι
904 2215 948 2286 άν
964 2217 1077 2286 αὐτῶν
1091 2221 1231 2288 ἕκαστον

219 2315 237 2383 6
260 2312 401 2402 χορηγός
421 2312 573 2402 άπελάση
594 2321 653 2400 τῆς
671 2322 796 2402 σκηνῆς
819 2312 930 2382 ούκέτι
953 2320 1086 2383 δεισθαι
1108 2312 1261 2400 λέγων

218 2412 424 2481 τούντεῦθεν
439 2411 509 2479 δέ”
490 2438 599 2498 ομοιοι
614 2413 737 2492 πάντες
750 2411 812 2499 ἤδη
825 2421 1030 2499 σιωπωντες,
1045 2412 1207 2482 ούκέτι
1171 2443 1229 2501 την

219 2518 368 2597 συμμιγῆ
385 2514 517 2595 ἐκείνην
533 2509 628 2578 καί”
608 2537 751 2578 ατακτον
772 2509 863 2603 ᾠδὴν
880 2509 1074 2602 άπάδοντες.
1104 2512 1179 2582 ἀλλ’
1197 2520 1261 2581 ἐν

151 2625 201 2680 773
221 2605 309 2697 αύτῳ
331 2634 369 2692 γε
392 2615 530 2696 ποικίλῳ
552 2611 607 2674 καὶ
629 2613 802 2677 πολυειδει
816 2617 862 2699 τῷ
883 2611 1018 2701 θεάτρῳ
1036 2611 1146 2677 πάντα
1170 2611 1226 2697 μὲν

217 2675 330 2792 γελόῖα
353 2699 566 2792 δηπουθεν
543 2732 587 2791 ην
604 2703 644 2772 τά
665 2707 864 2794 γιγνόμενα·
896 2713 946 2778 18.
965 2709 1107 2795 μάλιστα
1125 2708 1225 2776 δδ”
1178 2736 1214 2778 επ
1260 2790 1261 2795 ¹

219 2808 289 2872 ἐκεί
274 2811 357 2884 ίνοις
372 2805 464 2894 ἐπῄει
480 2829 538 2890 μοι
553 2811 656 2889 γελάν
673 2820 741 2884 τοῖς
752 2809 884 2889 περὶ”
841 2833 902 2892 γης
917 2805 1008 2892 ὅρων
1023 2809 1164 2893 ἐρίζουσι
1176 2811 1224 2874 καὶ
1260 2802 1261 2927 6

217 2915 285 2980 τοῖς
300 2904 383 2989 μέγα
398 2909 588 2989 φρονοῦσιν
602 2904 656 2971 ἐπὶ
671 2928 716 2991 τφ
734 2929 771 2969 το
760 2901 978 2971 Σικυάνιον
993 2909 1109 2972 πεδίον
1123 2930 1224 2991 γεωρ-
1260 2912 1261 2975 3

217 3015 290 3086 γείν
303 2996 325 3086 ἢ
337 3009 557 3089 Μαραθῶνος
571 3006 657 3088 ἔχειν
667 3001 707 3068 τά
724 3005 800 3088 περὶ
810 3000 872 3088 τὴν
884 3003 1013 3089 Οἰνόην
1023 2999 1045 3089 ἢ
1055 3001 1223 3092 Ἀχαρνῆσι

218 3103 349 3181 πλέθρα
360 3107 542 3186 κεκτῆσθαι
552 3106 655 3185 χίλια·
668 3107 726 3185 τῆς
735 3107 822 3185 γοῦν
831 3098 987 3179 Ἑλλάδος
998 3099 1088 3187 ὅλης,
1101 3098 1144 3180 ὡς
1153 3103 1222 3170 τότε

218 3221 275 3279 μοι
290 3194 427 3264 ἄνωθεν
442 3200 612 3282 ἐφαίνετο,
634 3197 809 3265 δακτύλων
824 3195 927 3284 οῦσης
948 3196 985 3265 τδ
1001 3201 1143 3284 μέγεθος
1155 3225 1221 3266 τετ-

218 3290 329 3372 τάρων
343 3291 425 3360 κατά
438 3296 594 3380 λόγον,ο
577 3291 719 3380 06666,‘
702 3320 722 3379 η
736 3291 864 3382 Ἀττικὴ
876 3289 1193 3416 πολλοστημόριον
1170 3324 1219 3383 ην.

219 3381 302 3451 ὥστε
325 3391 486 3457 ἐνενόουν
502 3389 557 3476 ἐφ’
584 3389 697 3480 ὁπόσῳ
719 3405 787 3470 τοῖς
806 3399 978 3472 πλουσίοις
994 3394 1125 3471 τούτοις
1143 3397 1262 3479 μέγα
