<?xml version="1.0" encoding="UTF-8"?>
<!DOCTYPE html PUBLIC "-//W3C//DTD XHTML 1.0 Transitional//EN"
    "http://www.w3.org/TR/xhtml1/DTD/xhtml1-transitional.dtd">
<html xmlns="http://www.w3.org/1999/xhtml" xml:lang="en" lang="en">
 <head>
  <title>
</title>
<meta http-equiv="Content-Type" content="text/html;charset=utf-8" />
  <meta name='ocr-system' content='tesseract 3.04.00' />
  <meta name='ocr-capabilities' content='ocr_page ocr_carea ocr_par ocr_line ocrx_word'/>
</head>
<body>
  <div class='ocr_page' id='page_1' title='image "./operaadoptimoru00jacogoog/operaadoptimoru00jacogoog_0411.png"; bbox 0 0 2575 3842; ppageno 0'>
   <div class='ocr_carea' id='block_1_1' title="bbox 384 207 1105 272">
    <p class='ocr_par' dir='ltr' id='par_1_1' title="bbox 384 207 1105 272">
     <span class='ocr_line' id='line_1_1' title="bbox 384 207 1105 272; baseline 0.011 -8"><span class='ocrx_word' id='word_1_1' title='bbox 384 210 513 265; x_wconf 78' lang='grc' dir='ltr'><em>ΖΕΥΣ</em></span> <span class='ocrx_word' id='word_1_2' title='bbox 533 208 820 267; x_wconf 79' lang='grc' dir='ltr'><strong><em>ΤΡΑΓΩιΔΟΣ.</em></strong></span> <span class='ocrx_word' id='word_1_3' title='bbox 1042 207 1105 272; x_wconf 81' lang='grc'><strong><em>363</em></strong></span> 
     </span>
    </p>
   </div>
   <div class='ocr_carea' id='block_1_2' title="bbox 92 361 1173 3486">
    <p class='ocr_par' dir='ltr' id='par_1_2' title="bbox 92 361 1105 940">
     <span class='ocr_line' id='line_1_2' title="bbox 93 361 1105 451; baseline -0.005 -12"><span class='ocrx_word' id='word_1_4' title='bbox 93 368 157 439; x_wconf 81' lang='grc' dir='ltr'><strong><em>ὑπ’</em></strong></span> <span class='ocrx_word' id='word_1_5' title='bbox 174 367 351 444; x_wconf 72' lang='grc' dir='ltr'><strong><em>ἀσθενείας</em></strong></span> <span class='ocrx_word' id='word_1_6' title='bbox 371 371 562 451; x_wconf 78' lang='grc' dir='ltr'><em>διαφθείρει</em></span> <span class='ocrx_word' id='word_1_7' title='bbox 580 361 664 432; x_wconf 83' lang='grc' dir='ltr'><strong><em>αάτά</em></strong></span> <span class='ocrx_word' id='word_1_8' title='bbox 680 369 735 433; x_wconf 85' lang='grc' dir='ltr'><strong><em>καὶ</em></strong></span> <span class='ocrx_word' id='word_1_9' title='bbox 755 380 872 451; x_wconf 78' lang='grc' dir='ltr'><strong><em>συγχεῖ</em></strong></span> <span class='ocrx_word' id='word_1_10' title='bbox 891 366 954 434; x_wconf 80' lang='grc' dir='ltr'><strong><em>οὐκ</em></strong></span> <span class='ocrx_word' id='word_1_11' title='bbox 976 363 1105 434; x_wconf 87' lang='grc' dir='ltr'><strong><em>ἀποσα-</em></strong></span> 
     </span>
     <span class='ocr_line' id='line_1_3' title="bbox 93 460 1105 555; baseline -0.003 -20"><span class='ocrx_word' id='word_1_12' title='bbox 93 473 247 555; x_wconf 82' lang='grc' dir='ltr'><strong><em>φηνίζων</em></strong></span> <span class='ocrx_word' id='word_1_13' title='bbox 262 463 280 533; x_wconf 84' lang='grc' dir='ltr'>ὅ</span> <span class='ocrx_word' id='word_1_14' title='bbox 294 493 325 533; x_wconf 93' lang='grc' dir='ltr'><strong><em>τι</em></strong></span> <span class='ocrx_word' id='word_1_15' title='bbox 341 465 513 552; x_wconf 79' lang='grc' dir='ltr'><strong><em>βούλεται,</em></strong></span> <span class='ocrx_word' id='word_1_16' title='bbox 531 460 615 530; x_wconf 84' lang='grc' dir='ltr'><strong><em>ἀλλά</em></strong></span> <span class='ocrx_word' id='word_1_17' title='bbox 627 469 818 548; x_wconf 75' lang='grc' dir='ltr'><strong><em>αἰνίγμασιν</em></strong></span> <span class='ocrx_word' id='word_1_18' title='bbox 829 464 959 530; x_wconf 83' lang='grc' dir='ltr'><strong><em>ἐοικότα</em></strong></span> <span class='ocrx_word' id='word_1_19' title='bbox 973 471 1105 546; x_wconf 86' lang='grc' dir='ltr'><strong><em>προτεί-</em></strong></span> 
     </span>
     <span class='ocr_line' id='line_1_4' title="bbox 92 555 1105 647; baseline -0.006 -12"><span class='ocrx_word' id='word_1_20' title='bbox 92 594 168 635; x_wconf 88' lang='grc' dir='ltr'><strong><em>νων</em></strong></span> <span class='ocrx_word' id='word_1_21' title='bbox 183 567 238 634; x_wconf 82' lang='grc' dir='ltr'><strong><em>καί</em></strong></span> <span class='ocrx_word' id='word_1_22' title='bbox 253 563 354 632; x_wconf 82' lang='grc' dir='ltr'><strong><em>πόλιν</em></strong></span> <span class='ocrx_word' id='word_1_23' title='bbox 376 555 420 629; x_wconf 81' lang='grc' dir='ltr'><strong><em>αὖ</em></strong></span> <span class='ocrx_word' id='word_1_24' title='bbox 435 559 522 630; x_wconf 76' lang='grc' dir='ltr'><strong><em>πολὺ</em></strong></span> <span class='ocrx_word' id='word_1_25' title='bbox 537 560 746 647; x_wconf 83' lang='grc' dir='ltr'><strong><em>ἀσαφέστερα</em></strong></span> <span class='ocrx_word' id='word_1_26' title='bbox 759 557 844 643; x_wconf 83' lang='grc' dir='ltr'><strong><em>πρός</em></strong></span> <span class='ocrx_word' id='word_1_27' title='bbox 857 559 916 639; x_wconf 85' lang='grc' dir='ltr'><strong><em>τάς</em></strong></span> <span class='ocrx_word' id='word_1_28' title='bbox 931 563 1105 647; x_wconf 77' lang='grc' dir='ltr'><strong><em>ἐρωτήσεις</em></strong></span> 
     </span>
     <span class='ocr_line' id='line_1_5' title="bbox 93 656 1102 747; baseline -0.005 -15"><span class='ocrx_word' id='word_1_29' title='bbox 93 661 379 747; x_wconf 87' lang='grc' dir='ltr'><strong><em>ἀποκρινόμενος·</em></strong></span> <span class='ocrx_word' id='word_1_30' title='bbox 401 664 435 727; x_wconf 87' lang='grc' dir='ltr'><strong><em>οί</em></strong></span> <span class='ocrx_word' id='word_1_31' title='bbox 448 661 483 726; x_wconf 72' lang='grc' dir='ltr'><strong><em>δὲ</em></strong></span> <span class='ocrx_word' id='word_1_32' title='bbox 504 656 546 725; x_wconf 84' lang='grc' dir='ltr'><strong><em>οὐ</em></strong></span> <span class='ocrx_word' id='word_1_33' title='bbox 560 663 728 738; x_wconf 72' lang='grc' dir='ltr'><strong><em>ξυνιέντος</em></strong></span> <span class='ocrx_word' id='word_1_34' title='bbox 748 666 974 743; x_wconf 79' lang='grc' dir='ltr'><strong><em>καταγελῶσιν</em></strong></span> <span class='ocrx_word' id='word_1_35' title='bbox 989 659 1102 727; x_wconf 80' lang='grc' dir='ltr'><strong><em>αὐτοῦ.</em></strong></span> 
     </span>
     <span class='ocr_line' id='line_1_6' title="bbox 94 753 1105 844; baseline -0.008 -14"><span class='ocrx_word' id='word_1_36' title='bbox 94 767 150 830; x_wconf 78' lang='grc' dir='ltr'><strong><em>δεῖ</em></strong></span> <span class='ocrx_word' id='word_1_37' title='bbox 169 757 202 828; x_wconf 83' lang='grc' dir='ltr'><strong><em>δ’</em></strong></span> <span class='ocrx_word' id='word_1_38' title='bbox 224 758 315 844; x_wconf 81' lang='grc' dir='ltr'><strong><em>οἶμαι</em></strong></span> <span class='ocrx_word' id='word_1_39' title='bbox 334 763 449 841; x_wconf 87' lang='grc' dir='ltr'><strong><em>σαφῶς</em></strong></span> <span class='ocrx_word' id='word_1_40' title='bbox 468 760 578 841; x_wconf 82' lang='grc' dir='ltr'><strong><em>λέγειν</em></strong></span> <span class='ocrx_word' id='word_1_41' title='bbox 601 759 656 824; x_wconf 81' lang='grc' dir='ltr'><strong><em>καί</em></strong></span> <span class='ocrx_word' id='word_1_42' title='bbox 672 757 794 824; x_wconf 81' lang='grc' dir='ltr'><strong><em>τούτου</em></strong></span> <span class='ocrx_word' id='word_1_43' title='bbox 814 756 956 841; x_wconf 82' lang='grc' dir='ltr'><strong><em>μα’λιστα</em></strong></span> <span class='ocrx_word' id='word_1_44' title='bbox 976 753 1105 841; x_wconf 84' lang='grc' dir='ltr'><strong><em>πολλήν</em></strong></span> 
     </span>
     <span class='ocr_line' id='line_1_7' title="bbox 93 851 1071 940; baseline -0.008 -13"><span class='ocrx_word' id='word_1_45' title='bbox 93 866 267 926; x_wconf 74' lang='grc' dir='ltr'><strong><em>ποιεῖσθαι</em></strong></span> <span class='ocrx_word' id='word_1_46' title='bbox 279 853 340 940; x_wconf 82' lang='grc' dir='ltr'><strong><em>τὴν</em></strong></span> <span class='ocrx_word' id='word_1_47' title='bbox 356 855 536 938; x_wconf 88' lang='grc' dir='ltr'><strong><em>πρόνοιαν,</em></strong></span> <span class='ocrx_word' id='word_1_48' title='bbox 556 851 599 932; x_wconf 88' lang='grc' dir='ltr'><strong><em>ῶς</em></strong></span> <span class='ocrx_word' id='word_1_49' title='bbox 614 853 817 939; x_wconf 83' lang='grc' dir='ltr'><strong><em>ξυνήσουσιν</em></strong></span> <span class='ocrx_word' id='word_1_50' title='bbox 832 859 866 923; x_wconf 78' lang='lat' dir='ltr'><strong><em>oc</em></strong></span> <span class='ocrx_word' id='word_1_51' title='bbox 881 851 1071 931; x_wconf 80' lang='grc' dir='ltr'><strong><em>ἀκούοντες.</em></strong></span> 
     </span>
    </p>

    <p class='ocr_par' dir='ltr' id='par_1_3' title="bbox 94 948 1173 1626">
     <span class='ocr_line' id='line_1_8' title="bbox 182 948 1103 1038; baseline -0.001 -17"><span class='ocrx_word' id='word_1_52' title='bbox 182 957 232 1021; x_wconf 79' lang='grc'><strong><em>28.</em></strong></span> <span class='ocrx_word' id='word_1_53' title='bbox 253 959 378 1020; x_wconf 77' lang='grc' dir='ltr'><strong>ΜΩΜ.</strong></span> <span class='ocrx_word' id='word_1_54' title='bbox 405 959 511 1019; x_wconf 84' lang='grc' dir='ltr'><strong><em>Τοῦτο</em></strong></span> <span class='ocrx_word' id='word_1_55' title='bbox 529 952 591 1036; x_wconf 75' lang='grc' dir='ltr'><strong><em>μὲν</em></strong></span> <span class='ocrx_word' id='word_1_56' title='bbox 609 950 722 1036; x_wconf 90' lang='grc' dir='ltr'><strong><em>ὀρθῶς</em></strong></span> <span class='ocrx_word' id='word_1_57' title='bbox 737 957 864 1038; x_wconf 77' lang='grc' dir='ltr'><strong><em>ἔλεξας,</em></strong></span> <span class='ocrx_word' id='word_1_58' title='bbox 886 948 1103 1038; x_wconf 78' lang='grc' dir='ltr'><strong><em>ῶἍπολλον,</em></strong></span> 
     </span>
     <span class='ocr_line' id='line_1_9' title="bbox 94 1048 1106 1136; baseline -0.005 -16"><span class='ocrx_word' id='word_1_59' title='bbox 94 1053 272 1128; x_wconf 78' lang='grc' dir='ltr'><strong><em>ἐπαινέσας</em></strong></span> <span class='ocrx_word' id='word_1_60' title='bbox 288 1048 366 1128; x_wconf 76' lang='grc' dir='ltr'><strong><em>τοὺς</em></strong></span> <span class='ocrx_word' id='word_1_61' title='bbox 381 1058 496 1134; x_wconf 81' lang='grc' dir='ltr'><strong><em>σαφῶς</em></strong></span> <span class='ocrx_word' id='word_1_62' title='bbox 516 1053 687 1135; x_wconf 83' lang='grc' dir='ltr'><strong><em>λέγοντας,</em></strong></span> <span class='ocrx_word' id='word_1_63' title='bbox 710 1056 740 1117; x_wconf 86' lang='grc' dir='ltr'><strong><em>εί</em></strong></span> <span class='ocrx_word' id='word_1_64' title='bbox 754 1052 810 1118; x_wconf 80' lang='grc' dir='ltr'><strong><em>καλ</em></strong></span> <span class='ocrx_word' id='word_1_65' title='bbox 830 1048 873 1136; x_wconf 85' lang='grc' dir='ltr'><strong><em>μή</em></strong></span> <span class='ocrx_word' id='word_1_66' title='bbox 892 1048 985 1116; x_wconf 78' lang='grc' dir='ltr'><strong><em>πάνυ</em></strong></span> <span class='ocrx_word' id='word_1_67' title='bbox 1000 1063 1106 1127; x_wconf 85' lang='grc' dir='ltr'><strong><em>ποιείς</em></strong></span> 
     </span>
     <span class='ocr_line' id='line_1_10' title="bbox 95 1142 1173 1234; baseline 0 -18"><span class='ocrx_word' id='word_1_68' title='bbox 95 1148 197 1228; x_wconf 82' lang='grc' dir='ltr'><strong><em>αὐτὸς</em></strong></span> <span class='ocrx_word' id='word_1_69' title='bbox 212 1150 255 1216; x_wconf 85' lang='grc' dir='ltr'>σύ</span> <span class='ocrx_word' id='word_1_70' title='bbox 272 1151 308 1215; x_wconf 87' lang='grc' dir='ltr'><strong><em>ἐν</em></strong></span> <span class='ocrx_word' id='word_1_71' title='bbox 323 1163 390 1225; x_wconf 73' lang='grc' dir='ltr'><strong><em>τοῖς</em></strong></span> <span class='ocrx_word' id='word_1_72' title='bbox 403 1161 560 1233; x_wconf 75' lang='grc' dir='ltr'><strong><em>χρησμοῖς</em></strong></span> <span class='ocrx_word' id='word_1_73' title='bbox 574 1145 669 1226; x_wconf 82' lang='grc' dir='ltr'><strong><em>λοξὸς</em></strong></span> <span class='ocrx_word' id='word_1_74' title='bbox 684 1142 733 1213; x_wconf 88' lang='grc' dir='ltr'><strong><em>ῶν</em></strong></span> <span class='ocrx_word' id='word_1_75' title='bbox 747 1149 801 1216; x_wconf 78' lang='grc' dir='ltr'><strong><em>καί</em></strong></span> <span class='ocrx_word' id='word_1_76' title='bbox 815 1149 988 1234; x_wconf 85' lang='grc' dir='ltr'><strong><em>γριφῶδης</em></strong></span> <span class='ocrx_word' id='word_1_77' title='bbox 1002 1149 1055 1213; x_wconf 82' lang='grc' dir='ltr'><strong><em>καί</em></strong></span> <span class='ocrx_word' id='word_1_78' title='bbox 1072 1149 1104 1224; x_wconf 91' lang='grc' dir='ltr'><strong><em>ἐς</em></strong></span> <span class='ocrx_word' id='word_1_79' title='bbox 1122 1164 1173 1219; x_wconf 84' lang='grc'><strong><em>674</em></strong></span> 
     </span>
     <span class='ocr_line' id='line_1_11' title="bbox 95 1241 1105 1333; baseline -0.004 -19"><span class='ocrx_word' id='word_1_80' title='bbox 95 1247 132 1314; x_wconf 85' lang='grc' dir='ltr'><strong><em>τὸ</em></strong></span> <span class='ocrx_word' id='word_1_81' title='bbox 150 1252 342 1333; x_wconf 89' lang='grc' dir='ltr'><strong><em>μεταίχμιον</em></strong></span> <span class='ocrx_word' id='word_1_82' title='bbox 363 1244 521 1329; x_wconf 79' lang='grc' dir='ltr'><strong><em>ἀσφαλῶς</em></strong></span> <span class='ocrx_word' id='word_1_83' title='bbox 536 1241 752 1328; x_wconf 79' lang='grc' dir='ltr'><strong><em>ἀπορρίπτων</em></strong></span> <span class='ocrx_word' id='word_1_84' title='bbox 767 1243 808 1312; x_wconf 79' lang='grc' dir='ltr'><strong><em>τὰ</em></strong></span> <span class='ocrx_word' id='word_1_85' title='bbox 822 1247 945 1331; x_wconf 81' lang='grc' dir='ltr'><strong><em>πολλῶ,</em></strong></span> <span class='ocrx_word' id='word_1_86' title='bbox 969 1242 1012 1322; x_wconf 85' lang='grc' dir='ltr'><strong><em>ῶς</em></strong></span> <span class='ocrx_word' id='word_1_87' title='bbox 1026 1241 1105 1321; x_wconf 77' lang='grc' dir='ltr'><strong><em>τοὺς</em></strong></span> 
     </span>
     <span class='ocr_line' id='line_1_12' title="bbox 95 1339 1105 1430; baseline -0.002 -20"><span class='ocrx_word' id='word_1_88' title='bbox 95 1341 281 1419; x_wconf 82' lang='grc' dir='ltr'><strong><em>ἀκούοντας</em></strong></span> <span class='ocrx_word' id='word_1_89' title='bbox 295 1339 400 1409; x_wconf 80' lang='grc' dir='ltr'><strong><em>ἀλλου</em></strong></span> <span class='ocrx_word' id='word_1_90' title='bbox 411 1345 543 1409; x_wconf 72' lang='grc' dir='ltr'><strong><em>δεῖσθαι</em></strong></span> <span class='ocrx_word' id='word_1_91' title='bbox 552 1349 691 1410; x_wconf 78' lang='grc' dir='ltr'><strong><em>Πυθίου</em></strong></span> <span class='ocrx_word' id='word_1_92' title='bbox 705 1341 790 1424; x_wconf 84' lang='grc' dir='ltr'><strong><em>πρὸς</em></strong></span> <span class='ocrx_word' id='word_1_93' title='bbox 799 1341 860 1429; x_wconf 84' lang='grc' dir='ltr'><strong><em>τήν</em></strong></span> <span class='ocrx_word' id='word_1_94' title='bbox 873 1344 1029 1430; x_wconf 79' lang='grc' dir='ltr'><strong><em>ἐξήγησιν</em></strong></span> <span class='ocrx_word' id='word_1_95' title='bbox 1043 1339 1105 1408; x_wconf 86' lang='grc' dir='ltr'><strong><em>αὐ-</em></strong></span> 
     </span>
     <span class='ocr_line' id='line_1_13' title="bbox 95 1436 1105 1533; baseline -0.001 -27"><span class='ocrx_word' id='word_1_96' title='bbox 95 1448 173 1506; x_wconf 90' lang='grc' dir='ltr'><strong><em>τῶν.</em></strong></span> <span class='ocrx_word' id='word_1_97' title='bbox 189 1437 273 1533; x_wconf 77' lang='grc' dir='ltr'><strong><em>ἀτὰρ</em></strong></span> <span class='ocrx_word' id='word_1_98' title='bbox 284 1446 318 1506; x_wconf 91' lang='grc' dir='ltr'><strong><em>τί</em></strong></span> <span class='ocrx_word' id='word_1_99' title='bbox 326 1436 362 1506; x_wconf 89' lang='grc' dir='ltr'><strong>τό</strong></span> <span class='ocrx_word' id='word_1_100' title='bbox 374 1441 426 1506; x_wconf 84' lang='grc' dir='ltr'><strong><em>ἐπὶ</em></strong></span> <span class='ocrx_word' id='word_1_101' title='bbox 435 1439 543 1528; x_wconf 85' lang='grc' dir='ltr'><strong><em>τοότφ</em></strong></span> <span class='ocrx_word' id='word_1_102' title='bbox 553 1440 808 1525; x_wconf 83' lang='grc' dir='ltr'><strong><em>ξυμβουλεύεις;</em></strong></span> <span class='ocrx_word' id='word_1_103' title='bbox 820 1448 894 1509; x_wconf 87' lang='grc' dir='ltr'><strong><em>τίνα</em></strong></span> <span class='ocrx_word' id='word_1_104' title='bbox 905 1450 996 1508; x_wconf 86' lang='grc' dir='ltr'><strong><em>ίασιν</em></strong></span> <span class='ocrx_word' id='word_1_105' title='bbox 1007 1440 1105 1526; x_wconf 90' lang='grc' dir='ltr'><strong><em>ποιή-</em></strong></span> 
     </span>
     <span class='ocr_line' id='line_1_14' title="bbox 96 1535 987 1626; baseline 0.007 -24"><span class='ocrx_word' id='word_1_106' title='bbox 96 1546 221 1603; x_wconf 88' lang='grc' dir='ltr'><strong><em>σασθαι</em></strong></span> <span class='ocrx_word' id='word_1_107' title='bbox 236 1545 293 1622; x_wconf 81' lang='grc' dir='ltr'><strong><em>τῆς</em></strong></span> <span class='ocrx_word' id='word_1_108' title='bbox 311 1537 512 1621; x_wconf 77' lang='grc' dir='ltr'><strong><em>Τιμοκλέους</em></strong></span> <span class='ocrx_word' id='word_1_109' title='bbox 526 1535 712 1623; x_wconf 78' lang='grc' dir='ltr'><strong><em>ἀδυναμίας</em></strong></span> <span class='ocrx_word' id='word_1_110' title='bbox 729 1543 765 1606; x_wconf 90' lang='grc' dir='ltr'><strong><em>ἐν</em></strong></span> <span class='ocrx_word' id='word_1_111' title='bbox 779 1553 846 1618; x_wconf 80' lang='grc' dir='ltr'><strong><em>τοϊς</em></strong></span> <span class='ocrx_word' id='word_1_112' title='bbox 860 1541 987 1626; x_wconf 78' lang='grc' dir='ltr'><strong><em>λόγοιςς</em></strong></span> 
     </span>
    </p>

    <p class='ocr_par' dir='ltr' id='par_1_4' title="bbox 98 1627 1104 1918">
     <span class='ocr_line' id='line_1_15' title="bbox 182 1627 1102 1722; baseline 0.003 -22"><span class='ocrx_word' id='word_1_113' title='bbox 182 1640 231 1700; x_wconf 73' lang='lat'><strong><em>29.</em></strong></span> <span class='ocrx_word' id='word_1_114' title='bbox 248 1640 382 1700; x_wconf 84' lang='grc' dir='ltr'><em>ΑΠΟΛ.</em></span> <span class='ocrx_word' id='word_1_115' title='bbox 399 1633 606 1720; x_wconf 72' lang='grc' dir='ltr'><strong><em>Ξυνήγορον,</em></strong></span> <span class='ocrx_word' id='word_1_116' title='bbox 626 1627 654 1701; x_wconf 88' lang='grc' dir='ltr'><strong><em>ῶ</em></strong></span> <span class='ocrx_word' id='word_1_117' title='bbox 664 1643 782 1722; x_wconf 85' lang='grc' dir='ltr'><strong><em>Μῶμε,</em></strong></span> <span class='ocrx_word' id='word_1_118' title='bbox 800 1648 833 1705; x_wconf 88' lang='grc' dir='ltr'><strong><em>εί</em></strong></span> <span class='ocrx_word' id='word_1_119' title='bbox 839 1664 909 1715; x_wconf 91' lang='grc' dir='ltr'><strong><em>πως</em></strong></span> <span class='ocrx_word' id='word_1_120' title='bbox 921 1642 1102 1721; x_wconf 89' lang='grc' dir='ltr'><strong><em>δυνηθείη-</em></strong></span> 
     </span>
     <span class='ocr_line' id='line_1_16' title="bbox 99 1727 1104 1818; baseline 0.003 -22"><span class='ocrx_word' id='word_1_121' title='bbox 99 1757 169 1814; x_wconf 88' lang='grc' dir='ltr'><strong><em>μεν,</em></strong></span> <span class='ocrx_word' id='word_1_122' title='bbox 186 1727 275 1818; x_wconf 78' lang='grc' dir='ltr'><strong><em>αὐτῷ</em></strong></span> <span class='ocrx_word' id='word_1_123' title='bbox 289 1743 469 1814; x_wconf 74' lang='grc' dir='ltr'><strong><em>παρασχεῖν</em></strong></span> <span class='ocrx_word' id='word_1_124' title='bbox 480 1729 583 1808; x_wconf 78' lang='grc' dir='ltr'><strong><em>ἀλλον</em></strong></span> <span class='ocrx_word' id='word_1_125' title='bbox 592 1738 661 1798; x_wconf 89' lang='grc' dir='ltr'><strong><em>τῶν</em></strong></span> <span class='ocrx_word' id='word_1_126' title='bbox 673 1736 794 1800; x_wconf 85' lang='grc' dir='ltr'><strong><em>δεινῶν</em></strong></span> <span class='ocrx_word' id='word_1_127' title='bbox 806 1732 947 1817; x_wconf 79' lang='grc' dir='ltr'><strong><em>τούτων,</em></strong></span> <span class='ocrx_word' id='word_1_128' title='bbox 963 1735 1104 1815; x_wconf 77' lang='grc' dir='ltr'><strong><em>ἐροῦντα</em></strong></span> 
     </span>
     <span class='ocr_line' id='line_1_17' title="bbox 98 1823 981 1918; baseline 0.002 -24"><span class='ocrx_word' id='word_1_129' title='bbox 98 1823 169 1894; x_wconf 85' lang='grc' dir='ltr'><strong><em>κατ’</em></strong></span> <span class='ocrx_word' id='word_1_130' title='bbox 188 1823 283 1905; x_wconf 84' lang='grc' dir='ltr'><strong><em>ἀξίαν</em></strong></span> <span class='ocrx_word' id='word_1_131' title='bbox 299 1823 384 1910; x_wconf 79' lang='grc' dir='ltr'><strong><em>ἅπερ</em></strong></span> <span class='ocrx_word' id='word_1_132' title='bbox 399 1823 443 1891; x_wconf 87' lang='grc' dir='ltr'><strong><em>ἀν</em></strong></span> <span class='ocrx_word' id='word_1_133' title='bbox 458 1827 581 1904; x_wconf 76' lang='grc' dir='ltr'><strong><em>ἐκεῖνος</em></strong></span> <span class='ocrx_word' id='word_1_134' title='bbox 598 1829 804 1915; x_wconf 81' lang='grc' dir='ltr'><strong><em>ἐνθυμηθείς</em></strong></span> <span class='ocrx_word' id='word_1_135' title='bbox 819 1830 981 1918; x_wconf 79' lang='grc' dir='ltr'><strong><em>ὑποβάλη.</em></strong></span> 
     </span>
    </p>

    <p class='ocr_par' dir='ltr' id='par_1_5' title="bbox 98 1920 1172 3384">
     <span class='ocr_line' id='line_1_18' title="bbox 183 1920 1104 2012; baseline 0.004 -22"><span class='ocrx_word' id='word_1_136' title='bbox 183 1929 306 1990; x_wconf 75' lang='grc' dir='ltr'><strong><em>ΜΩΜ.</em></strong></span> <span class='ocrx_word' id='word_1_137' title='bbox 320 1920 487 2007; x_wconf 86' lang='grc' dir='ltr'><strong><em>Ἀγένειον</em></strong></span> <span class='ocrx_word' id='word_1_138' title='bbox 497 1930 596 1990; x_wconf 82' lang='grc' dir='ltr'><strong><em>τοῦτο</em></strong></span> <span class='ocrx_word' id='word_1_139' title='bbox 609 1920 653 2002; x_wconf 88' lang='grc' dir='ltr'><strong><em>ῶς</em></strong></span> <span class='ocrx_word' id='word_1_140' title='bbox 664 1925 799 2012; x_wconf 86' lang='grc' dir='ltr'><strong><em>ἀληθῶς</em></strong></span> <span class='ocrx_word' id='word_1_141' title='bbox 811 1937 953 2012; x_wconf 85' lang='grc' dir='ltr'><strong><em>είρηκας,</em></strong></span> <span class='ocrx_word' id='word_1_142' title='bbox 969 1933 1016 1994; x_wconf 83' lang='grc' dir='ltr'><strong><em>ἐτι</em></strong></span> <span class='ocrx_word' id='word_1_143' title='bbox 1026 1951 1104 1994; x_wconf 83' lang='grc' dir='ltr'><strong><em>παι·</em></strong></span> 
     </span>
     <span class='ocr_line' id='line_1_19' title="bbox 100 2020 1104 2112; baseline 0.001 -23"><span class='ocrx_word' id='word_1_144' title='bbox 100 2027 253 2106; x_wconf 84' lang='grc' dir='ltr'><strong><em>δαγωγοῶ</em></strong></span> <span class='ocrx_word' id='word_1_145' title='bbox 263 2046 354 2098; x_wconf 86' lang='grc' dir='ltr'><strong><em>τινος</em></strong></span> <span class='ocrx_word' id='word_1_146' title='bbox 363 2020 535 2106; x_wconf 87' lang='grc' dir='ltr'><strong><em>δεόμενον,</em></strong></span> <span class='ocrx_word' id='word_1_147' title='bbox 547 2020 735 2106; x_wconf 85' lang='grc' dir='ltr'><strong><em>ξυνήγορον</em></strong></span> <span class='ocrx_word' id='word_1_148' title='bbox 748 2027 785 2090; x_wconf 89' lang='grc' dir='ltr'><strong><em>ἐν</em></strong></span> <span class='ocrx_word' id='word_1_149' title='bbox 794 2030 954 2112; x_wconf 78' lang='grc' dir='ltr'><strong><em>ξυνουσίᾳ</em></strong></span> <span class='ocrx_word' id='word_1_150' title='bbox 964 2024 1104 2108; x_wconf 89' lang='grc' dir='ltr'><strong><em>φιλοσό-</em></strong></span> 
     </span>
     <span class='ocr_line' id='line_1_20' title="bbox 100 2118 1105 2205; baseline 0 -19"><span class='ocrx_word' id='word_1_151' title='bbox 100 2145 173 2205; x_wconf 89' lang='grc' dir='ltr'><strong><em>φων</em></strong></span> <span class='ocrx_word' id='word_1_152' title='bbox 189 2119 466 2204; x_wconf 89' lang='grc' dir='ltr'><strong><em>παραστήσασθαι</em></strong></span> <span class='ocrx_word' id='word_1_153' title='bbox 481 2118 729 2203; x_wconf 79' lang='grc' dir='ltr'><strong><em>ἑρμηνεύσοντα</em></strong></span> <span class='ocrx_word' id='word_1_154' title='bbox 745 2120 828 2204; x_wconf 88' lang='grc' dir='ltr'><strong><em>πρός</em></strong></span> <span class='ocrx_word' id='word_1_155' title='bbox 841 2120 920 2198; x_wconf 74' lang='grc' dir='ltr'><strong><em>τοὺς</em></strong></span> <span class='ocrx_word' id='word_1_156' title='bbox 938 2119 1105 2205; x_wconf 91' lang='grc' dir='ltr'><strong><em>παρόντας</em></strong></span> 
     </span>
     <span class='ocr_line' id='line_1_21' title="bbox 99 2214 1105 2306; baseline -0.002 -20"><span class='ocrx_word' id='word_1_157' title='bbox 99 2217 183 2303; x_wconf 80' lang='grc' dir='ltr'><strong><em>ἅπερ</em></strong></span> <span class='ocrx_word' id='word_1_158' title='bbox 199 2214 243 2284; x_wconf 84' lang='grc' dir='ltr'><strong><em>ἀν</em></strong></span> <span class='ocrx_word' id='word_1_159' title='bbox 257 2222 339 2306; x_wconf 80' lang='grc' dir='ltr'><strong><em>δοκῇ</em></strong></span> <span class='ocrx_word' id='word_1_160' title='bbox 357 2225 526 2303; x_wconf 74' lang='grc' dir='ltr'><strong><em>Τιμοκλεῖ,</em></strong></span> <span class='ocrx_word' id='word_1_161' title='bbox 544 2221 598 2286; x_wconf 80' lang='grc' dir='ltr'><strong><em>καί</em></strong></span> <span class='ocrx_word' id='word_1_162' title='bbox 612 2217 673 2286; x_wconf 85' lang='grc' dir='ltr'><strong><em>τόν</em></strong></span> <span class='ocrx_word' id='word_1_163' title='bbox 686 2221 749 2306; x_wconf 72' lang='grc' dir='ltr'><strong><em>μὲν</em></strong></span> <span class='ocrx_word' id='word_1_164' title='bbox 759 2228 872 2306; x_wconf 85' lang='grc' dir='ltr'><strong><em>Δᾶμιν</em></strong></span> <span class='ocrx_word' id='word_1_165' title='bbox 888 2216 1105 2300; x_wconf 81' lang='grc' dir='ltr'><strong><em>αὐτοπρόσω-</em></strong></span> 
     </span>
     <span class='ocr_line' id='line_1_22' title="bbox 99 2313 1104 2404; baseline -0.004 -18"><span class='ocrx_word' id='word_1_166' title='bbox 99 2343 163 2387; x_wconf 90' lang='grc' dir='ltr'><strong><em>πον</em></strong></span> <span class='ocrx_word' id='word_1_167' title='bbox 177 2321 231 2388; x_wconf 82' lang='grc' dir='ltr'><strong><em>καί</em></strong></span> <span class='ocrx_word' id='word_1_168' title='bbox 247 2315 292 2386; x_wconf 88' lang='grc' dir='ltr'><strong><em>δι’</em></strong></span> <span class='ocrx_word' id='word_1_169' title='bbox 312 2316 417 2385; x_wconf 81' lang='grc' dir='ltr'><strong><em>αὐτοῦ</em></strong></span> <span class='ocrx_word' id='word_1_170' title='bbox 432 2319 558 2402; x_wconf 82' lang='grc' dir='ltr'><strong><em>λέγειν,</em></strong></span> <span class='ocrx_word' id='word_1_171' title='bbox 581 2315 641 2384; x_wconf 85' lang='grc' dir='ltr'><strong><em>τόν</em></strong></span> <span class='ocrx_word' id='word_1_172' title='bbox 658 2319 694 2386; x_wconf 74' lang='grc' dir='ltr'><strong><em>δὲ</em></strong></span> <span class='ocrx_word' id='word_1_173' title='bbox 709 2316 872 2404; x_wconf 77' lang='grc' dir='ltr'><strong><em>ὑποκριτῇ</em></strong></span> <span class='ocrx_word' id='word_1_174' title='bbox 889 2313 1104 2402; x_wconf 87' lang='grc' dir='ltr'><strong><em>προσχρῶμε-</em></strong></span> 
     </span>
     <span class='ocr_line' id='line_1_23' title="bbox 102 2407 1103 2506; baseline -0.007 -21"><span class='ocrx_word' id='word_1_175' title='bbox 102 2445 161 2486; x_wconf 70' lang='grc' dir='ltr'><strong><em>,ιον</em></strong></span> <span class='ocrx_word' id='word_1_176' title='bbox 181 2422 247 2506; x_wconf 80' lang='grc' dir='ltr'><strong><em>ίδίηι</em></strong></span> <span class='ocrx_word' id='word_1_177' title='bbox 269 2413 351 2501; x_wconf 84' lang='grc' dir='ltr'><strong><em>πρὸς</em></strong></span> <span class='ocrx_word' id='word_1_178' title='bbox 372 2412 408 2481; x_wconf 84' lang='grc' dir='ltr'><strong><em>τὸ</em></strong></span> <span class='ocrx_word' id='word_1_179' title='bbox 430 2407 490 2492; x_wconf 81' lang='grc' dir='ltr'><strong><em>οὖς</em></strong></span> <span class='ocrx_word' id='word_1_180' title='bbox 510 2417 624 2504; x_wconf 85' lang='grc' dir='ltr'><strong><em>ἐκείνφ</em></strong></span> <span class='ocrx_word' id='word_1_181' title='bbox 646 2414 850 2503; x_wconf 82' lang='grc' dir='ltr'><strong><em>ὑποβάλλειν</em></strong></span> <span class='ocrx_word' id='word_1_182' title='bbox 866 2413 905 2482; x_wconf 82' lang='grc' dir='ltr'><strong><em>τά</em></strong></span> <span class='ocrx_word' id='word_1_183' title='bbox 927 2418 1103 2496; x_wconf 83' lang='grc' dir='ltr'><strong><em>δοκοῦντα,</em></strong></span> 
     </span>
     <span class='ocr_line' id='line_1_24' title="bbox 98 2511 1104 2600; baseline -0.007 -17"><span class='ocrx_word' id='word_1_184' title='bbox 98 2514 157 2583; x_wconf 84' lang='grc' dir='ltr'><strong><em>τόν</em></strong></span> <span class='ocrx_word' id='word_1_185' title='bbox 171 2511 356 2600; x_wconf 80' lang='grc' dir='ltr'><strong><em>ὑποκριτήν</em></strong></span> <span class='ocrx_word' id='word_1_186' title='bbox 371 2512 407 2580; x_wconf 74' lang='grc' dir='ltr'><strong><em>δὲ</em></strong></span> <span class='ocrx_word' id='word_1_187' title='bbox 422 2511 632 2599; x_wconf 81' lang='grc' dir='ltr'><strong><em>ῥητορεύειν,</em></strong></span> <span class='ocrx_word' id='word_1_188' title='bbox 648 2511 727 2581; x_wconf 71' lang='grc' dir='ltr'><strong><em>οὐδὲ</em></strong></span> <span class='ocrx_word' id='word_1_189' title='bbox 741 2511 846 2581; x_wconf 83' lang='grc' dir='ltr'><strong><em>αὐτόν</em></strong></span> <span class='ocrx_word' id='word_1_190' title='bbox 861 2521 940 2590; x_wconf 85' lang='grc' dir='ltr'><strong><em>ίσως</em></strong></span> <span class='ocrx_word' id='word_1_191' title='bbox 952 2513 1104 2592; x_wconf 82' lang='grc' dir='ltr'><strong><em>ξυνιέντα</em></strong></span> 
     </span>
     <span class='ocr_line' id='line_1_25' title="bbox 100 2607 1103 2699; baseline -0.004 -19"><span class='ocrx_word' id='word_1_192' title='bbox 100 2611 162 2680; x_wconf 86' lang='grc' dir='ltr'><strong><em>ότι</em></strong></span> <span class='ocrx_word' id='word_1_193' title='bbox 180 2610 344 2679; x_wconf 86' lang='grc' dir='ltr'><strong><em>ἀκούσειε.</em></strong></span> <span class='ocrx_word' id='word_1_194' title='bbox 370 2617 474 2677; x_wconf 86' lang='grc' dir='ltr'><strong><em>ταῦτα</em></strong></span> <span class='ocrx_word' id='word_1_195' title='bbox 495 2618 564 2689; x_wconf 90' lang='grc' dir='ltr'><strong><em>πῶς</em></strong></span> <span class='ocrx_word' id='word_1_196' title='bbox 582 2609 622 2678; x_wconf 83' lang='grc' dir='ltr'><strong><em>οὐ</em></strong></span> <span class='ocrx_word' id='word_1_197' title='bbox 643 2617 746 2697; x_wconf 82' lang='grc' dir='ltr'><strong><em>γέλως</em></strong></span> <span class='ocrx_word' id='word_1_198' title='bbox 767 2607 880 2697; x_wconf 84' lang='grc' dir='ltr'><strong><em>ἀνείη</em></strong></span> <span class='ocrx_word' id='word_1_199' title='bbox 901 2617 947 2699; x_wconf 80' lang='grc' dir='ltr'><strong><em>τῶ</em></strong></span> <span class='ocrx_word' id='word_1_200' title='bbox 964 2610 1103 2696; x_wconf 83' lang='grc' dir='ltr'><strong><em>πλήθει;</em></strong></span> 
     </span>
     <span class='ocr_line' id='line_1_26' title="bbox 101 2701 1104 2796; baseline -0.004 -19"><span class='ocrx_word' id='word_1_201' title='bbox 101 2707 182 2794; x_wconf 81' lang='grc' dir='ltr'><strong><em>ἀλλά</em></strong></span> <span class='ocrx_word' id='word_1_202' title='bbox 196 2715 293 2775; x_wconf 83' lang='grc' dir='ltr'><strong><em>τοῦτο</em></strong></span> <span class='ocrx_word' id='word_1_203' title='bbox 308 2709 370 2793; x_wconf 77' lang='grc' dir='ltr'><strong><em>μὲν</em></strong></span> <span class='ocrx_word' id='word_1_204' title='bbox 384 2705 491 2786; x_wconf 81' lang='grc' dir='ltr'><strong><em>ἀλλοις</em></strong></span> <span class='ocrx_word' id='word_1_205' title='bbox 509 2711 747 2796; x_wconf 84' lang='grc' dir='ltr'><strong><em>ἐπινοήσωμεν.</em></strong></span> <span class='ocrx_word' id='word_1_206' title='bbox 769 2715 821 2778; x_wconf 86' lang='grc'><strong><em>30.</em></strong></span> <span class='ocrx_word' id='word_1_207' title='bbox 838 2707 881 2776; x_wconf 81' lang='grc' dir='ltr'><strong>σύ</strong></span> <span class='ocrx_word' id='word_1_208' title='bbox 898 2712 949 2790; x_wconf 89' lang='grc' dir='ltr'><strong><em>δέ,</em></strong></span> <span class='ocrx_word' id='word_1_209' title='bbox 973 2701 1104 2774; x_wconf 86' lang='grc' dir='ltr'><strong><em>ῶθαυ-</em></strong></span> 
     </span>
     <span class='ocr_line' id='line_1_27' title="bbox 100 2801 1172 2894; baseline 0 -21"><span class='ocrx_word' id='word_1_210' title='bbox 100 2807 195 2894; x_wconf 83' lang='grc' dir='ltr'><strong><em>μόσιε</em></strong></span> <span class='ocrx_word' id='word_1_211' title='bbox 211 2849 252 2860; x_wconf 85' lang='lat'><em>-</em></span> <span class='ocrx_word' id='word_1_212' title='bbox 267 2804 332 2891; x_wconf 83' lang='grc' dir='ltr'><strong><em>φὴς</em></strong></span> <span class='ocrx_word' id='word_1_213' title='bbox 349 2803 412 2889; x_wconf 81' lang='grc' dir='ltr'><strong><em>γὰρ</em></strong></span> <span class='ocrx_word' id='word_1_214' title='bbox 427 2808 481 2874; x_wconf 79' lang='grc' dir='ltr'><strong><em>καὶ</em></strong></span> <span class='ocrx_word' id='word_1_215' title='bbox 494 2808 611 2890; x_wconf 88' lang='grc' dir='ltr'><strong><em>μόντις</em></strong></span> <span class='ocrx_word' id='word_1_216' title='bbox 629 2806 714 2875; x_wconf 80' lang='grc' dir='ltr'><strong><em>εἶναι</em></strong></span> <span class='ocrx_word' id='word_1_217' title='bbox 731 2811 785 2874; x_wconf 79' lang='grc' dir='ltr'><strong><em>καὶ</em></strong></span> <span class='ocrx_word' id='word_1_218' title='bbox 802 2802 947 2892; x_wconf 77' lang='grc' dir='ltr'><strong><em>μισθους</em></strong></span> <span class='ocrx_word' id='word_1_219' title='bbox 958 2805 1021 2871; x_wconf 83' lang='grc' dir='ltr'><strong><em>οὐκ</em></strong></span> <span class='ocrx_word' id='word_1_220' title='bbox 1033 2801 1103 2873; x_wconf 91' lang='grc' dir='ltr'><strong><em>ὀλί-</em></strong></span> <span class='ocrx_word' id='word_1_221' title='bbox 1122 2825 1172 2881; x_wconf 65' lang='grc' dir='ltr'><strong><em>δεῖ)</em></strong></span> 
     </span>
     <span class='ocr_line' id='line_1_28' title="bbox 101 2904 1104 2992; baseline -0.001 -21"><span class='ocrx_word' id='word_1_222' title='bbox 101 2929 179 2990; x_wconf 90' lang='grc' dir='ltr'><strong><em>γους</em></strong></span> <span class='ocrx_word' id='word_1_223' title='bbox 206 2905 257 2971; x_wconf 85' lang='grc' dir='ltr'><strong><em>ἐπί</em></strong></span> <span class='ocrx_word' id='word_1_224' title='bbox 282 2910 327 2992; x_wconf 77' lang='grc' dir='ltr'><strong><em>τῷ</em></strong></span> <span class='ocrx_word' id='word_1_225' title='bbox 352 2904 492 2992; x_wconf 87' lang='grc' dir='ltr'><strong><em>τοιοότφ</em></strong></span> <span class='ocrx_word' id='word_1_226' title='bbox 514 2905 661 2984; x_wconf 80' lang='grc' dir='ltr'><strong><em>ἐξέλεξας</em></strong></span> <span class='ocrx_word' id='word_1_227' title='bbox 683 2904 758 2990; x_wconf 83' lang='grc' dir='ltr'><strong><em>ἀχρι</em></strong></span> <span class='ocrx_word' id='word_1_228' title='bbox 779 2906 834 2971; x_wconf 83' lang='grc' dir='ltr'><strong><em>καὶ</em></strong></span> <span class='ocrx_word' id='word_1_229' title='bbox 858 2910 918 2970; x_wconf 80' lang='grc' dir='ltr'><strong><em>τοῦ</em></strong></span> <span class='ocrx_word' id='word_1_230' title='bbox 940 2910 1104 2983; x_wconf 87' lang='grc' dir='ltr'><strong><em>πλίνθους</em></strong></span> 
     </span>
     <span class='ocr_line' id='line_1_29' title="bbox 100 3000 1103 3089; baseline -0.002 -19"><span class='ocrx_word' id='word_1_231' title='bbox 100 3010 222 3089; x_wconf 80' lang='grc' dir='ltr'><strong><em>χρυσᾶς</em></strong></span> <span class='ocrx_word' id='word_1_232' title='bbox 241 3029 320 3070; x_wconf 89' lang='grc' dir='ltr'><strong><em>ποτε</em></strong></span> <span class='ocrx_word' id='word_1_233' title='bbox 343 3005 512 3089; x_wconf 80' lang='grc' dir='ltr'><strong><em>εἰληφέναι</em></strong></span> <span class='ocrx_word' id='word_1_234' title='bbox 534 3041 577 3054; x_wconf 88' lang='lat'><strong><em>-·</em></strong></span> <span class='ocrx_word' id='word_1_235' title='bbox 599 3010 633 3072; x_wconf 92' lang='grc' dir='ltr'><strong><em>τί</em></strong></span> <span class='ocrx_word' id='word_1_236' title='bbox 658 3001 720 3070; x_wconf 80' lang='grc' dir='ltr'><strong><em>οὐκ</em></strong></span> <span class='ocrx_word' id='word_1_237' title='bbox 741 3005 895 3082; x_wconf 85' lang='grc' dir='ltr'><strong><em>ἐπεδείξω</em></strong></span> <span class='ocrx_word' id='word_1_238' title='bbox 917 3000 996 3089; x_wconf 80' lang='grc' dir='ltr'><strong><em>ἡμῖν</em></strong></span> <span class='ocrx_word' id='word_1_239' title='bbox 1020 3000 1103 3070; x_wconf 85' lang='grc' dir='ltr'><strong><em>κατά</em></strong></span> 
     </span>
     <span class='ocr_line' id='line_1_30' title="bbox 101 3099 1103 3188; baseline 0 -19"><span class='ocrx_word' id='word_1_240' title='bbox 101 3101 217 3187; x_wconf 86' lang='grc' dir='ltr'><strong><em>καιρόν</em></strong></span> <span class='ocrx_word' id='word_1_241' title='bbox 242 3099 304 3188; x_wconf 82' lang='grc' dir='ltr'><strong><em>τὴν</em></strong></span> <span class='ocrx_word' id='word_1_242' title='bbox 326 3103 444 3187; x_wconf 92' lang='grc' dir='ltr'><strong><em>τέχνην</em></strong></span> <span class='ocrx_word' id='word_1_243' title='bbox 468 3099 638 3185; x_wconf 86' lang='grc' dir='ltr'><strong><em>προειπῶν</em></strong></span> <span class='ocrx_word' id='word_1_244' title='bbox 661 3099 819 3183; x_wconf 84' lang='grc' dir='ltr'><strong><em>ὁπότερος</em></strong></span> <span class='ocrx_word' id='word_1_245' title='bbox 842 3109 911 3168; x_wconf 92' lang='grc' dir='ltr'><strong><em>τῶν</em></strong></span> <span class='ocrx_word' id='word_1_246' title='bbox 935 3109 1103 3187; x_wconf 88' lang='grc' dir='ltr'><strong><em>σοφιστῶν</em></strong></span> 
     </span>
     <span class='ocr_line' id='line_1_31' title="bbox 100 3196 1102 3286; baseline -0.002 -18"><span class='ocrx_word' id='word_1_247' title='bbox 100 3201 253 3286; x_wconf 89' lang='grc' dir='ltr'><strong><em>κρατήσει</em></strong></span> <span class='ocrx_word' id='word_1_248' title='bbox 262 3200 387 3286; x_wconf 73' lang='grc' dir='ltr'><strong><em>λε’γωνς</em></strong></span> <span class='ocrx_word' id='word_1_249' title='bbox 399 3197 499 3269; x_wconf 75' lang='grc' dir='ltr'><strong><em>οἶσθα</em></strong></span> <span class='ocrx_word' id='word_1_250' title='bbox 508 3198 573 3284; x_wconf 86' lang='grc' dir='ltr'><strong><em>γάρ</em></strong></span> <span class='ocrx_word' id='word_1_251' title='bbox 586 3199 694 3284; x_wconf 86' lang='grc' dir='ltr'><strong><em>δήπου</em></strong></span> <span class='ocrx_word' id='word_1_252' title='bbox 704 3197 741 3267; x_wconf 85' lang='grc' dir='ltr'><strong><em>τὸ</em></strong></span> <span class='ocrx_word' id='word_1_253' title='bbox 753 3196 1010 3286; x_wconf 83' lang='grc' dir='ltr'><strong><em>ἀποβησόμενον</em></strong></span> <span class='ocrx_word' id='word_1_254' title='bbox 1020 3200 1102 3286; x_wconf 89' lang='grc' dir='ltr'><strong><em>μα’ν-</em></strong></span> 
     </span>
     <span class='ocr_line' id='line_1_32' title="bbox 101 3325 219 3384; baseline -0.025 -18"><span class='ocrx_word' id='word_1_255' title='bbox 101 3325 146 3384; x_wconf 76' lang='grc' dir='ltr'><strong><em>τις</em></strong></span> <span class='ocrx_word' id='word_1_256' title='bbox 162 3325 219 3365; x_wconf 81' lang='grc' dir='ltr'><strong><em>ειν.</em></strong></span> 
     </span>
    </p>

    <p class='ocr_par' dir='ltr' id='par_1_6' title="bbox 180 3391 1102 3486">
     <span class='ocr_line' id='line_1_33' title="bbox 180 3391 1102 3486; baseline 0 -22"><span class='ocrx_word' id='word_1_257' title='bbox 180 3405 314 3467; x_wconf 89' lang='grc' dir='ltr'><em>ΑΠΟΛ.</em></span> <span class='ocrx_word' id='word_1_258' title='bbox 333 3405 426 3485; x_wconf 89' lang='grc' dir='ltr'><strong><em>Πῶς,</em></strong></span> <span class='ocrx_word' id='word_1_259' title='bbox 443 3391 470 3468; x_wconf 87' lang='grc' dir='ltr'><strong><em>ῶ</em></strong></span> <span class='ocrx_word' id='word_1_260' title='bbox 485 3405 609 3486; x_wconf 85' lang='grc' dir='ltr'><strong><em>Μῶμε,</em></strong></span> <span class='ocrx_word' id='word_1_261' title='bbox 628 3396 775 3465; x_wconf 85' lang='grc' dir='ltr'><strong><em>δυνατόν</em></strong></span> <span class='ocrx_word' id='word_1_262' title='bbox 789 3411 897 3466; x_wconf 74' lang='grc' dir='ltr'><strong><em>ποιεῖν</em></strong></span> <span class='ocrx_word' id='word_1_263' title='bbox 908 3403 1009 3466; x_wconf 90' lang='grc' dir='ltr'><strong><em>ταῦτα</em></strong></span> <span class='ocrx_word' id='word_1_264' title='bbox 1021 3399 1102 3485; x_wconf 89' lang='grc' dir='ltr'><strong><em>μήτε</em></strong></span> 
     </span>
    </p>
   </div>
   <div class='ocr_carea' id='block_1_3' title="bbox 0 0 1301 3842">
    <p class='ocr_par' dir='ltr' id='par_1_7' title="bbox 0 0 1301 3842">
     <span class='ocr_line' id='line_1_34' title="bbox 0 0 1301 3842; baseline 0 0"><span class='ocrx_word' id='word_1_265' title='bbox 0 0 1301 3842; x_wconf 95' lang='lat' dir='ltr'><strong><em> </em></strong></span> 
     </span>
    </p>
   </div>
  </div>
 </body>
</html>
