2575 3842
387 213 599 282 ΤΟΞΑΡΙΣ
617 225 642 274 Η
667 221 823 281 ΦΙΛΙΑ.
1044 222 1107 282 269

95 379 213 455 δύνοις
230 375 458 454 ἀπολιπόντες.
488 379 542 444 καὶ
562 402 627 462 γαρ
648 369 713 444 ούν
729 381 784 446 καὶ
803 380 879 447 τόδε
899 380 990 461 ὅπως
1006 388 1105 472 είδῇς,

95 475 198 545 οὐδὲν
215 473 353 542 Σκύθαι
376 482 487 560 φιλίας
507 481 618 560 μεῖζον
641 483 767 543 οἴονται
788 474 889 562 εἶναι,
917 478 995 548 οὐδὲ
1016 487 1105 549 ἔστιν

94 573 145 662 ἐφ’
159 573 224 666 ὅτφ
240 573 282 642 άν
296 601 345 652 τις
357 575 497 659 Σκύθης
512 581 639 659 μᾶλλον
653 576 854 659 σεμνύναιτο
870 573 953 662 ἢέπὶ
962 585 1007 667 τῷ
1019 600 1086 666 συμ

94 680 242 760 πονῆσαι
256 681 342 764 φίλςο
357 669 454 758 άνδρὶ
471 674 526 740 καὶ
540 680 743 758 κοινωνῆσαι
758 681 825 740 τῶν
840 679 976 760 δεινῶν,
995 674 1105 760 ὥσπερ

95 770 197 839 οὐδὲν
215 771 343 849 όνειδος
360 777 470 857 μεῖζον
480 769 560 856 παρ’
572 768 653 857 ἡμῖν
664 779 725 838 τοῦ
738 773 907 860 προδότην
924 783 1035 860 φιλίας
1050 803 1106 862 γε·

94 879 261 957 γενησθαι
273 874 393 938 δοκεῖν.
416 867 470 936 διά
481 877 584 936 ταῦτα
596 866 752 956 Ὀρέστην
763 872 817 938 καί
827 873 991 959 Πυλάδην
1002 882 1105 960 τιμῶ-

95 995 175 1053 μεν,
203 965 359 1053 ἀρίστους
379 969 581 1052 γενομένους
608 965 648 1033 τά
671 975 823 1036 Σκυθῶν
848 967 961 1055 άγαθά
991 975 1045 1039 καὶ
1069 975 1105 1039 έν

98 1075 193 1156 φιλία
205 1065 453 1152 διενεγκόντας,
470 1063 489 1132 ό
503 1073 637 1151 πρῶτον
647 1064 740 1152 ἡμεῖς
755 1065 915 1135 ἁπάντων
931 1071 1105 1155 θαυμάζο-

95 1189 175 1250 μεν,
191 1165 246 1232 καὶ
257 1163 404 1250 τούνομα
416 1165 468 1232 ἐπὶ
479 1165 609 1242 τούτοις
621 1162 738 1232 αύτοῖν
748 1167 911 1251 ἐθέμεθα,
928 1166 1106 1252 Κοράκους

95 1271 286 1348 καλεῖσθαι,
310 1270 408 1330 τοῦτο
431 1265 470 1330 δέ
488 1265 578 1330 ε’στιν
602 1265 639 1332 έν
661 1271 700 1352 τῇ
714 1261 857 1355 ἡμετέρᾳ
875 1273 972 1355 φωνῇ
993 1265 1104 1348 ὥσπερ

95 1353 141 1425 άν
158 1369 191 1426 εί
200 1387 248 1438 τις
262 1363 368 1446 λέγοι,
385 1367 489 1446 φίλιοι
507 1365 670 1448 δαίμονες.

181 1465 210 1526 8.
234 1465 383 1526 ΜΝΗΣ.
403 1451 441 1527 Ὦ
460 1460 596 1546 Τόξαρι,
613 1458 654 1528 ού
665 1461 772 1547 μόνον
785 1460 850 1545 άρα
861 1463 1009 1544 τοξεύειν
1021 1460 1105 1548 άγα-
1124 1473 1169 1528 σιξ

95 1557 155 1624 θοὶ
170 1549 256 1641 ἦσαν
271 1557 408 1624 Σκύθαι
423 1559 477 1624 καὶ
491 1557 531 1624 τά
549 1556 711 1644 πολεμικά
726 1567 794 1626 τῶν
810 1557 921 1628 άλλων
936 1558 1103 1646 άμείνους,

96 1652 179 1721 άλλόι
196 1655 250 1722 καὶ
265 1657 364 1741 ῥῆσιν
380 1661 484 1722 εἰπεῖν
499 1653 658 1723 ἁπάντων
672 1657 910 1724 πιθανώτατοι.
933 1660 1004 1744 ἐμοὶ
1018 1664 1105 1744 γοῦν

97 1754 178 1829 τέως
194 1750 301 1829 άλλως
316 1751 538 1836 γιγνώσκοντι
551 1751 613 1839 ἤδη
628 1756 683 1821 καὶ
694 1757 785 1845 αὐτῷ
799 1759 908 1823 δίκαια
923 1771 1032 1824 ποιεῖν
1046 1760 1104 1824 δο-

97 1863 183 1918 κεῖτε
199 1847 305 1927 οὕτως
315 1845 471 1934 Ὀρέστην
485 1852 538 1916 καὶ
549 1850 712 1936 Πυλάδην
724 1853 966 1930 ἐκθειάσαντες.
990 1851 1105 1940 ἐλελή-

98 1958 171 2024 θεις
190 1949 229 2014 δέ
241 1972 298 2032 με,
324 1939 350 2012 τό
366 1961 515 2032 γενναῖε,
542 1951 595 2014 καὶ
616 1946 765 2033 γραφεύς
781 1947 909 2034 άγαθδς
926 1949 981 2015 ὤν.
1011 1952 1103 2016 πάνυ

97 2051 183 2130 γοῦν
205 2047 353 2131 ἐναργῶς
367 2047 533 2125 ἐπέδειξας
547 2043 627 2132 ἡμῖν
640 2044 698 2123 τὰς
716 2048 812 2135 ἐντῷ
832 2045 999 2135 Ὀρεστείῳ
1016 2049 1104 2114 είκό-

97 2170 157 2221 νας
178 2145 230 2210 καί
251 2142 313 2229 τὴν
335 2144 444 2229 μάχην
463 2150 532 2210 τῶν
552 2141 688 2227 ἀνδρῶν
707 2146 761 2210 καὶ
784 2141 824 2210 τά
847 2141 931 2226 ὑπὲρ
952 2142 1103 2229 ἀλλήλων

95 2241 276 2328 τραύματα.
311 2237 400 2326 πλην
421 2238 494 2308 ἀλλ’
515 2238 576 2309 ούκ
599 2240 717 2332 ᾠήθην
737 2240 779 2309 όν
800 2267 879 2310 ποτε
899 2241 988 2310 οὕτω
1011 2266 1105 2326 περι-

95 2339 308 2408 σπούδαστον
323 2338 407 2408 εἶναι
425 2347 540 2426 φιλίαν
560 2343 597 2409 έν
610 2342 780 2420 Σκύθαις·
808 2339 866 2409 άτε
884 2340 949 2428 γάρ
968 2339 1105 2422 άξέυους

96 2439 150 2505 καὶ
171 2436 309 2524 άγρίους
327 2437 425 2517 ὄντας
448 2435 571 2517 αύτούς
593 2443 697 2528 έχθρρι
721 2439 782 2524 μέν
805 2436 856 2506 άεὶ
878 2453 1029 2506 συνεῖναι
1050 2440 1105 2506 καὶ

98 2535 180 2626 ὀργῇ
195 2540 250 2606 καὶ
263 2543 380 2626 θυμῷ,
403 2543 518 2622 φιλίαν
535 2537 570 2604 δὲ
586 2538 670 2623 μηδὲ
690 2534 774 2622 πρδς
789 2534 869 2612 τούς
884 2536 1106 2614 οίκειοτάτους

98 2637 368 2718 ἐπαναιρεῖσθαι,
386 2634 643 2721 τεκμαιρόμενος
656 2649 725 2713 τοῖς
740 2661 775 2702 τε
790 2633 902 2712 ἄλλοις
915 2631 938 2700 ά
951 2636 1026 2719 περὶ
1041 2631 1105 2701 αύ-

97 2737 165 2796 τῶν
180 2728 367 2815 ἀκούομεν,
388 2733 442 2799 καὶ
460 2729 511 2799 ότι
533 2738 747 2799 κατεσθίουσι
766 2730 845 2810 τούς
860 2736 1001 2815 πατέρας
1020 2729 1105 2796 ἀπο-

96 2828 275 2904 θανόντας.

183 2929 212 2990 9.
238 2927 331 3001 ΤΟΞ.
354 2930 397 2992 Ec
407 2925 468 3010 μὲν
479 2927 532 2992 καὶ
543 2923 583 2993 τά
595 2923 678 2993 άλλα
688 2923 781 3010 ἡμεῖς
794 2931 861 2992 τῶν
872 2923 1039 3011 Ἑλλήνων
1051 2927 1106 2992 καὶ

98 3021 301 3106 δικαιότεροι
320 3020 360 3089 τὰ
384 3021 562 3109 πρόςτούς
584 3027 702 3108 γονέας
726 3024 781 3090 καὶ
801 3019 971 3107 ὁσιώτεροι
995 3024 1104 3107 ἐσμέν,

98 3118 159 3188 ούκ
177 3115 220 3187 άν
238 3124 274 3187 ἐν
290 3127 335 3211 τῷ
350 3120 491 3203 παρόντι
508 3125 764 3206 φιλοτιμηθείην
781 3117 863 3204 πρὸς
878 3123 929 3186 σε’·
957 3117 1008 3187 ὅτι
1024 3119 1060 3188 δὲ
1075 3124 1109 3187 οί

99 3225 190 3305 φίλοι
204 3220 342 3288 Σκύθαι
357 3217 443 3288 πολύ
458 3219 644 3303 πιστότεροι
660 3224 728 3284 τῶν
738 3216 903 3304 Ἑλλήνων
920 3224 1029 3302 φίλων
1045 3218 1105 3286 είσὶ

99 3321 152 3386 καί
167 3316 218 3385 ότι
234 3325 357 3386 πλείων
374 3325 485 3404 φιλίας
497 3317 594 3404 λόγος
609 3314 687 3399 παρ’
704 3313 783 3404 ἡμῖν
797 3311 819 3402 ἦ
833 3312 911 3400 παρ’
928 3313 1025 3402 ὑμῖν,
1044 3317 1107 3405 ῥᾴ-

99 3421 172 3486 διον
194 3420 366 3498 ἐπιδεῖξαι·
396 3420 451 3486 καὶ
471 3414 553 3504 πρὸς
572 3423 666 3485 θεῶν
681 3423 749 3484 τῶν
767 3414 933 3503 Ἑλλήνων
948 3411 999 3502 μὴ
1022 3410 1106 3501 πρὸς
