2575 3842
321 219 565 278 ΑΛΗοοεΣ
584 221 823 278 ιΣνοΡιΑΣ
842 221 876 276 Β.
1060 206 1101 277 71

93 383 251 461 καθαροῦ
260 378 314 443 καὶ
325 381 485 463 διαυγοῦς
494 376 626 460 ὕδατος,
637 375 711 461 άχρι
721 375 761 463 δή
771 378 952 461 ἐπέστημεν
960 374 1100 459 χάσματι

93 474 226 564 μεγάλῳ
242 478 279 542 ἐκ
294 482 355 541 τοῦ
373 474 494 552 ὕδατος
510 477 682 551 διεστῶτος
699 476 924 563 γεγενημένῳ,
947 471 1100 557 καθάπερ

95 576 132 639 ἐν
148 581 189 659 τῇ
208 581 251 661 γή
271 574 429 650 πολλάκις
448 570 579 657 δράμεν
597 569 662 637 ὑπὸ
679 578 824 656 σεισμῶν
844 571 1008 656 γενόμενα
1027 574 1100 635 δια-

95 677 292 756 χωρίσματα.
321 668 342 757 ἡ
357 673 419 755 μὲν
436 663 500 736 οὖν
514 675 598 746 ναῦς
613 668 828 736 καθελόντων
842 664 937 752 ήμῶν
953 663 991 732 τά
1014 670 1099 731 ίστία

96 767 137 835 οό
146 772 269 856 ῥᾳδίως
277 774 352 853 ἔστη
364 764 438 853 παρ’
449 764 563 851 ὀλίγον
574 768 722 833 ἐλθοῦσα
733 771 981 849 κατενεχθῆναι.
995 760 1100 844 ὑπερ-

95 866 261 946 κύψαντες
276 870 313 933 δὲ
327 864 419 952 ἡμεῖς
436 868 591 951 ἑωρῶμεν
605 866 713 953 βάθος
729 864 811 931 ὅσον
826 868 969 931 σταδίων
983 870 1099 949 χιλίων

96 963 184 1049 μάλα
199 962 348 1050 φοβερόν
358 966 412 1029 καὶ
425 964 629 1046 παράδοξον·
652 962 791 1047 είστήκει
803 959 866 1047 γάρ
877 960 914 1028 τό
927 959 1019 1043 ὕδωρ
1033 956 1099 1025 άσ-

95 1084 157 1143 περ
172 1062 428 1144 μεμερισμένον·
450 1062 702 1146 περιβλέποντες
719 1058 754 1125 δέ
769 1056 899 1144 ὁρῶμεν
914 1055 996 1125 κατὰ
1008 1050 1098 1133 δεξιά

97 1154 138 1224 οὐ
155 1156 248 1223 πάνυ
262 1157 443 1241 πόρρωθεν
455 1158 608 1243 γέφυραν
625 1158 863 1241 ἐπεζευγμένην
880 1155 1000 1232 ὕδατος
1015 1173 1098 1219 συν-

96 1256 258 1331 ἅπτοντος
273 1281 309 1320 το
301 1252 450 1341 πελάγη
465 1281 546 1323 κατα
561 1253 623 1340 τήν
633 1254 848 1338 ἐπιφάνειαν,
864 1256 898 1321 ἐκ
914 1261 972 1337 τῆς
989 1253 1099 1334 ἑτέροις

96 1351 263 1436 θαλάττης
276 1350 353 1429 ἐς
318 1378 379 1437 την
390 1355 504 1436 έτέραν
516 1354 734 1436 διαρρέοντος.
758 1351 1021 1435 προσελάσαντες
1036 1340 1098 1415 οὖν

95 1460 167 1526 ταῖς
181 1446 306 1525 κώπαις
319 1447 393 1516 κατ’
415 1452 521 1517 έκεῖνο
536 1448 791 1535 παρεδράμομεν
806 1451 861 1515 καὶ
878 1445 957 1533 μετά
976 1452 1098 1530 πολλῆς

97 1543 269 1629 άγωνίας’
253 1544 458 1631 επεράσαμεν
470 1544 590 1612 οόποτε
601 1546 899 1632 προσδοκήσαντες.
921 1548 971 1613 44.
986 1546 1098 1609 ἐντεῦ-

95 1650 162 1707 θεν
173 1637 260 1725 ήμᾶς
277 1638 452 1726 ὑπεδέχετο
469 1641 610 1725 πέλαγός
623 1667 658 1707 τε
680 1644 842 1728 προσηνὲς
861 1644 916 1709 καὶ
937 1648 1037 1727 νῆσος
1057 1664 1097 1756 ρν

95 1735 255 1854 μεγάλη,
255 1734 466 1820 εὐπρόσιτος,
483 1740 742 1823 συνοικουμένη
765 1740 919 1823 ἐνέμοντο
935 1738 970 1804 δε
993 1733 1098 1821 αότήν

96 1832 205 1919 ἄγριοι
232 1831 425 1919 άνθρωκοι,
453 1837 680 1919 Βουκέφαλοι,
709 1835 828 1918 κέρατα
851 1840 996 1919 ἔχοντες,
1023 1828 1095 1899 οἷον

95 1926 176 2015 παρ’
192 1926 273 2014 ήμῖν
289 1928 348 1996 τόν
361 1931 590 2018 Μινοότανρον
604 1929 880 1998 άναπλάττονσιν.
913 1929 1097 2016 άποβάντες
1117 1940 1163 1995 137

95 2026 131 2093 δέ
146 2026 328 2114 προῄειμεν
346 2025 588 2113 ὑδρευσόμενοι
603 2030 659 2096 καὶ
673 2034 758 2094 σιτία
772 2027 971 2112 ληψόμενοι,
993 2036 1026 2092 εί
1036 2050 1099 2091 πο-

95 2134 160 2190 θεν
172 2128 414 2210 δυνηθείημεν·
431 2122 540 2192 οόκέτι
553 2123 618 2211 γάρ
632 2134 772 2211 εῖχομεν.
795 2126 849 2191 καὶ
861 2122 952 2206 ὕδωρ
964 2120 1025 2206 μὲν
1036 2118 1099 2186 αό-

95 2228 156 2288 τοῦ
168 2230 310 2307 πλησίον
322 2220 481 2308 εὕρομεν,
497 2221 576 2291 άλλο
589 2227 626 2291 δὲ
636 2222 737 2290 οὐδὲν
749 2225 918 2308 ἐφαίνετο,
934 2217 1022 2304 πλήν
1033 2243 1098 2303 μυ-

95 2317 227 2405 κηθμός
241 2317 346 2397 πολός
360 2317 401 2387 οὐ
415 2320 595 2404 πόρρωθεν
604 2319 753 2407 ήκοόετο.
775 2318 928 2399 δόξαντες
942 2310 1006 2384 οὖν
1020 2313 1099 2401 άγέ-

95 2424 159 2502 λην
180 2414 264 2483 εἶναι
287 2424 393 2504 βοῶν,
415 2416 488 2485 κατ’
511 2417 625 2505 ὀλίγον
647 2425 897 2505 προχωροῦντες
919 2419 1099 2501 ἐπέστημεν

95 2528 164 2591 τοῖς
178 2511 380 2599 ἀνθρώποις.
413 2522 447 2584 οῖ
465 2518 500 2585 δὲ
517 2518 644 2595 ίδόντες
659 2516 745 2603 ήμᾶς
765 2521 920 2598 ἐδίωκον,
944 2518 998 2582 καὶ
1013 2527 1099 2598 τρεῖς

95 2613 158 2697 μὲν
178 2620 247 2678 τῶν
268 2615 407 2698 ἑταίρων
423 2620 669 2703 λαμβάνουσιν,
698 2622 731 2684 οί
750 2620 786 2683 δὲ
807 2618 916 2683 λοιποὶ
937 2610 1020 2697 πρὸς
1037 2607 1098 2695 τήν

94 2707 268 2776 θάλατταν
275 2714 532 2799 κατεφεύγομεν.
551 2712 617 2782 εἶτα
629 2718 740 2801 μέντοι
753 2715 873 2792 πάντες
883 2711 1100 2795 ὁπλισάμενοι

94 2847 137 2859 -
150 2804 192 2873 οό
213 2805 277 2893 γάρ
295 2808 402 2876 ἐδόκει
423 2808 503 2895 ἡμῖν
522 2810 749 2900 ἀτιμωρήτους
769 2814 929 2897 περιιδεῖν
946 2806 1024 2884 τούς
1042 2812 1099 2890 φί-

95 2915 175 2983 λους
189 2946 231 2956 -—
246 2909 448 2994 ἐμπίπτομεν
462 2925 529 2988 τοῖς
544 2911 773 2995 Βουκεφάλοις
786 2907 825 2977 τά
841 2910 921 2995 κρέα
934 2912 1001 2972 τοῖν
1017 2900 1099 2989 ὀνη-

95 3008 250 3090 ρημένων
261 3009 521 3093 διαιρουμένοις·
536 3008 717 3096 βοήσαντες
729 3010 764 3075 δὲ
775 3008 896 3083 πάντες
908 3002 1099 3085 ἐδιεόκομεν,

94 3106 151 3170 καὶ
165 3108 338 3189 κτείνομέν
351 3131 384 3172 τε
397 3104 479 3173 ὅσον
489 3109 695 3192 πεντήκοντα
711 3106 765 3171 καὶ
777 3110 898 3183 ζῶντας
913 3098 1026 3167 αὐτῶν
1037 3098 1098 3164 δύο

93 3202 324 3288 λαμβάνομεν,
341 3206 397 3271 καὶ
407 3198 508 3282 αὖθις
519 3202 624 3271 ὀπίσω
635 3202 883 3286 ἀνεστρέψαμεν
893 3196 971 3276 τούς
982 3202 1099 3283 αἰχμα-

94 3299 221 3378 λότους
234 3305 370 3385 ἔχοντες.
395 3302 502 3368 σιτίον
510 3303 624 3387 μέντοι
635 3299 735 3367 οὐδὲν
748 3297 900 3384 εὕρομεν.
921 3298 1024 3382 οἱμὲν
1035 3288 1099 3363 οὖν

9 3453 10 3496 3
94 3396 189 3465 ἄλλοι
204 3398 379 3487 παρῄνουν
394 3397 621 3485 ἀποσφάττειν
635 3396 714 3477 τούς
730 3398 962 3482 εἰλημμένους,
980 3391 1044 3480 ε’γοό
1063 3393 1099 3461 δὲ
