2575 3842
129 195 155 260 rs
543 178 781 233 PRAEFATIO.

125 314 214 382 σίους]
229 312 423 379 Συρακοσίους
441 316 475 364 id.
509 315 569 366 ibid.
588 307 619 364 bi
635 305 811 380 Ἀθηναίους]
832 307 864 364 δ’
879 307 970 380 Ἅθην.
988 318 1024 370 id.
1061 333 1084 365 c.
1100 314 1135 366 30
1153 307 1213 376 Ἅρ-

124 381 260 449 τοξέρξην
277 386 364 448 recepi
382 399 438 433 cum
454 384 511 434 eod.
525 398 571 448 pro
586 377 763 449 Ἀρταξέρξην
792 385 854 434 ibid.
865 375 1007 451 δὲᾶλλων]
1022 375 1154 434 δ’ἄλλων
1172 385 1213 432 id.

126 471 148 508 c.
159 455 194 505 40
209 445 464 516 ἀναγιγνώσκουσιν
483 465 541 503 cum
560 453 617 504 eod.
637 456 722 519 recepi
737 470 783 519 pro
800 443 1041 518 ἀναγινώσκουσιν
1076 470 1098 503 c.
1117 452 1154 502 40
1172 444 1213 500 τὰ

125 519 187 572 ἴδια
197 523 287 588 scripsi
296 537 342 586 pre
352 518 426 583 ἴδιος
447 522 543 586 recepit
552 523 627 572 eiiam
637 521 715 575 Geisi.
740 523 801 574 ibid.
814 517 909 585 μέντοι
920 523 952 573 dc
962 523 1049 574 Geistii
1061 523 1215 572 coniectura

124 607 170 656 pro
185 586 244 655 μέν.
265 590 340 641 Dind.
363 590 495 641 Fritcschii
510 591 675 639 mutationem
691 593 801 657 recepit:
825 583 889 640 ἀλλ’
906 584 934 648 ἐς
951 584 1017 648 robe
1035 581 1215 653 στρατηγοὺς

126 653 177 722 μὲν
212 660 272 709 ibid.
288 655 460 709 συνδιωκέτω
477 659 594 708 revocavi
609 675 667 709 cum
678 660 752 710 Dind.
765 675 812 725 pro
829 655 951 710 διωκότω
987 677 1009 713 c.
1023 662 1056 711 52
1069 657 1212 726 φροιμίῳ]

125 727 265 795 προοιμίῳ
284 729 360 778 Dind.
398 745 420 777 c.
436 729 469 778 57
486 719 549 776 οίον
568 719 636 794 ὁρᾷς
652 730 744 793 scripsi
764 743 810 793 pre
833 723 896 778 οἷον
914 722 947 790 ὁρ
970 744 1037 786 ςτι.
1069 729 1212 777 Burmeist.

124 813 153 862 p.
170 799 205 848 44
219 798 309 863 probat
325 798 525 847 emendationem
536 796 685 845 Hermcnni:
704 789 768 844 οίον
782 789 851 866 ὁρᾷς
866 745 1050 862 καλἽλμηρος
1066 789 1104 853 ὥς
1146 810 1214 860 εγα-

125 859 233 946 λόῳρον
251 867 330 914 ποιεῖ
360 866 420 917 ibid.
437 863 651 947 Συρακουσίων]
666 864 936 928 Συρακοσίωνῦἰαδ.
974 884 996 918 c.
1012 867 1047 918 62
1063 856 1115 914 αότ
1149 873 1215 914 ente
1258 867 1267 885 ⁹

124 949 156 984 το
173 929 254 998 ἔργον
273 950 305 984 ex
325 934 381 987 cod.
400 934 489 983 edisci.
525 934 586 987 ibid.
607 932 705 999 αυτοῦ]
723 926 809 982 αὑτοῦ
823 935 899 984 Dind.
942 985 949 1000 ,

197 1005 261 1056 Ver.
286 1003 344 1055 biri.
370 1003 390 1056 1.
414 1018 437 1052 ο.
461 1002 475 1051 1
498 997 648 1066 γινομένης
670 1005 756 1068 recepi
777 1018 824 1068 pro
846 996 1012 1068 γιγνομένης
1054 1018 1077 1050 c.
1100 991 1214 1063 3Ἰάμ-

124 1070 224 1140 βουλος
240 1072 316 1124 Dind.
358 1070 419 1122 ibid.
442 1060 580 1120 Ἀλκίνουν
602 1087 660 1121 cum
679 1073 735 1122 eod.
758 1074 842 1136 recepi
866 1087 912 1137 pro
932 1063 1070 1121 Ἀλκίνοον
1088 1069 1150 1120 ibid.
1168 1064 1214 1126 σός

124 1149 183 1206 posi
200 1132 308 1196 ἐκεῖνος
331 1155 387 1189 cum
413 1139 470 1191 eod.
495 1139 526 1189 de
543 1139 634 1189 Halmii
658 1141 801 1190 coniectura
821 1141 926 1194 inserui.
968 1157 990 1190 e.
1015 1130 1083 1188 4bi
1102 1127 1212 1202 αὐτῶν]

125 1201 156 1258 δ’
174 1201 265 1258 critic
286 1210 322 1260 id.
360 1224 382 1260 c.
405 1209 420 1257 7
442 1198 558 1291 ἐγίνετο]
575 1199 697 1274 ἐγίγνετο
711 1209 747 1260 id.
776 1224 798 1258 c.
818 1207 836 1258 9
853 1201 963 1273 η’ἰόνος]
981 1198 1067 1273 ᾐόνος
1080 1207 1116 1256 id.
1144 1207 1212 1256 ibid.
1269 1218 1271 1289 γ

125 1271 267 1341 κυρτιόσας
291 1293 346 1348 rece
365 1278 375 1326 i
394 1291 440 1342 pro
458 1276 605 1335 minciades
646 1293 668 1327 c.
693 1278 727 1330 10
750 1267 782 1325 ἓν
807 1269 877 1345 αὐτῇ
899 1278 990 1342 scripsi
1014 1291 1061 1340 pre
1085 1267 1115 1322 όν
1136 1265 1214 1340 αὐτῇ
1269 1314 1270 1319 ,

127 1364 151 1401 c.
174 1347 205 1397 11
226 1358 433 1411 συμφησαντων
451 1339 483 1394 db
502 1348 600 1396 restitui
615 1362 662 1412 pro
684 1337 891 1410 συμφησάντων
909 1339 940 1395 δὲ
958 1337 1047 1410 ἡμῶν.
1072 1345 1125 1393 vid.
1143 1344 1213 1393 Bur-

127 1418 211 1471 meisi.
225 1432 252 1481 p.
269 1417 295 1467 6.
331 1415 392 1468 ibid.
407 1405 480 1463 ucii’
495 1407 584 1464 αὐτόν
600 1417 686 1480 recepi
701 1430 748 1480 pre
767 1407 840 1462 καθ’
852 1407 952 1464 ἑαυτὸν
987 1430 1009 1463 c.
1024 1411 1058 1463 13
1069 1403 1212 1478 ἐλέγοντο]

125 1479 229 1549 ἐλέγετο
244 1484 320 1534 Dind.
357 1500 379 1536 c.
399 1482 431 1534 15
449 1479 514 1545 περὶ
536 1475 634 1550 αὐτόν]
659 1479 724 1547 περὶ
744 1474 830 1532 aivis
846 1485 883 1535 id.
918 1483 981 1536 ibid.
1001 1475 1032 1530 δλ
1050 1471 1211 1558 εόσόνυμιγν]
1269 1484 1270 1523 i

124 1547 157 1602 δ’
173 1547 317 1618 εόιόνυμον
335 1553 370 1602 id.
406 1552 467 1602 ibid.
483 1550 611 1616 γίνονται
628 1554 713 1618 recepi
728 1568 775 1617 pro
793 1551 937 1616 γίγνονται
972 1567 995 1605 ο,
1016 1549 1049 1599 16
1069 1541 1213 1611 Ἀεροκαρ-
1235 1595 1240 1600 .

125 1621 209 1702 denec
228 1623 318 1688 scripsi
333 1621 601 1702 seqeutusssurmeist.
616 1619 643 1686 p‘.
657 1623 739 1702 2⁵⁵3.
755 1635 801 1686 pro
816 1612 1027 1685 Ἀεροκόρδακες
1054 1618 1115 1701 ibid
1130 1613 1213 1698 τγνδς

125 1707 164 1759 τῳ
180 1693 264 1756 recepi
279 1705 326 1754 pro
339 1703 416 1746 τινος
430 1689 531 1739 αυτίκα
546 1705 584 1758 τῳ
620 1707 643 1739 c.
660 1690 692 1739 17
708 1687 824 1754 εφυγον]
841 1683 942 1754 ἔφυγεν
951 1688 1028 1741 Dind.
1060 1687 1119 1738 ibid.
1136 1685 1212 1751 ανω]

126 1751 157 1809 ἒν
176 1753 286 1824 ου’ρανώ
304 1758 409 1811 Mehler.
426 1759 575 1808 sd·Heracl.
593 1759 634 1808 eil.
655 1758 724 1811 hcm.
743 1774 769 1824 p.
785 1757 821 1808 80
835 1773 875 1822 sq.
911 1775 933 1810 c.
952 1756 984 1807 18
1002 1749 1033 1804 ii
1050 1753 1158 1818 λ’πτιωτ]
1179 1752 1214 1802 δ’
1270 1800 1271 1813 ,

126 1827 224 1880 ἵππων
233 1809 308 1882 ῡίἷιδ.
342 1827 403 1879 ibid.
425 1817 494 1875 ἄλλα
509 1814 596 1884 αὖθις
612 1829 696 1892 recepi
710 1842 757 1892 pre
774 1814 861 1883 αὖθις
877 1818 946 1876 ἄλλα
981 1842 1004 1874 c.
1021 1826 1055 1874 22
1072 1816 1146 1873 δὲέν
1175 1819 1211 1871 δ’

102 1889 156 1957 ,ἐν
177 1899 252 1948 Dind.
287 1896 347 1950 ibid.
367 1893 473 1960 γίνεται
489 1898 573 1964 recepi
595 1910 642 1961 pro
661 1894 784 1960 γίγνεται
818 1896 878 1950 ibid.
898 1889 929 1945 δὲ
951 1885 1049 1958 αὐτοῦ]
1074 1883 1106 1941 δ’
1174 1890 1214 1940 οῦ

126 1967 204 2020 Dind.
242 1982 263 2016 c.
279 1966 312 2016 23
327 1957 342 2013 ὁ
359 1973 417 2014 ante
433 1956 542 2021 καπνός
556 1965 643 2018 addidi
677 1965 738 2016 ibid.
751 1964 857 2030 γίνεται
871 1979 916 2030 pro
931 1961 1055 2028 γίγνεται
1081 1962 1141 2013 ibid.
1160 1954 1213 2009 κό-

126 2038 190 2085 λικα
205 2026 291 2099 ὑγρόν
305 2034 396 2098 scripsi
411 2047 457 2098 pro
470 2026 568 2083 κύλικα
583 2030 631 2083 καλ
646 2026 732 2114 ὑγρὸν
757 2051 779 2086 c.
791 2037 826 2085 24
837 2031 926 2099 δοκεῖ]
939 2029 1119 2080 δοκεῖνῦἰαιί.
1147 2031 1210 2080 ibid.

127 2101 221 2169 μέντοι
237 2117 267 2169 γε
283 2105 368 2167 recepi
387 2117 433 2167 pre
451 2097 545 2166 μέντοι
572 2121 594 2159 c.
607 2107 640 2154 25
657 2117 722 2160 τους
735 2095 832 2168 αὐτοῦ]
850 2096 915 2158 τοὺς
933 2094 1018 2150 αὑτοῦ
1032 2098 1110 2149 Dind.
1147 2098 1209 2148 ibid..
1271 2140 1272 2145 ,

126 2166 289 2238 τυφλοίττει]
305 2163 435 2235 φυλάττει
452 2173 487 2222 id.
515 2189 536 2222 c.
552 2171 586 2223 28
598 2165 703 2234 ἐφῆκεν
719 2172 805 2236 recepi
822 2174 945 2236 probante
957 2170 1054 2220 Mehler
1066 2167 1083 2217 l.
1099 2167 1117 2216 l.
1127 2182 1153 2253 p.
1164 2165 1213 2236 λλλγ

126 2234 299 2309 providisses
333 2241 393 2292 ibid.
411 2233 489 2304 παρὰ
501 2242 574 2290 uncis
592 2240 708 2289 liberavit
724 2239 801 2290 Dind.
839 2256 860 2293 c.
880 2239 915 2291 29
931 2233 963 2288 db
981 2229 1129 2301 αότοΐς]δ
1160 2249 1215 2284 ωυ-

125 2315 186 2367 τοῐς
204 2313 239 2360 id.
275 2310 336 2360 ibid.
351 2300 399 2356 διά
418 2301 518 2365 νυκτὸς
531 2291 597 2371 ἷίλης
613 2316 744 2372 receptum
758 2317 807 2372 pro
822 2299 865 2357 δι’
879 2299 947 2372 ὅλης
962 2300 1062 2362 νυκτὸς
1096 2306 1158 2357 ibid
1177 2297 1214 2354 bi

126 2375 207 2444 ἡμεῖς
216 2394 262 2443 pre
274 2370 305 2426 ci
315 2372 362 2425 καλ
381 2368 453 2439 “μει”ς
482 2376 543 2427 ibid
552 2371 686 2440 γινόμενα
694 2391 741 2440 pro
751 2367 902 2442 γιγνόμενα
936 2377 995 2428 ibid.
1006 2368 1139 2436 Κόρωνος
1151 2390 1212 2422 cum

126 2447 202 2499 Dind.
220 2391 411 2511 ρτοΚορωνδς
445 2445 506 2495 ibid.
527 2438 558 2495 δὲ
575 2437 631 2494 ἀπὸ
650 2461 697 2510 pre
715 2437 745 2492 δ’
759 2436 815 2494 α’τιδ
849 2447 911 2496 ibid.
927 2439 958 2494 di
974 2437 1089 2530 τετάρτη
1107 2458 1153 2508 pro
1166 2453 1212 2490 τε-

126 2511 213 2582 τάρτη
230 2507 262 2563 δὲ
289 2530 311 2566 c.
325 2512 360 2565 30
372 2510 539 2577 θαυμασίως
553 2530 600 2579 pre
618 2507 781 2577 θαυμάσιον
797 2507 835 2571 ὥς
870 2532 893 2569 c.
905 2513 936 2564 31
953 2506 985 2563 δὲ
995 2503 1069 2579 ἒν]δ
1091 2504 1211 2590 irpind.

128 2601 151 2639 c.
170 2586 203 2636 32
220 2574 426 2646 ἀναστήσαντες
444 2585 529 2648 recepi
549 2599 606 2634 cum
622 2582 699 2636 Dind.
720 2597 767 2648 pro
784 2575 944 2648 ἀναστήσας
980 2599 1002 2635 c.
1021 2581 1056 2633 33
1073 2573 1108 2630 τὰ
1126 2578 1211 2646 αλλα]

128 2644 214 2702 τᾶλλα
228 2652 303 2701 Dind.
341 2667 362 2701 c.
381 2643 447 2704 346
467 2643 509 2718 ii]
528 2643 543 2702 ὁ
563 2643 593 2700 δ’
609 2652 643 2702 id.
678 2650 740 2704 ibid.
760 2642 910 2717 ἓωρόκατε]
925 2641 1058 2715 ἕοράκατε
1076 2651 1111 2700 id.
1145 2649 1211 2698 ibid.

127 2718 257 2802 καίομεν]
272 2711 377 2784 κόσμον
389 2720 424 2769 id.
453 2737 475 2768 c.
493 2719 527 2772 36
538 2709 587 2769 ἅτε
600 2707 682 2769 οάσιν
696 2711 830 2777 ἀνόπλοις
845 2713 947 2778 αὑτούς
961 2735 992 2784 γε
1006 2713 1211 2784 ὡπλισμένους]

128 2782 178 2840 ἅτε
194 2782 330 2846 ἀνστλοις
352 2774 432 2837 οὖσιν
451 2779 640 2852 ὡπλισμένους
658 2790 733 2839 Dind.
769 2791 831 2842 ibid.
852 2781 903 2840 τὸν
921 2782 1021 2838 λοιπόν
1038 2785 1102 2854 βίον
1123 2789 1213 2851 recepi

128 2875 174 2924 pro
188 2851 220 2909 τό
237 2849 337 2907 λοιπὸν
362 2873 385 2907 c.
398 2856 431 2908 37
444 2849 485 2913 είς
498 2854 547 2907 καλ
564 2851 716 2925 ὁκυβερν]
732 2853 780 2907 καλ
792 2861 865 2910 eiecit
879 2858 956 2909 Dind.
985 2855 1054 2909 sss
1069 2849 1100 2906 ii
1114 2847 1212 2922 εόσόν]

129 2921 159 2976 δ’
176 2919 256 2978 eicis.
269 2927 303 2977 id.
330 2925 391 2978 ibid.
404 2917 487 2983 κότος
501 2943 558 2976 cum
574 2927 630 2977 eod.
645 2942 692 2992 pro
706 2923 791 2990 κῆτος
819 2928 880 2977 ibid.
898 2919 1054 2992 γυμνήτας]
1067 2923 1214 2989 γυμνῆτας

129 2998 165 3048 id.
202 3013 225 3047 c.
243 2994 276 3048 39
291 2992 467 3062 κατῳκοῦμεν
482 3010 541 3045 cum
559 2995 615 3047 eod.
632 3011 680 3060 pro
692 2993 874 3059 κατοικοῦμεν
910 3012 932 3046 c.
949 2997 984 3046 40
1001 2989 1033 3046 bi
1050 2984 1155 3059 αὐτῶν]
1178 2985 1214 3040 δ’

128 3056 221 3114 aive-c
237 3065 272 3114 id.
307 3064 367 3114 ινα.
386 3056 504 3128 ἐκειειε]
521 3055 615 3113 indm
630 3065 668 3117 ic,
699 3065 759 3117 isra.
779 3059 810 3114 ci
826 3055 992 3129 ἐφειστήκει]
1010 3054 1040 3112 ε’
1053 3054 1214 3126 ἐφειστήκει

129 3135 165 3188 id.
202 3150 224 3184 c.
243 3135 273 3182 41
292 3125 324 3182 di
338 3122 485 3198 ἒφάνησαν
513 3125 545 3181 δ’
561 3123 708 3251 ἕῳάνημμν
718 3134 753 3185 id.

202 3203 263 3252 Ver.
282 3201 340 3252 biri.
359 3203 389 3252 li.
406 3204 459 3253 c.1
540 3201 617 3268 ομευ]

129 3271 164 3322 id.
201 3286 223 3318 c.
240 3271 257 3320 2
276 3264 307 3320 di
326 3261 430 3338 ἀνελκ]
447 3261 479 3319 δ’
494 3262 586 3321 sivein.
606 3273 641 3324 id.
678 3272 737 3322 ibid.
758 3263 789 3319 ii
807 3261 865 3351 ἒνιλ]
883 3262 914 3317 δ’
928 3261 975 3319 ixi
992 3272 1028 3329 id.
1063 3270 1124 3322 ibid.
1140 3261 1212 3318 ἀνα-

129 3335 269 3403 καίοντες]
294 3330 465 3397 ἀνακαίοντες
484 3342 520 3390 id.
557 3341 617 3392 ibid.
637 3333 668 3390 db
689 3332 801 3405 αότοός]
826 3335 844 3387 δ
874 3329 976 3396 αὐτοὺς
993 3341 1028 3389 id.
1064 3339 1125 3389 ibid.
1151 3335 1213 3386 διο·
1260 3381 1266 3391 .

129 3405 337 3474 λισθαίνουτες]
353 3400 583 3466 διολισθάνοντες
593 3409 629 3462 id.
659 3410 719 3460 ibid.
729 3399 834 3473 λγίνετσ
851 3410 935 3473 recepi
947 3423 995 3473 pre
1010 3400 1132 3472 ἐγίγνετο
1158 3423 1180 3460 c.
1193 3406 1212 3458 3

1192 3538 1216 3809 i

681 3195 754 3266 ὀμεν
768 3203 805 3252 id.
842 3201 902 3252 ibid.
918 3193 1059 3268 μεγάλοις]
1078 3192 1213 3265 μεγάλαις
1260 3239 1264 3246 .
