2575 3842
171 191 234 253 ειν
516 180 844 268 [Λοναικαον]

170 354 316 419 ἑστίασιν
328 353 451 436 ἐναργῆ
461 357 519 434 τῆς
528 351 686 434 ε’κατέρου
696 351 879 426 διαθέσεως
893 349 1067 435 τεῆμήρια·
1086 345 1179 432 ὁμὲν

169 447 235 534 γὰρ
253 446 428 533 Ἀθηναίος
444 444 625 532 εὐμόρφοις
645 449 761 513 παισὶν
775 447 949 531 έξῆσιιητο,
974 450 1028 513 καὶ
1042 453 1106 522 πᾶς
1128 450 1179 510 ol-

170 550 264 631 κέτης
281 544 370 636 αύτῷ
385 543 503 630 σχεδόν
516 543 667 630 ἀγένειος
680 538 725 629 ῆν
744 547 838 631 μέχρι
859 553 920 612 τοῦ
944 552 1077 629 πρῶτον
1093 540 1178 609 ὑπο-

169 646 356 730 γραφέντος
366 641 478 721 αὐτοῖς
487 650 571 728 χνοῦ
582 644 844 728 παραμένοντες,
858 641 994 710 ἐπειδὰν
1006 642 1042 710 δὲ
1052 641 1180 716 ἰούλοις

170 746 206 809 αί
219 743 351 827 παρειαί
362 749 593 823 πυκασθαῑσιν,
610 740 783 825 οίπονόμοι
796 743 849 808 καὶ
864 748 932 807 τῶν
942 738 1103 827 Ἀθήνησι
1113 763 1180 823 χω-

172 847 255 926 ρίων
276 841 457 926 κηδεμόνες
473 838 723 906 ἀπεστέλλοντο.
757 845 918 923 Χαρικλεῖ
934 863 971 922 γε
991 836 1058 923 μῆν
1074 831 1180 910 πολύς

170 935 395 1022 ὀρχηστρίδων
415 940 471 1004 καὶ
488 943 712 1022 μουσουργῶν
731 935 832 1020 χορός
851 938 960 1001 εἵπετο
980 936 1034 1001 καὶ
1055 939 1123 1000 πᾶν
1139 927 1177 998 τό

172 1034 342 1119 δωμάτιον
360 1033 403 1113 ὡς
419 1038 456 1102 ἐν
471 1039 714 1119 Θεσμοφορίοις
733 1039 906 1117 γυναικῶν
919 1030 1041 1117 μεστόν
1058 1024 1101 1115 ῆν
1117 1027 1180 1096 ἀν-

171 1131 250 1217 δρός
265 1131 338 1199 οὐδ’
355 1133 462 1218 ἀκαρῆ
478 1133 659 1218 παρόντος,
675 1136 706 1198 εί
717 1132 762 1217 μῆ
777 1138 812 1198 τί
822 1155 890 1198 που
900 1130 1023 1217 νήπιον
1036 1126 1058 1214 ῆ
1070 1131 1180 1214 γέρων

168 1227 327 1317 ύπερῆλιξ
342 1226 504 1312 ὀψοποιός
515 1229 657 1318 ὀφθείη,
672 1239 733 1298 τοῦ
746 1232 871 1317 χρόνον
886 1236 1080 1315 ζηλοτυπίας
1090 1226 1178 1294 ὑπο-

168 1337 250 1412 ψίαν
261 1327 323 1397 ούκ
339 1337 478 1416 ἔχοντος.
501 1323 545 1415 ῆν
556 1331 617 1414 μὲν
629 1323 709 1415 ούν,
725 1329 769 1408 ως
779 1336 881 1416 ἔφην,
897 1330 951 1396 καλ
962 1326 1062 1396 ταῦθ’
1075 1323 1176 1394 ίκανά

168 1435 225 1513 τῆς
240 1425 440 1512 ἀμφοτέρων
454 1427 588 1512 γνώμης
602 1431 769 1512 δείγματα.
790 1427 950 1505 πολλάκις
963 1452 1001 1513 γε
1016 1424 1083 1511 μῆν
1096 1422 1180 1503 ἁψι-

172 1531 284 1610 μαχίαι
298 1525 385 1602 τινὲς
396 1522 447 1591 ἐπ’
459 1522 574 1609 ὀλίγον
588 1523 701 1603 αὐτοῖς
711 1527 933 1611 ἐκινήθησαν,
949 1523 1009 1608 ούχ
1021 1521 1065 1600 ὡς
1079 1524 1182 1605 πέρας

98 1637 150 1690 408
171 1627 257 1706 ἔχειν
284 1648 316 1688 τι
336 1619 397 1706 τὴν
421 1622 562 1707 ζήτησιν.
596 1620 669 1690 ἀλλ’
692 1626 761 1690 ἐπεὶ
783 1621 899 1706 καιρός
916 1615 960 1708 ῆν
981 1619 1180 1704 ἀνάγεσθαι,

171 1718 345 1803 σύμπλους
368 1720 591 1804 ἐθελήσαντας
618 1718 741 1798 αύτούς
765 1720 952 1807 ἐπηγόμην·
985 1723 1180 1785 διενοοῦντο

170 1813 234 1900 γαρ
252 1820 298 1892 είς
308 1813 369 1900 τῆν
382 1813 520 1884 Ἰταλίαν
535 1815 690 1902 ἀπαίρειν
700 1815 822 1903 ὁμοίως
837 1821 917 1903 έμοί.
942 1823 989 1887 11.
1007 1820 1062 1884 καὶ
1076 1814 1179 1893 δόξαν

167 1908 247 1998 ἡμίν
258 1917 371 2004 Κνίδῳ
384 1922 604 2001 προσορμίσαι
616 1912 699 1982 κατὰ
709 1918 796 1984 θέαν
806 1924 868 1983 τοῦ
879 1913 1073 2000 Ἀφροδίτης
1084 1916 1177 1994 ιἐροέ

168 2051 210 2063 -
221 2007 372 2095 ὑμνεῖται
387 2012 424 2080 δέ
438 2014 561 2080 τούτου
577 2013 614 2080 τὸ
632 2020 689 2098 τῆς
702 2015 924 2098 Πραξιτέλους
939 2010 1104 2098 εὐχερείας
1117 2007 1175 2076 ὅν-

167 2135 232 2187 τως
246 2109 470 2195 ἐπαφρόδιτον
484 2152 526 2161 -
540 2109 645 2197 ῆρέμα
665 2119 704 2199 τῇ
721 2119 764 2199 γῆ
783 2112 1060 2196 προσηνέχθημεν
1076 2103 1175 2192 αὐτῆς

168 2205 257 2292 οἶμαι
273 2215 329 2293 τῆς
343 2216 428 2276 θεοῦ
442 2218 566 2298 λιπαρῆ
580 2209 711 2297 γαλήνη
725 2209 1021 2295 πομποστολούσης
1034 2205 1071 2274 τό
1089 2206 1172 2273 σκύ-

166 2331 237 2389 φος.
261 2319 328 2382 τοῖς
338 2307 399 2391 μέν
411 2300 474 2374 ούν
485 2302 597 2385 ἄλλοις
611 2313 729 2393 ἔμελον
740 2312 776 2374 αί
785 2307 946 2392 συνήθεις
957 2311 1179 2389 παρασκευαί,

166 2401 229 2488 ἐγώ
241 2405 276 2470 δέ
286 2402 322 2469 τό
336 2402 495 2488 ἐρωτικόν
508 2411 621 2491 ζεῦγος
631 2407 843 2487 ἑκατέρωθεν
851 2405 1055 2490 ἐξαψάμενος
1065 2404 1179 2492 κύκλφ

169 2502 320 2589 περιῆειν
331 2501 392 2586 τῆν
402 2507 528 2570 Κνίδον
541 2501 603 2570 οὐκ
614 2501 768 2589 ἀγελαστὶ
779 2511 836 2589 τῆς
847 2509 1085 2588 κεραμευτικῆς
1096 2499 1179 2567 ἄκο-

168 2607 283 2677 λασίας
298 2604 441 2685 μετέχων
463 2598 507 2679 ὡς
524 2606 561 2668 ἐν
577 2599 774 2688 Ἀφροδίτης
787 2603 892 2670 πόλει.
925 2599 1024 2679 στοδς
1046 2601 1083 2668 δὲ
1098 2608 1179 2667 Σω-

168 2699 312 2781 στράτου
328 2701 383 2768 καλ
402 2693 505 2768 τᾶλλα
524 2699 586 2768 ὅσα
606 2703 741 2785 τέρπειν
757 2698 842 2785 ἡμᾶς
862 2700 1019 2782 ἐδύνατο,
1042 2706 1178 2781 πρῶτον

166 2799 437 2882 ἐκπεριελθόντες
452 2801 503 2866 ἐπὶ
524 2797 584 2866 τόν
599 2797 690 2866 νεών
706 2806 762 2884 τῆς
778 2796 974 2884 Ἀφροδίτης
989 2803 1176 2886 βαδιῖομεν,

94 2907 146 2962 409
166 2897 214 2964 νώ
229 2901 306 2983 μέν,
323 2898 388 2984 ἐγιύ
405 2900 508 2965 τεκαὶ
524 2905 708 2983 Χαρικλῆς,
725 2898 816 2964 πάνυ
827 2899 1029 2983 προθύμως,
1049 2904 1176 2964 Καλλι-

167 3000 321 3081 κρατίδας
337 2995 368 3062 δ’
389 2993 431 3074 ὡς
445 2998 497 3063 ἐπὶ
511 2998 597 3064 θέαν
612 2997 755 3082 θῆλειαν
773 2995 882 3083 ἄκων,
904 2995 1002 3082 ἥδιον
1022 2992 1065 3063 ύν
1086 2994 1178 3083 οἶμαι

164 3101 223 3179 τῆς
234 3092 428 3180 Ἀφροδίτης
444 3104 500 3180 τῆς
515 3099 654 3172 Κνιδίας
675 3093 734 3161 τόν
755 3098 792 3162 ἐν
806 3105 963 3175 Θεσπιαῖς
978 3093 1178 3163 ἄντικαταλ-
1205 3089 1209 3093 Δ

164 3191 346 3277 λαξύμενος
357 3193 494 3277 Ἔρωτα.
528 3201 577 3263 12.
603 3201 662 3261 καί
677 3219 746 3271 πως
767 3191 872 3273 εὐθύς
891 3193 972 3281 ῆμίν
994 3193 1053 3262 ἀπ’
1069 3192 1177 3261 αὐτοῦ

164 3296 225 3355 τοῦ
243 3295 401 3375 τεμένους
419 3289 622 3377 Ἀφροδίσιοι
640 3298 895 3377 προσέπνευσαν
912 3287 1027 3377 αὖραι·
1050 3290 1087 3361 τό
1106 3289 1174 3378 γὰρ

165 3395 303 3469 αἴθριον
326 3385 388 3455 ούκ
415 3393 460 3466 εἰς
485 3393 607 3475 ἐδαφος
633 3389 759 3476 ύγονον
780 3390 921 3476 μύλιστα
948 3399 1056 3460 λίθων
1079 3393 1175 3470 πλαξὶ
