<?xml version="1.0" encoding="UTF-8"?>
<!DOCTYPE html PUBLIC "-//W3C//DTD XHTML 1.0 Transitional//EN"
    "http://www.w3.org/TR/xhtml1/DTD/xhtml1-transitional.dtd">
<html xmlns="http://www.w3.org/1999/xhtml" xml:lang="en" lang="en">
 <head>
  <title>
</title>
<meta http-equiv="Content-Type" content="text/html;charset=utf-8" />
  <meta name='ocr-system' content='tesseract 3.04.00' />
  <meta name='ocr-capabilities' content='ocr_page ocr_carea ocr_par ocr_line ocrx_word'/>
</head>
<body>
  <div class='ocr_page' id='page_1' title='image "./operaadoptimoru00jacogoog/operaadoptimoru00jacogoog_0066.png"; bbox 0 0 2575 3842; ppageno 0'>
   <div class='ocr_carea' id='block_1_1' title="bbox 168 181 875 276">
    <p class='ocr_par' dir='ltr' id='par_1_1' title="bbox 168 181 875 276">
     <span class='ocr_line' id='line_1_1' title="bbox 168 181 875 276; baseline 0.004 -33"><span class='ocrx_word' id='word_1_1' title='bbox 168 181 209 243; x_wconf 71' lang='grc' dir='ltr'><strong><em>ω</em></strong></span> <span class='ocrx_word' id='word_1_2' title='bbox 526 187 819 246; x_wconf 76' lang='grc' dir='ltr'><strong><em>ΛουΚιΑιιου</em></strong></span> <span class='ocrx_word' id='word_1_3' title='bbox 870 267 875 276; x_wconf 12' lang='grc' dir='ltr'><strong><em>χ</em></strong></span> 
     </span>
    </p>
   </div>
   <div class='ocr_carea' id='block_1_2' title="bbox 109 338 1170 3360">
    <p class='ocr_par' dir='ltr' id='par_1_2' title="bbox 109 338 1170 3360">
     <span class='ocr_line' id='line_1_2' title="bbox 168 338 1151 433; baseline 0.007 -27"><span class='ocrx_word' id='word_1_4' title='bbox 168 360 233 431; x_wconf 82' lang='grc' dir='ltr'><strong><em>στφ</em></strong></span> <span class='ocrx_word' id='word_1_5' title='bbox 249 338 361 409; x_wconf 81' lang='grc' dir='ltr'><strong><em>αὐτῶν</em></strong></span> <span class='ocrx_word' id='word_1_6' title='bbox 381 344 512 432; x_wconf 79' lang='grc' dir='ltr'><em>κράμβη</em></span> <span class='ocrx_word' id='word_1_7' title='bbox 525 348 692 431; x_wconf 80' lang='grc' dir='ltr'><strong><em>ἐκπέφυκε</em></strong></span> <span class='ocrx_word' id='word_1_8' title='bbox 708 343 817 431; x_wconf 84' lang='grc' dir='ltr'><strong><em>μακρά</em></strong></span> <span class='ocrx_word' id='word_1_9' title='bbox 834 345 943 433; x_wconf 71' lang='grc' dir='ltr'><strong><em>οἵσπερ</em></strong></span> <span class='ocrx_word' id='word_1_10' title='bbox 960 346 1060 431; x_wconf 88' lang='grc' dir='ltr'><strong><em>ούρά,</em></strong></span> <span class='ocrx_word' id='word_1_11' title='bbox 1081 347 1151 414; x_wconf 89' lang='grc' dir='ltr'><strong><em>θάλ</em></strong></span> 
     </span>
     <span class='ocr_line' id='line_1_3' title="bbox 167 438 1169 528; baseline 0.005 -24"><span class='ocrx_word' id='word_1_12' title='bbox 167 446 273 506; x_wconf 87' lang='grc' dir='ltr'><strong><em>λουσα</em></strong></span> <span class='ocrx_word' id='word_1_13' title='bbox 287 442 319 518; x_wconf 90' lang='grc' dir='ltr'><strong><em>ἐς</em></strong></span> <span class='ocrx_word' id='word_1_14' title='bbox 334 438 455 509; x_wconf 76' lang='grc' dir='ltr'><strong><em>ἀείκαὶ</em></strong></span> <span class='ocrx_word' id='word_1_15' title='bbox 470 442 589 510; x_wconf 79' lang='grc' dir='ltr'><strong><em>ὑπτίου</em></strong></span> <span class='ocrx_word' id='word_1_16' title='bbox 604 441 847 521; x_wconf 77' lang='grc' dir='ltr'><strong><em>ἀναπίπτοντος</em></strong></span> <span class='ocrx_word' id='word_1_17' title='bbox 860 442 902 510; x_wconf 80' lang='grc' dir='ltr'><strong><em>οὐ</em></strong></span> <span class='ocrx_word' id='word_1_18' title='bbox 923 448 1169 528; x_wconf 72' lang='grc' dir='ltr'><strong><em>κατακλωμένη.</em></strong></span> 
     </span>
     <span class='ocr_line' id='line_1_4' title="bbox 118 537 1169 628; baseline 0.003 -24"><span class='ocrx_word' id='word_1_19' title='bbox 118 550 153 604; x_wconf 81' lang='grc'><strong><em>90</em></strong></span> <span class='ocrx_word' id='word_1_20' title='bbox 168 542 218 606; x_wconf 82' lang='grc'><strong><em>24.</em></strong></span> <span class='ocrx_word' id='word_1_21' title='bbox 234 537 478 624; x_wconf 79' lang='grc' dir='ltr'><strong><em>ἀπομύττονται</em></strong></span> <span class='ocrx_word' id='word_1_22' title='bbox 500 540 535 608; x_wconf 75' lang='grc' dir='ltr'><strong><em>δέ</em></strong></span> <span class='ocrx_word' id='word_1_23' title='bbox 552 542 625 627; x_wconf 90' lang='grc' dir='ltr'><strong><em>μέλι</em></strong></span> <span class='ocrx_word' id='word_1_24' title='bbox 645 541 861 628; x_wconf 87' lang='grc' dir='ltr'><strong><em>δριμύτατον·</em></strong></span> <span class='ocrx_word' id='word_1_25' title='bbox 891 541 1053 610; x_wconf 83' lang='grc' dir='ltr'><strong><em>κάπειδὰν</em></strong></span> <span class='ocrx_word' id='word_1_26' title='bbox 1069 538 1089 627; x_wconf 78' lang='grc' dir='ltr'><em>ἢ</em></span> <span class='ocrx_word' id='word_1_27' title='bbox 1107 567 1169 607; x_wconf 92' lang='grc' dir='ltr'><strong><em>πο-</em></strong></span> 
     </span>
     <span class='ocr_line' id='line_1_5' title="bbox 164 631 1168 726; baseline 0.003 -25"><span class='ocrx_word' id='word_1_28' title='bbox 164 631 305 721; x_wconf 77' lang='grc' dir='ltr'><strong><em>νῶσινῆ</em></strong></span> <span class='ocrx_word' id='word_1_29' title='bbox 324 638 572 723; x_wconf 81' lang='grc' dir='ltr'><strong><em>γυμνάζωνται,</em></strong></span> <span class='ocrx_word' id='word_1_30' title='bbox 597 640 735 723; x_wconf 90' lang='grc' dir='ltr'><strong><em>γάλακτι</em></strong></span> <span class='ocrx_word' id='word_1_31' title='bbox 754 646 823 707; x_wconf 79' lang='grc' dir='ltr'><strong><em>πᾶν</em></strong></span> <span class='ocrx_word' id='word_1_32' title='bbox 839 638 875 706; x_wconf 87' lang='grc' dir='ltr'><strong><em>τδ</em></strong></span> <span class='ocrx_word' id='word_1_33' title='bbox 891 648 986 726; x_wconf 77' lang='grc' dir='ltr'><strong><em>σῶμα</em></strong></span> <span class='ocrx_word' id='word_1_34' title='bbox 1005 645 1168 722; x_wconf 76' lang='grc' dir='ltr'><strong><em>ἱδροῦσιν,</em></strong></span> 
     </span>
     <span class='ocr_line' id='line_1_6' title="bbox 166 730 1168 823; baseline 0.003 -26"><span class='ocrx_word' id='word_1_35' title='bbox 166 730 249 798; x_wconf 77' lang='grc' dir='ltr'><strong><em>ὥστε</em></strong></span> <span class='ocrx_word' id='word_1_36' title='bbox 260 733 315 798; x_wconf 80' lang='grc' dir='ltr'><strong><em>καὶ</em></strong></span> <span class='ocrx_word' id='word_1_37' title='bbox 326 731 448 820; x_wconf 87' lang='grc' dir='ltr'><strong><em>τυροὺς</em></strong></span> <span class='ocrx_word' id='word_1_38' title='bbox 462 733 519 801; x_wconf 88' lang='grc' dir='ltr'><strong><em>ἀπ’</em></strong></span> <span class='ocrx_word' id='word_1_39' title='bbox 536 734 640 802; x_wconf 83' lang='grc' dir='ltr'><strong><em>αὑτοῦ</em></strong></span> <span class='ocrx_word' id='word_1_40' title='bbox 655 737 864 822; x_wconf 78' lang='grc' dir='ltr'><strong><em>πήγνυσθαι,</em></strong></span> <span class='ocrx_word' id='word_1_41' title='bbox 877 734 991 823; x_wconf 78' lang='grc' dir='ltr'><strong><em>ὀλίγον</em></strong></span> <span class='ocrx_word' id='word_1_42' title='bbox 1001 744 1062 804; x_wconf 84' lang='grc' dir='ltr'><strong><em>τοῦ</em></strong></span> <span class='ocrx_word' id='word_1_43' title='bbox 1076 737 1168 821; x_wconf 88' lang='grc' dir='ltr'><strong><em>μέλι-</em></strong></span> 
     </span>
     <span class='ocr_line' id='line_1_7' title="bbox 163 831 1168 918; baseline 0.004 -23"><span class='ocrx_word' id='word_1_44' title='bbox 163 855 219 906; x_wconf 91' lang='grc' dir='ltr'><strong><em>τος</em></strong></span> <span class='ocrx_word' id='word_1_45' title='bbox 240 831 484 909; x_wconf 77' lang='grc' dir='ltr'><strong><em>ἐπιστάξαντες·</em></strong></span> <span class='ocrx_word' id='word_1_46' title='bbox 514 838 625 900; x_wconf 88' lang='grc' dir='ltr'><strong><em>ἔλαιον</em></strong></span> <span class='ocrx_word' id='word_1_47' title='bbox 641 833 677 900; x_wconf 76' lang='grc' dir='ltr'><strong><em>δὲ</em></strong></span> <span class='ocrx_word' id='word_1_48' title='bbox 695 841 868 901; x_wconf 83' lang='grc' dir='ltr'><strong><em>ποιοῦνται</em></strong></span> <span class='ocrx_word' id='word_1_49' title='bbox 888 832 952 902; x_wconf 79' lang='grc' dir='ltr'><strong><em>ἀπὸ</em></strong></span> <span class='ocrx_word' id='word_1_50' title='bbox 973 845 1041 902; x_wconf 66' lang='grc' dir='ltr'><strong><em>τοῖν</em></strong></span> <span class='ocrx_word' id='word_1_51' title='bbox 1063 858 1168 918; x_wconf 88' lang='grc' dir='ltr'><strong><em>κρομ-</em></strong></span> 
     </span>
     <span class='ocr_line' id='line_1_8' title="bbox 165 925 1169 1016; baseline 0.004 -26"><span class='ocrx_word' id='word_1_52' title='bbox 165 925 261 1010; x_wconf 84' lang='grc' dir='ltr'><strong><em>μύων</em></strong></span> <span class='ocrx_word' id='word_1_53' title='bbox 279 926 370 992; x_wconf 90' lang='grc' dir='ltr'><strong><em>πάνυ</em></strong></span> <span class='ocrx_word' id='word_1_54' title='bbox 383 930 527 1011; x_wconf 89' lang='grc' dir='ltr'><strong><em>λιπαρόν</em></strong></span> <span class='ocrx_word' id='word_1_55' title='bbox 542 955 576 996; x_wconf 92' lang='grc' dir='ltr'><strong><em>τε</em></strong></span> <span class='ocrx_word' id='word_1_56' title='bbox 590 932 645 998; x_wconf 82' lang='grc' dir='ltr'><strong><em>καὶ</em></strong></span> <span class='ocrx_word' id='word_1_57' title='bbox 656 927 777 1008; x_wconf 80' lang='grc' dir='ltr'><strong><em>εὑῶδες</em></strong></span> <span class='ocrx_word' id='word_1_58' title='bbox 792 929 902 1016; x_wconf 74' lang='grc' dir='ltr'><strong><em>ὥσπερ</em></strong></span> <span class='ocrx_word' id='word_1_59' title='bbox 919 932 1038 1015; x_wconf 78' lang='grc' dir='ltr'><strong><em>μύρον,</em></strong></span> <span class='ocrx_word' id='word_1_60' title='bbox 1062 927 1169 1014; x_wconf 88' lang='grc' dir='ltr'><strong><em>ἀμπέ-</em></strong></span> 
     </span>
     <span class='ocr_line' id='line_1_9' title="bbox 165 1022 1168 1116; baseline 0.003 -29"><span class='ocrx_word' id='word_1_61' title='bbox 165 1029 244 1099; x_wconf 88' lang='grc' dir='ltr'><strong><em>λους</em></strong></span> <span class='ocrx_word' id='word_1_62' title='bbox 261 1022 296 1088; x_wconf 77' lang='grc' dir='ltr'><strong><em>δέ</em></strong></span> <span class='ocrx_word' id='word_1_63' title='bbox 312 1023 436 1103; x_wconf 86' lang='grc' dir='ltr'><strong><em>πολλάς</em></strong></span> <span class='ocrx_word' id='word_1_64' title='bbox 451 1032 583 1112; x_wconf 87' lang='grc' dir='ltr'><strong><em>ἐχονσιυ</em></strong></span> <span class='ocrx_word' id='word_1_65' title='bbox 600 1025 829 1111; x_wconf 81' lang='grc' dir='ltr'><strong><em>ὑδροφόρους·</em></strong></span> <span class='ocrx_word' id='word_1_66' title='bbox 856 1032 892 1095; x_wconf 90' lang='grc' dir='ltr'><strong><em>αί</em></strong></span> <span class='ocrx_word' id='word_1_67' title='bbox 905 1027 970 1113; x_wconf 91' lang='grc' dir='ltr'><strong><em>γάρ</em></strong></span> <span class='ocrx_word' id='word_1_68' title='bbox 986 1031 1084 1116; x_wconf 75' lang='grc' dir='ltr'><strong><em>ῥᾶγες</em></strong></span> <span class='ocrx_word' id='word_1_69' title='bbox 1098 1031 1168 1091; x_wconf 80' lang='grc' dir='ltr'><strong><em>τῶν</em></strong></span> 
     </span>
     <span class='ocr_line' id='line_1_10' title="bbox 164 1120 1169 1210; baseline 0.004 -26"><span class='ocrx_word' id='word_1_70' title='bbox 164 1120 317 1204; x_wconf 82' lang='grc' dir='ltr'><strong><em>βοτρύων</em></strong></span> <span class='ocrx_word' id='word_1_71' title='bbox 332 1125 415 1190; x_wconf 88' lang='grc' dir='ltr'><strong><em>είσλν</em></strong></span> <span class='ocrx_word' id='word_1_72' title='bbox 430 1121 540 1210; x_wconf 74' lang='grc' dir='ltr'><strong><em>ὥσπερ</em></strong></span> <span class='ocrx_word' id='word_1_73' title='bbox 557 1127 694 1210; x_wconf 81' lang='grc' dir='ltr'><strong><em>χάλαζα,</em></strong></span> <span class='ocrx_word' id='word_1_74' title='bbox 711 1130 769 1190; x_wconf 91' lang='grc' dir='ltr'><strong><em>καί</em></strong></span> <span class='ocrx_word' id='word_1_75' title='bbox 782 1149 839 1209; x_wconf 87' lang='grc' dir='ltr'><strong><em>μοι</em></strong></span> <span class='ocrx_word' id='word_1_76' title='bbox 856 1128 949 1191; x_wconf 83' lang='grc' dir='ltr'><strong><em>δοκεῖ</em></strong></span> <span class='ocrx_word' id='word_1_77' title='bbox 956 1121 1092 1191; x_wconf 87' lang='grc' dir='ltr'><strong><em>ἐπειδάν</em></strong></span> <span class='ocrx_word' id='word_1_78' title='bbox 1108 1124 1169 1206; x_wconf 90' lang='grc' dir='ltr'><strong><em>ἐμ-</em></strong></span> 
     </span>
     <span class='ocr_line' id='line_1_11' title="bbox 164 1215 1169 1309; baseline 0.002 -27"><span class='ocrx_word' id='word_1_79' title='bbox 164 1215 276 1283; x_wconf 78' lang='grc' dir='ltr'><strong><em>πεσιδν</em></strong></span> <span class='ocrx_word' id='word_1_80' title='bbox 292 1216 412 1305; x_wconf 85' lang='grc' dir='ltr'><strong><em>ἀνεμος</em></strong></span> <span class='ocrx_word' id='word_1_81' title='bbox 427 1225 576 1309; x_wconf 82' lang='grc' dir='ltr'><strong><em>διασείσῃ</em></strong></span> <span class='ocrx_word' id='word_1_82' title='bbox 589 1220 648 1300; x_wconf 88' lang='grc' dir='ltr'><strong><em>τάς</em></strong></span> <span class='ocrx_word' id='word_1_83' title='bbox 662 1219 828 1307; x_wconf 77' lang='grc' dir='ltr'><strong><em>ἀμπέλους</em></strong></span> <span class='ocrx_word' id='word_1_84' title='bbox 838 1223 980 1305; x_wconf 88' lang='grc' dir='ltr'><strong><em>ἐκείνοις,</em></strong></span> <span class='ocrx_word' id='word_1_85' title='bbox 995 1221 1070 1288; x_wconf 86' lang='grc' dir='ltr'><strong><em>τότε</em></strong></span> <span class='ocrx_word' id='word_1_86' title='bbox 1083 1217 1169 1302; x_wconf 88' lang='grc' dir='ltr'><strong><em>πρδς</em></strong></span> 
     </span>
     <span class='ocr_line' id='line_1_12' title="bbox 162 1311 1165 1406; baseline 0.003 -27"><span class='ocrx_word' id='word_1_87' title='bbox 162 1311 248 1399; x_wconf 77' lang='grc' dir='ltr'><strong><em>ἡμᾶς</em></strong></span> <span class='ocrx_word' id='word_1_88' title='bbox 263 1325 456 1386; x_wconf 88' lang='grc' dir='ltr'><strong><em>καταπίπτει</em></strong></span> <span class='ocrx_word' id='word_1_89' title='bbox 471 1317 492 1404; x_wconf 80' lang='grc' dir='ltr'><em>ἡ</em></span> <span class='ocrx_word' id='word_1_90' title='bbox 509 1319 631 1403; x_wconf 81' lang='grc' dir='ltr'><strong><em>χάλαζα</em></strong></span> <span class='ocrx_word' id='word_1_91' title='bbox 652 1322 897 1406; x_wconf 77' lang='grc' dir='ltr'><strong><em>διαρραγέντων</em></strong></span> <span class='ocrx_word' id='word_1_92' title='bbox 917 1325 985 1384; x_wconf 81' lang='grc' dir='ltr'><strong><em>τῶν</em></strong></span> <span class='ocrx_word' id='word_1_93' title='bbox 1001 1317 1165 1404; x_wconf 85' lang='grc' dir='ltr'><strong><em>βοτρύων.</em></strong></span> 
     </span>
     <span class='ocr_line' id='line_1_13' title="bbox 162 1411 1167 1504; baseline 0.001 -27"><span class='ocrx_word' id='word_1_94' title='bbox 162 1419 203 1497; x_wconf 82' lang='grc' dir='ltr'><strong><em>τῇ</em></strong></span> <span class='ocrx_word' id='word_1_95' title='bbox 216 1413 328 1496; x_wconf 90' lang='grc' dir='ltr'><strong><em>μέντοι</em></strong></span> <span class='ocrx_word' id='word_1_96' title='bbox 343 1441 381 1499; x_wconf 82' lang='grc' dir='ltr'><strong><em>γε</em></strong></span> <span class='ocrx_word' id='word_1_97' title='bbox 395 1418 509 1500; x_wconf 81' lang='grc' dir='ltr'><strong><em>γαστρὶ</em></strong></span> <span class='ocrx_word' id='word_1_98' title='bbox 527 1414 589 1483; x_wconf 84' lang='grc' dir='ltr'><strong><em>ὅσα</em></strong></span> <span class='ocrx_word' id='word_1_99' title='bbox 603 1416 694 1504; x_wconf 79' lang='grc' dir='ltr'><strong><em>πήρᾳ</em></strong></span> <span class='ocrx_word' id='word_1_100' title='bbox 708 1424 850 1500; x_wconf 79' lang='grc' dir='ltr'><strong><em>χρῶνται</em></strong></span> <span class='ocrx_word' id='word_1_101' title='bbox 868 1418 1015 1492; x_wconf 74' lang='grc' dir='ltr'><strong><em>τιθέντες</em></strong></span> <span class='ocrx_word' id='word_1_102' title='bbox 1030 1419 1066 1482; x_wconf 85' lang='grc' dir='ltr'><strong><em>ἐν</em></strong></span> <span class='ocrx_word' id='word_1_103' title='bbox 1083 1411 1167 1499; x_wconf 78' lang='grc' dir='ltr'><strong><em>κύτη</em></strong></span> 
     </span>
     <span class='ocr_line' id='line_1_14' title="bbox 163 1505 1167 1598; baseline 0.003 -25"><span class='ocrx_word' id='word_1_104' title='bbox 163 1505 254 1574; x_wconf 80' lang='grc' dir='ltr'><strong><em>ὅσων</em></strong></span> <span class='ocrx_word' id='word_1_105' title='bbox 268 1512 414 1577; x_wconf 87' lang='grc' dir='ltr'><strong><em>δέονται·</em></strong></span> <span class='ocrx_word' id='word_1_106' title='bbox 436 1508 572 1598; x_wconf 79' lang='grc' dir='ltr'><strong><em>ἀνοικτὴ</em></strong></span> <span class='ocrx_word' id='word_1_107' title='bbox 587 1509 653 1596; x_wconf 82' lang='grc' dir='ltr'><strong><em>γάρ</em></strong></span> <span class='ocrx_word' id='word_1_108' title='bbox 667 1509 779 1590; x_wconf 80' lang='grc' dir='ltr'><strong><em>αὐτοῖς</em></strong></span> <span class='ocrx_word' id='word_1_109' title='bbox 793 1511 877 1597; x_wconf 82' lang='grc' dir='ltr'><strong><em>αὕτη</em></strong></span> <span class='ocrx_word' id='word_1_110' title='bbox 892 1513 947 1579; x_wconf 80' lang='grc' dir='ltr'><strong><em>καὶ</em></strong></span> <span class='ocrx_word' id='word_1_111' title='bbox 959 1513 1062 1579; x_wconf 89' lang='grc' dir='ltr'><strong><em>πάλιν</em></strong></span> <span class='ocrx_word' id='word_1_112' title='bbox 1075 1519 1167 1578; x_wconf 89' lang='grc' dir='ltr'><strong><em>κλει-</em></strong></span> 
     </span>
     <span class='ocr_line' id='line_1_15' title="bbox 163 1601 1167 1697; baseline 0.004 -28"><span class='ocrx_word' id='word_1_113' title='bbox 163 1604 222 1689; x_wconf 85' lang='grc' dir='ltr'><strong><em>στή</em></strong></span> <span class='ocrx_word' id='word_1_114' title='bbox 245 1607 349 1672; x_wconf 89' lang='grc' dir='ltr'><strong><em>ἐστιν·</em></strong></span> <span class='ocrx_word' id='word_1_115' title='bbox 383 1613 517 1694; x_wconf 82' lang='grc' dir='ltr'><strong><em>ἔντερον</em></strong></span> <span class='ocrx_word' id='word_1_116' title='bbox 540 1609 576 1674; x_wconf 76' lang='grc' dir='ltr'><strong><em>δὲ</em></strong></span> <span class='ocrx_word' id='word_1_117' title='bbox 596 1606 675 1675; x_wconf 81' lang='grc' dir='ltr'><strong><em>ούδέ</em></strong></span> <span class='ocrx_word' id='word_1_118' title='bbox 696 1602 786 1694; x_wconf 80' lang='grc' dir='ltr'><strong><em>ἧπαρ</em></strong></span> <span class='ocrx_word' id='word_1_119' title='bbox 808 1611 845 1676; x_wconf 89' lang='grc' dir='ltr'><strong><em>ἐν</em></strong></span> <span class='ocrx_word' id='word_1_120' title='bbox 866 1607 950 1697; x_wconf 78' lang='grc' dir='ltr'><strong><em>αὐτῇ</em></strong></span> <span class='ocrx_word' id='word_1_121' title='bbox 972 1614 1123 1693; x_wconf 86' lang='grc' dir='ltr'><strong><em>φαίνεται</em></strong></span> <span class='ocrx_word' id='word_1_122' title='bbox 1144 1601 1167 1691; x_wconf 76' lang='grc' dir='ltr'><em>ἢ</em></span> 
     </span>
     <span class='ocr_line' id='line_1_16' title="bbox 161 1706 1166 1794; baseline 0.001 -22"><span class='ocrx_word' id='word_1_123' title='bbox 161 1713 260 1772; x_wconf 83' lang='grc' dir='ltr'><strong><em>τοῦτο</em></strong></span> <span class='ocrx_word' id='word_1_124' title='bbox 272 1706 394 1794; x_wconf 87' lang='grc' dir='ltr'><strong><em>μόνον,</em></strong></span> <span class='ocrx_word' id='word_1_125' title='bbox 412 1707 462 1776; x_wconf 84' lang='grc' dir='ltr'><strong><em>ὅτι</em></strong></span> <span class='ocrx_word' id='word_1_126' title='bbox 475 1714 589 1777; x_wconf 80' lang='grc' dir='ltr'><strong><em>δασεῖα</em></strong></span> <span class='ocrx_word' id='word_1_127' title='bbox 603 1716 692 1776; x_wconf 86' lang='grc' dir='ltr'><strong><em>πάσα</em></strong></span> <span class='ocrx_word' id='word_1_128' title='bbox 703 1716 865 1776; x_wconf 74' lang='grc' dir='ltr'><strong><em>ἔντοσθεν</em></strong></span> <span class='ocrx_word' id='word_1_129' title='bbox 876 1711 929 1777; x_wconf 82' lang='grc' dir='ltr'><strong><em>καὶ</em></strong></span> <span class='ocrx_word' id='word_1_130' title='bbox 940 1707 1054 1786; x_wconf 88' lang='grc' dir='ltr'><strong><em>λάσιός</em></strong></span> <span class='ocrx_word' id='word_1_131' title='bbox 1065 1710 1166 1792; x_wconf 90' lang='grc' dir='ltr'><strong><em>ἐστιν,</em></strong></span> 
     </span>
     <span class='ocr_line' id='line_1_17' title="bbox 162 1801 1166 1895; baseline 0.004 -28"><span class='ocrx_word' id='word_1_132' title='bbox 162 1801 245 1868; x_wconf 74' lang='grc' dir='ltr'><strong><em>ὥστε</em></strong></span> <span class='ocrx_word' id='word_1_133' title='bbox 266 1805 321 1869; x_wconf 81' lang='grc' dir='ltr'><strong><em>καί</em></strong></span> <span class='ocrx_word' id='word_1_134' title='bbox 335 1802 375 1870; x_wconf 89' lang='grc' dir='ltr'><strong><em>τά</em></strong></span> <span class='ocrx_word' id='word_1_135' title='bbox 396 1808 538 1892; x_wconf 90' lang='grc' dir='ltr'><strong><em>νεογνά,</em></strong></span> <span class='ocrx_word' id='word_1_136' title='bbox 560 1804 696 1875; x_wconf 82' lang='grc' dir='ltr'><strong><em>ἐπειδάν</em></strong></span> <span class='ocrx_word' id='word_1_137' title='bbox 710 1810 866 1895; x_wconf 76' lang='grc' dir='ltr'><strong><em>ῥιγῶσιν,</em></strong></span> <span class='ocrx_word' id='word_1_138' title='bbox 889 1810 922 1885; x_wconf 89' lang='grc' dir='ltr'><strong><em>ἐς</em></strong></span> <span class='ocrx_word' id='word_1_139' title='bbox 938 1806 1063 1891; x_wconf 91' lang='grc' dir='ltr'><strong><em>ταύτην</em></strong></span> <span class='ocrx_word' id='word_1_140' title='bbox 1079 1803 1166 1871; x_wconf 92' lang='grc' dir='ltr'><strong><em>ὑπο-</em></strong></span> 
     </span>
     <span class='ocr_line' id='line_1_18' title="bbox 160 1898 1165 1989; baseline 0.005 -27"><span class='ocrx_word' id='word_1_141' title='bbox 160 1898 283 1965; x_wconf 88' lang='grc' dir='ltr'><strong><em>δύεται.</em></strong></span> <span class='ocrx_word' id='word_1_142' title='bbox 306 1905 356 1968; x_wconf 78' lang='lat'><strong><em>25.</em></strong></span> <span class='ocrx_word' id='word_1_143' title='bbox 374 1901 475 1987; x_wconf 79' lang='grc' dir='ltr'><strong><em>ἐσθὴς</em></strong></span> <span class='ocrx_word' id='word_1_144' title='bbox 486 1903 521 1971; x_wconf 74' lang='grc' dir='ltr'><strong><em>δὲ</em></strong></span> <span class='ocrx_word' id='word_1_145' title='bbox 534 1918 601 1982; x_wconf 81' lang='grc' dir='ltr'><strong><em>τοῖς</em></strong></span> <span class='ocrx_word' id='word_1_146' title='bbox 612 1905 674 1989; x_wconf 75' lang='grc' dir='ltr'><strong><em>μὲν</em></strong></span> <span class='ocrx_word' id='word_1_147' title='bbox 685 1910 856 1981; x_wconf 88' lang='grc' dir='ltr'><strong><em>πλουσίοις</em></strong></span> <span class='ocrx_word' id='word_1_148' title='bbox 866 1901 986 1988; x_wconf 83' lang='grc' dir='ltr'><strong><em>ὑαλίνη</em></strong></span> <span class='ocrx_word' id='word_1_149' title='bbox 998 1900 1165 1987; x_wconf 83' lang='grc' dir='ltr'><strong><em>μαλθακή,</em></strong></span> 
     </span>
     <span class='ocr_line' id='line_1_19' title="bbox 160 1993 1170 2086; baseline 0.003 -26"><span class='ocrx_word' id='word_1_150' title='bbox 160 2007 228 2072; x_wconf 80' lang='grc' dir='ltr'><strong><em>τοῖς</em></strong></span> <span class='ocrx_word' id='word_1_151' title='bbox 248 1997 367 2080; x_wconf 83' lang='grc' dir='ltr'><strong><em>πένησι</em></strong></span> <span class='ocrx_word' id='word_1_152' title='bbox 389 1998 425 2065; x_wconf 79' lang='grc' dir='ltr'><strong><em>δὲ</em></strong></span> <span class='ocrx_word' id='word_1_153' title='bbox 445 2007 547 2085; x_wconf 81' lang='grc' dir='ltr'><strong><em>χαλκῆ</em></strong></span> <span class='ocrx_word' id='word_1_154' title='bbox 565 1996 713 2086; x_wconf 81' lang='grc' dir='ltr'><strong><em>ὑφαντή·</em></strong></span> <span class='ocrx_word' id='word_1_155' title='bbox 744 1999 934 2082; x_wconf 88' lang='grc' dir='ltr'><strong><em>πολύχαλκα</em></strong></span> <span class='ocrx_word' id='word_1_156' title='bbox 957 1995 1022 2082; x_wconf 90' lang='grc' dir='ltr'><strong><em>γάρ</em></strong></span> <span class='ocrx_word' id='word_1_157' title='bbox 1039 1993 1078 2062; x_wconf 80' lang='grc' dir='ltr'><strong><em>τὰ</em></strong></span> <span class='ocrx_word' id='word_1_158' title='bbox 1099 1999 1170 2063; x_wconf 81' lang='grc' dir='ltr'><strong><em>ἐκεῖ</em></strong></span> 
     </span>
     <span class='ocr_line' id='line_1_20' title="bbox 158 2093 1159 2183; baseline 0.004 -26"><span class='ocrx_word' id='word_1_159' title='bbox 158 2098 261 2177; x_wconf 85' lang='grc' dir='ltr'><strong><em>χωρία</em></strong></span> <span class='ocrx_word' id='word_1_160' title='bbox 271 2095 325 2160; x_wconf 79' lang='grc' dir='ltr'><strong><em>καί</em></strong></span> <span class='ocrx_word' id='word_1_161' title='bbox 336 2096 526 2180; x_wconf 82' lang='grc' dir='ltr'><strong><em>ἐργάζονται</em></strong></span> <span class='ocrx_word' id='word_1_162' title='bbox 536 2096 596 2164; x_wconf 91' lang='grc' dir='ltr'><strong><em>τδν</em></strong></span> <span class='ocrx_word' id='word_1_163' title='bbox 606 2095 730 2183; x_wconf 84' lang='grc' dir='ltr'><strong><em>χαλκὸν</em></strong></span> <span class='ocrx_word' id='word_1_164' title='bbox 740 2096 838 2163; x_wconf 85' lang='grc' dir='ltr'><strong><em>ὑδατι</em></strong></span> <span class='ocrx_word' id='word_1_165' title='bbox 846 2096 1086 2183; x_wconf 81' lang='grc' dir='ltr'><strong><em>ὑποβρέξαντες</em></strong></span> <span class='ocrx_word' id='word_1_166' title='bbox 1098 2093 1159 2160; x_wconf 77' lang='grc' dir='ltr'><strong><em>ὥσ-</em></strong></span> 
     </span>
     <span class='ocr_line' id='line_1_21' title="bbox 159 2189 1163 2282; baseline 0.005 -27"><span class='ocrx_word' id='word_1_167' title='bbox 159 2216 221 2272; x_wconf 91' lang='grc' dir='ltr'><strong><em>περ</em></strong></span> <span class='ocrx_word' id='word_1_168' title='bbox 236 2189 275 2257; x_wconf 89' lang='grc' dir='ltr'><strong><em>τά</em></strong></span> <span class='ocrx_word' id='word_1_169' title='bbox 291 2197 371 2274; x_wconf 78' lang='grc' dir='ltr'><strong><em>ἔρια.</em></strong></span> <span class='ocrx_word' id='word_1_170' title='bbox 394 2196 468 2280; x_wconf 79' lang='grc' dir='ltr'><strong><em>περὶ</em></strong></span> <span class='ocrx_word' id='word_1_171' title='bbox 483 2198 595 2281; x_wconf 91' lang='grc' dir='ltr'><strong><em>μέντοι</em></strong></span> <span class='ocrx_word' id='word_1_172' title='bbox 611 2204 680 2263; x_wconf 78' lang='grc' dir='ltr'><strong><em>των</em></strong></span> <span class='ocrx_word' id='word_1_173' title='bbox 695 2194 899 2282; x_wconf 78' lang='grc' dir='ltr'><strong><em>ὀφθαλμῶν,</em></strong></span> <span class='ocrx_word' id='word_1_174' title='bbox 916 2199 1008 2273; x_wconf 77' lang='grc' dir='ltr'><strong><em>οἵους</em></strong></span> <span class='ocrx_word' id='word_1_175' title='bbox 1020 2202 1163 2281; x_wconf 81' lang='grc' dir='ltr'><strong><em>ἔχουσιν,</em></strong></span> 
     </span>
     <span class='ocr_line' id='line_1_22' title="bbox 159 2285 1163 2381; baseline 0.006 -27"><span class='ocrx_word' id='word_1_176' title='bbox 159 2285 249 2354; x_wconf 82' lang='grc' dir='ltr'><strong><em>ὀκυεό</em></strong></span> <span class='ocrx_word' id='word_1_177' title='bbox 270 2292 332 2373; x_wconf 78' lang='grc' dir='ltr'><strong><em>μὲν</em></strong></span> <span class='ocrx_word' id='word_1_178' title='bbox 358 2296 478 2377; x_wconf 82' lang='grc' dir='ltr'><strong><em>είπεῖν,</em></strong></span> <span class='ocrx_word' id='word_1_179' title='bbox 504 2293 550 2378; x_wconf 80' lang='grc' dir='ltr'><strong><em>μή</em></strong></span> <span class='ocrx_word' id='word_1_180' title='bbox 572 2299 619 2370; x_wconf 91' lang='grc' dir='ltr'><strong><em>τίς</em></strong></span> <span class='ocrx_word' id='word_1_181' title='bbox 641 2320 682 2378; x_wconf 91' lang='grc' dir='ltr'><strong><em>με</em></strong></span> <span class='ocrx_word' id='word_1_182' title='bbox 704 2301 823 2381; x_wconf 88' lang='grc' dir='ltr'><strong><em>νομίση</em></strong></span> <span class='ocrx_word' id='word_1_183' title='bbox 844 2294 1029 2375; x_wconf 74' lang='grc' dir='ltr'><strong><em>ψεύδεσθαι</em></strong></span> <span class='ocrx_word' id='word_1_184' title='bbox 1049 2291 1104 2361; x_wconf 89' lang='grc' dir='ltr'><strong><em>διά</em></strong></span> <span class='ocrx_word' id='word_1_185' title='bbox 1125 2292 1163 2360; x_wconf 88' lang='grc' dir='ltr'>τὸ</span> 
     </span>
     <span class='ocr_line' id='line_1_23' title="bbox 158 2385 1165 2477; baseline 0.008 -26"><span class='ocrx_word' id='word_1_186' title='bbox 158 2385 299 2452; x_wconf 86' lang='grc' dir='ltr'><strong><em>ἀπιστον</em></strong></span> <span class='ocrx_word' id='word_1_187' title='bbox 310 2395 370 2454; x_wconf 85' lang='grc' dir='ltr'><strong><em>τοῦ</em></strong></span> <span class='ocrx_word' id='word_1_188' title='bbox 384 2389 496 2474; x_wconf 85' lang='grc' dir='ltr'><strong><em>λόγου.</em></strong></span> <span class='ocrx_word' id='word_1_189' title='bbox 521 2389 610 2476; x_wconf 81' lang='grc' dir='ltr'><strong><em>ὅμως</em></strong></span> <span class='ocrx_word' id='word_1_190' title='bbox 622 2393 658 2458; x_wconf 75' lang='grc' dir='ltr'><strong><em>δὲ</em></strong></span> <span class='ocrx_word' id='word_1_191' title='bbox 670 2394 833 2459; x_wconf 78' lang='grc' dir='ltr'><strong><em>καὶτοῦτο</em></strong></span> <span class='ocrx_word' id='word_1_192' title='bbox 845 2395 925 2477; x_wconf 78' lang='grc' dir='ltr'><strong><em>ἐρῶ·</em></strong></span> <span class='ocrx_word' id='word_1_193' title='bbox 940 2391 1018 2471; x_wconf 89' lang='grc' dir='ltr'><strong><em>τοὺς</em></strong></span> <span class='ocrx_word' id='word_1_194' title='bbox 1029 2390 1165 2476; x_wconf 82' lang='grc' dir='ltr'><strong><em>ὀφθαλ-</em></strong></span> 
     </span>
     <span class='ocr_line' id='line_1_24' title="bbox 160 2480 1165 2577; baseline 0.007 -28"><span class='ocrx_word' id='word_1_195' title='bbox 160 2480 244 2568; x_wconf 84' lang='grc' dir='ltr'><strong><em>μούς</em></strong></span> <span class='ocrx_word' id='word_1_196' title='bbox 259 2484 487 2571; x_wconf 86' lang='grc' dir='ltr'><strong><em>περιαιρετοὺς</em></strong></span> <span class='ocrx_word' id='word_1_197' title='bbox 498 2493 624 2574; x_wconf 81' lang='grc' dir='ltr'><strong><em>έχουσι,</em></strong></span> <span class='ocrx_word' id='word_1_198' title='bbox 639 2487 722 2556; x_wconf 77' lang='grc' dir='ltr'><strong><em>καὶὸ</em></strong></span> <span class='ocrx_word' id='word_1_199' title='bbox 736 2492 941 2577; x_wconf 85' lang='grc' dir='ltr'><strong><em>βουλόμενος</em></strong></span> <span class='ocrx_word' id='word_1_200' title='bbox 953 2489 1073 2571; x_wconf 81' lang='grc' dir='ltr'><strong><em>ἐξελάν</em></strong></span> <span class='ocrx_word' id='word_1_201' title='bbox 1085 2487 1165 2566; x_wconf 88' lang='grc' dir='ltr'><strong><em>τοὺς</em></strong></span> 
     </span>
     <span class='ocr_line' id='line_1_25' title="bbox 109 2577 1164 2674; baseline 0.008 -30"><span class='ocrx_word' id='word_1_202' title='bbox 109 2588 144 2644; x_wconf 80' lang='grc'><strong><em>91</em></strong></span> <span class='ocrx_word' id='word_1_203' title='bbox 163 2577 267 2646; x_wconf 83' lang='grc' dir='ltr'><strong><em>αὑτοῦ</em></strong></span> <span class='ocrx_word' id='word_1_204' title='bbox 282 2583 464 2666; x_wconf 84' lang='grc' dir='ltr'><strong><em>τυφλάττει</em></strong></span> <span class='ocrx_word' id='word_1_205' title='bbox 479 2583 546 2652; x_wconf 87' lang='grc' dir='ltr'><strong><em>ἐστ’</em></strong></span> <span class='ocrx_word' id='word_1_206' title='bbox 565 2581 609 2651; x_wconf 85' lang='grc' dir='ltr'><strong><em>ἀν</em></strong></span> <span class='ocrx_word' id='word_1_207' title='bbox 626 2590 733 2674; x_wconf 78' lang='grc' dir='ltr'><strong><em>δεηθῇ</em></strong></span> <span class='ocrx_word' id='word_1_208' title='bbox 747 2591 845 2655; x_wconf 81' lang='grc' dir='ltr'><strong><em>ίδείν·</em></strong></span> <span class='ocrx_word' id='word_1_209' title='bbox 873 2586 962 2655; x_wconf 84' lang='grc' dir='ltr'><strong><em>οὑτω</em></strong></span> <span class='ocrx_word' id='word_1_210' title='bbox 977 2587 1009 2654; x_wconf 88' lang='grc' dir='ltr'><strong><em>δ’</em></strong></span> <span class='ocrx_word' id='word_1_211' title='bbox 1025 2589 1164 2670; x_wconf 88' lang='grc' dir='ltr'><strong><em>ἐνθέμε-</em></strong></span> 
     </span>
     <span class='ocr_line' id='line_1_26' title="bbox 158 2674 1160 2770; baseline 0.007 -29"><span class='ocrx_word' id='word_1_212' title='bbox 158 2701 215 2754; x_wconf 92' lang='grc' dir='ltr'><strong><em>νος</em></strong></span> <span class='ocrx_word' id='word_1_213' title='bbox 237 2674 315 2766; x_wconf 81' lang='grc' dir='ltr'><strong><em>ὁρᾷ·</em></strong></span> <span class='ocrx_word' id='word_1_214' title='bbox 343 2682 399 2748; x_wconf 81' lang='grc' dir='ltr'><strong><em>καλ</em></strong></span> <span class='ocrx_word' id='word_1_215' title='bbox 413 2685 531 2750; x_wconf 79' lang='grc' dir='ltr'><strong><em>πολλοὶ</em></strong></span> <span class='ocrx_word' id='word_1_216' title='bbox 549 2680 628 2760; x_wconf 88' lang='grc' dir='ltr'><strong><em>τοὺς</em></strong></span> <span class='ocrx_word' id='word_1_217' title='bbox 639 2687 830 2770; x_wconf 50' lang='grc' dir='ltr'><strong><em>,σφετέρους</em></strong></span> <span class='ocrx_word' id='word_1_218' title='bbox 846 2682 1065 2762; x_wconf 86' lang='grc' dir='ltr'><strong><em>ἀπολέσαντες</em></strong></span> <span class='ocrx_word' id='word_1_219' title='bbox 1082 2679 1160 2768; x_wconf 85' lang='grc' dir='ltr'><strong><em>παρ’</em></strong></span> 
     </span>
     <span class='ocr_line' id='line_1_27' title="bbox 157 2773 1163 2866; baseline 0.007 -25"><span class='ocrx_word' id='word_1_220' title='bbox 157 2773 270 2842; x_wconf 87' lang='grc' dir='ltr'><strong><em>ἀλλων</em></strong></span> <span class='ocrx_word' id='word_1_221' title='bbox 285 2779 487 2864; x_wconf 81' lang='grc' dir='ltr'><strong><em>χρησάμενοι</em></strong></span> <span class='ocrx_word' id='word_1_222' title='bbox 502 2778 635 2866; x_wconf 77' lang='grc' dir='ltr'><strong><em>ὁρῶσιν.</em></strong></span> <span class='ocrx_word' id='word_1_223' title='bbox 668 2784 730 2850; x_wconf 84' lang='grc' dir='ltr'><strong><em>είσί</em></strong></span> <span class='ocrx_word' id='word_1_224' title='bbox 745 2780 777 2849; x_wconf 88' lang='grc' dir='ltr'><strong><em>δ’</em></strong></span> <span class='ocrx_word' id='word_1_225' title='bbox 796 2790 831 2850; x_wconf 81' lang='grc' dir='ltr'><strong><em>οδ</em></strong></span> <span class='ocrx_word' id='word_1_226' title='bbox 846 2785 901 2851; x_wconf 81' lang='grc' dir='ltr'><strong><em>καὶ</em></strong></span> <span class='ocrx_word' id='word_1_227' title='bbox 917 2780 1062 2861; x_wconf 88' lang='grc' dir='ltr'><strong><em>πολλοὺς</em></strong></span> <span class='ocrx_word' id='word_1_228' title='bbox 1080 2780 1163 2849; x_wconf 92' lang='grc' dir='ltr'><strong><em>ἀπο-</em></strong></span> 
     </span>
     <span class='ocr_line' id='line_1_28' title="bbox 155 2874 1164 2966; baseline 0.004 -24"><span class='ocrx_word' id='word_1_229' title='bbox 155 2877 278 2953; x_wconf 85' lang='grc' dir='ltr'><strong><em>θέτους</em></strong></span> <span class='ocrx_word' id='word_1_230' title='bbox 288 2881 436 2962; x_wconf 80' lang='grc' dir='ltr'><strong><em>ἔχουσιν,</em></strong></span> <span class='ocrx_word' id='word_1_231' title='bbox 453 2882 486 2944; x_wconf 89' lang='grc' dir='ltr'><strong><em>οί</em></strong></span> <span class='ocrx_word' id='word_1_232' title='bbox 495 2878 661 2946; x_wconf 89' lang='grc' dir='ltr'><strong><em>πλούσιοι.</em></strong></span> <span class='ocrx_word' id='word_1_233' title='bbox 680 2878 720 2947; x_wconf 90' lang='grc' dir='ltr'><strong><em>τά</em></strong></span> <span class='ocrx_word' id='word_1_234' title='bbox 733 2874 800 2948; x_wconf 83' lang='grc' dir='ltr'><strong><em>άτα</em></strong></span> <span class='ocrx_word' id='word_1_235' title='bbox 814 2882 851 2949; x_wconf 74' lang='grc' dir='ltr'><strong><em>δὲ</em></strong></span> <span class='ocrx_word' id='word_1_236' title='bbox 862 2883 1041 2951; x_wconf 87' lang='grc' dir='ltr'><strong><em>πλατάνων</em></strong></span> <span class='ocrx_word' id='word_1_237' title='bbox 1052 2880 1164 2966; x_wconf 88' lang='grc' dir='ltr'><strong><em>φύλλα</em></strong></span> 
     </span>
     <span class='ocr_line' id='line_1_29' title="bbox 156 2970 1162 3066; baseline 0.006 -28"><span class='ocrx_word' id='word_1_238' title='bbox 156 2974 245 3039; x_wconf 81' lang='grc' dir='ltr'><strong><em>ἐστὶν</em></strong></span> <span class='ocrx_word' id='word_1_239' title='bbox 262 2970 374 3052; x_wconf 79' lang='grc' dir='ltr'><strong><em>αὐτοῖς</em></strong></span> <span class='ocrx_word' id='word_1_240' title='bbox 384 2975 472 3060; x_wconf 82' lang='grc' dir='ltr'><strong><em>πλήν</em></strong></span> <span class='ocrx_word' id='word_1_241' title='bbox 483 3002 520 3060; x_wconf 87' lang='grc' dir='ltr'><strong><em>γε</em></strong></span> <span class='ocrx_word' id='word_1_242' title='bbox 535 2991 602 3054; x_wconf 83' lang='grc' dir='ltr'><strong><em>τοϊς</em></strong></span> <span class='ocrx_word' id='word_1_243' title='bbox 613 2975 678 3045; x_wconf 80' lang='grc' dir='ltr'><strong><em>ἀπὸ</em></strong></span> <span class='ocrx_word' id='word_1_244' title='bbox 694 2984 762 3045; x_wconf 78' lang='grc' dir='ltr'><strong><em>τῶν</em></strong></span> <span class='ocrx_word' id='word_1_245' title='bbox 772 2981 945 3066; x_wconf 90' lang='grc' dir='ltr'><strong><em>βαλάνων·</em></strong></span> <span class='ocrx_word' id='word_1_246' title='bbox 966 2984 1085 3049; x_wconf 83' lang='grc' dir='ltr'><strong><em>ἐκεῖνοι</em></strong></span> <span class='ocrx_word' id='word_1_247' title='bbox 1097 2975 1162 3064; x_wconf 82' lang='grc' dir='ltr'><strong><em>γάρ</em></strong></span> 
     </span>
     <span class='ocr_line' id='line_1_30' title="bbox 156 3070 1162 3164; baseline 0.007 -28"><span class='ocrx_word' id='word_1_248' title='bbox 156 3070 255 3155; x_wconf 87' lang='grc' dir='ltr'><strong><em>μόνοι</em></strong></span> <span class='ocrx_word' id='word_1_249' title='bbox 267 3070 384 3150; x_wconf 79' lang='grc' dir='ltr'><strong><em>ξύλινα</em></strong></span> <span class='ocrx_word' id='word_1_250' title='bbox 396 3078 515 3158; x_wconf 84' lang='grc' dir='ltr'><strong><em>έχουσι.</em></strong></span> <span class='ocrx_word' id='word_1_251' title='bbox 540 3079 589 3142; x_wconf 77' lang='lat'><strong><em>26.</em></strong></span> <span class='ocrx_word' id='word_1_252' title='bbox 605 3077 661 3143; x_wconf 81' lang='grc' dir='ltr'><strong><em>καὶ</em></strong></span> <span class='ocrx_word' id='word_1_253' title='bbox 674 3073 741 3162; x_wconf 82' lang='grc' dir='ltr'><strong><em>μὴν</em></strong></span> <span class='ocrx_word' id='word_1_254' title='bbox 755 3081 810 3146; x_wconf 83' lang='grc' dir='ltr'><strong><em>καλ</em></strong></span> <span class='ocrx_word' id='word_1_255' title='bbox 821 3077 901 3146; x_wconf 86' lang='grc' dir='ltr'><strong><em>ἀλλο</em></strong></span> <span class='ocrx_word' id='word_1_256' title='bbox 914 3086 1031 3164; x_wconf 88' lang='grc' dir='ltr'><strong><em>θαῦμα</em></strong></span> <span class='ocrx_word' id='word_1_257' title='bbox 1044 3080 1081 3144; x_wconf 87' lang='grc' dir='ltr'><strong><em>έν</em></strong></span> <span class='ocrx_word' id='word_1_258' title='bbox 1094 3090 1162 3153; x_wconf 81' lang='grc' dir='ltr'><strong><em>τοῖς</em></strong></span> 
     </span>
     <span class='ocr_line' id='line_1_31' title="bbox 156 3169 1161 3260; baseline 0.007 -27"><span class='ocrx_word' id='word_1_259' title='bbox 156 3174 333 3253; x_wconf 88' lang='grc' dir='ltr'><strong><em>βασιλείοις</em></strong></span> <span class='ocrx_word' id='word_1_260' title='bbox 348 3169 554 3258; x_wconf 87' lang='grc' dir='ltr'><strong><em>ἐθεασάμην·</em></strong></span> <span class='ocrx_word' id='word_1_261' title='bbox 580 3173 769 3257; x_wconf 87' lang='grc' dir='ltr'><strong><em>κάτοπτρον</em></strong></span> <span class='ocrx_word' id='word_1_262' title='bbox 784 3177 940 3260; x_wconf 90' lang='grc' dir='ltr'><strong><em>μέγιστον</em></strong></span> <span class='ocrx_word' id='word_1_263' title='bbox 959 3189 1063 3243; x_wconf 79' lang='grc' dir='ltr'><strong><em>κεῖται</em></strong></span> <span class='ocrx_word' id='word_1_264' title='bbox 1076 3171 1161 3257; x_wconf 79' lang='grc' dir='ltr'><strong><em>ὑπὲρ</em></strong></span> 
     </span>
     <span class='ocr_line' id='line_1_32' title="bbox 157 3265 1163 3360; baseline 0.008 -30"><span class='ocrx_word' id='word_1_265' title='bbox 157 3267 298 3349; x_wconf 88' lang='grc' dir='ltr'><strong><em>φρέατος</em></strong></span> <span class='ocrx_word' id='word_1_266' title='bbox 310 3265 352 3333; x_wconf 92' lang='grc' dir='ltr'><strong><em>ού</em></strong></span> <span class='ocrx_word' id='word_1_267' title='bbox 366 3269 457 3335; x_wconf 90' lang='grc' dir='ltr'><strong><em>πάνυ</em></strong></span> <span class='ocrx_word' id='word_1_268' title='bbox 468 3274 600 3356; x_wconf 88' lang='grc' dir='ltr'><strong><em>βαθέος.</em></strong></span> <span class='ocrx_word' id='word_1_269' title='bbox 623 3266 667 3338; x_wconf 90' lang='grc' dir='ltr'><strong><em>ἀν</em></strong></span> <span class='ocrx_word' id='word_1_270' title='bbox 677 3274 739 3358; x_wconf 75' lang='grc' dir='ltr'><strong><em>μὲν</em></strong></span> <span class='ocrx_word' id='word_1_271' title='bbox 750 3267 813 3339; x_wconf 86' lang='grc' dir='ltr'><strong><em>οὑν</em></strong></span> <span class='ocrx_word' id='word_1_272' title='bbox 824 3278 856 3352; x_wconf 84' lang='grc' dir='ltr'><strong><em>ἐς</em></strong></span> <span class='ocrx_word' id='word_1_273' title='bbox 866 3271 903 3341; x_wconf 87' lang='grc' dir='ltr'><strong><em>τδ</em></strong></span> <span class='ocrx_word' id='word_1_274' title='bbox 915 3277 1021 3360; x_wconf 89' lang='grc' dir='ltr'><strong><em>φρέαρ</em></strong></span> <span class='ocrx_word' id='word_1_275' title='bbox 1035 3280 1163 3358; x_wconf 76' lang='grc' dir='ltr'><strong><em>καταβῇ</em></strong></span> 
     </span>
    </p>
   </div>
   <div class='ocr_carea' id='block_1_3' title="bbox 155 3359 1161 3458">
    <p class='ocr_par' dir='ltr' id='par_1_3' title="bbox 155 3359 1161 3458">
     <span class='ocr_line' id='line_1_33' title="bbox 155 3359 1161 3458; baseline 0.01 -32"><span class='ocrx_word' id='word_1_276' title='bbox 155 3385 221 3447; x_wconf 90' lang='grc' dir='ltr'><strong><em>τις,</em></strong></span> <span class='ocrx_word' id='word_1_277' title='bbox 243 3359 358 3431; x_wconf 89' lang='grc' dir='ltr'><strong><em>ἀκούει</em></strong></span> <span class='ocrx_word' id='word_1_278' title='bbox 373 3366 508 3434; x_wconf 89' lang='grc' dir='ltr'><strong><em>πάντων</em></strong></span> <span class='ocrx_word' id='word_1_279' title='bbox 523 3377 590 3435; x_wconf 78' lang='grc' dir='ltr'><strong><em>τῶν</em></strong></span> <span class='ocrx_word' id='word_1_280' title='bbox 605 3366 685 3452; x_wconf 84' lang='grc' dir='ltr'><strong><em>παρ’</em></strong></span> <span class='ocrx_word' id='word_1_281' title='bbox 701 3367 781 3454; x_wconf 80' lang='grc' dir='ltr'><strong><em>ἡμίν</em></strong></span> <span class='ocrx_word' id='word_1_282' title='bbox 795 3372 832 3436; x_wconf 85' lang='grc' dir='ltr'><strong><em>έν</em></strong></span> <span class='ocrx_word' id='word_1_283' title='bbox 848 3379 888 3458; x_wconf 77' lang='grc' dir='ltr'><strong><em>τῇ</em></strong></span> <span class='ocrx_word' id='word_1_284' title='bbox 902 3379 945 3458; x_wconf 80' lang='grc' dir='ltr'><strong><em>γῇ</em></strong></span> <span class='ocrx_word' id='word_1_285' title='bbox 961 3374 1161 3456; x_wconf 87' lang='grc' dir='ltr'><strong><em>λεγομένων,</em></strong></span> 
     </span>
    </p>
   </div>
   <div class='ocr_carea' id='block_1_4' title="bbox 0 0 1292 3842">
    <p class='ocr_par' dir='ltr' id='par_1_4' title="bbox 0 0 1292 3842">
     <span class='ocr_line' id='line_1_34' title="bbox 0 0 1292 3842; baseline 0 4"><span class='ocrx_word' id='word_1_286' title='bbox 0 0 1292 3842; x_wconf 95' lang='lat' dir='ltr'><strong><em> </em></strong></span> 
     </span>
    </p>
   </div>
  </div>
 </body>
</html>
