2575 3842
182 157 224 219 66
535 157 842 215 ΛΟΥΚΙΑΝΟΤ

184 325 328 385 πλευσα·
350 318 404 383 καὶ
420 314 491 402 μετ’
511 313 625 400 ὀλίγον
641 317 793 398 έφαίνετο
814 308 990 399 πλησίονὴ
1010 317 1077 378 τῶν
1099 308 1189 378 ὀνεί-

185 439 253 497 ρων
269 419 386 497 νῆσος,
409 407 541 497 ἀμυδρά
559 413 613 478 καλ
628 407 759 495 ἀσαφὴς
778 414 879 478 ίδείν·
904 409 967 495 εἶχε
982 410 1018 476 δὲ
1034 409 1088 476 καλ
1103 404 1188 492 αὐτή

118 525 168 579 128
185 538 215 578 τι
226 524 294 588 τοῖς
305 507 447 593 ὀνείροις
457 509 707 592 παραπλήσιον·
726 504 890 592 ὑπεχώρει
901 505 965 593 γάρ
978 506 1188 589 προσιόντων

186 605 348 692 ἡμῶνκαὶ
365 602 533 692 ὑπέφευγε
553 609 607 672 καλ
623 607 823 690 πορρωτέρω
845 601 1013 691 ὑπέβαινε.
1043 612 1188 671 καταλα-

185 703 300 789 βόντες
316 705 355 769 δέ
372 727 450 770 ποτε
472 700 578 788 αὐτὴν
599 705 655 769 καλ
678 704 916 780 ἐσπλεύσαντες
933 705 966 780 ές
987 699 1047 769 τὸν
1061 699 1188 768 Ὕπνον

123 855 125 859 .
185 801 301 884 λιμένα
319 799 654 885 προσαγορευόμενον
669 807 809 884 πλησίον
823 806 890 867 τῶν
905 805 1022 867 πυλῶν
1035 807 1102 865 τῶν
1116 800 1175 865 ἐλε-

186 903 371 985 φαντίνων,
387 889 457 984 ᾖτό
470 907 531 964 τοῦ
543 896 775 982 Ἀλεκτρυόνος
787 897 879 983 ίερόν
890 898 975 981 ἐστι,
989 897 1063 980 περὶ
1074 899 1188 978 δείλην

186 995 286 1078 ὀψίαν
296 993 530 1082 ἀπεβαίνομεν,
542 996 767 1081 παρελθόντες
778 996 813 1061 δὲ
825 998 857 1073 ές
865 992 927 1081 τὴν
936 994 1034 1062 πόλιν
1044 987 1188 1068 πολλοὺς

186 1090 406 1178 όνείρουςκαλ
425 1100 596 1171 ποικίλους
616 1094 780 1177 ἑωρῶμεν.
812 1100 946 1174 πρῶτον
968 1092 1003 1159 δὲ
1024 1089 1188 1175 βοόλομαι

186 1191 259 1273 περὶ
280 1196 337 1273 τῆς
358 1189 483 1267 πόλεως
504 1195 624 1276 εἰπεῖν,
648 1192 716 1256 ἐπεὶ
731 1190 813 1276 μηδὲ
827 1189 916 1277 ἀλλμ
930 1190 995 1256 τινὶ
1008 1190 1189 1272 γέγραπται

186 1289 259 1372 περλ
275 1284 385 1372 αὐτῆς,
402 1283 438 1364 δς
449 1291 485 1354 δὲ
496 1289 551 1355 καλ
560 1289 663 1373 μόνος
675 1290 867 1374 ἐπεμνήσθη
875 1287 1028 1374 Ὅμηρος,
1043 1283 1085 1352 οὐ
1097 1284 1188 1350 πάνυ

186 1383 330 1469 ἀκριβῶς
350 1389 546 1469 συνέγραψε.
579 1392 630 1452 33.
652 1387 764 1476 κύκλῳ
784 1386 845 1473 μὲν
860 1388 936 1469 περὶ
955 1391 1065 1450 πᾶσαν
1080 1377 1188 1450 αὐτόν

187 1478 250 1565 ὕλη
272 1476 445 1564 ἀνέστηκε,
470 1477 510 1546 τά
533 1483 655 1566 δένδρα
676 1484 714 1548 δέ
729 1485 795 1550 ἐστι
816 1482 966 1568 μήκωνες
986 1476 1110 1564 ὑψηλαὶ
1132 1478 1188 1544 καλ

186 1578 415 1665 μανδραγόραι
427 1579 482 1646 καλ
494 1577 545 1646 ἐπ’
559 1577 670 1647 αὐτῶν
684 1582 770 1650 πολύ
784 1609 815 1648 τι
827 1588 955 1666 πλῆθος
966 1581 1186 1662 νυκτερίδων·

187 1683 283 1741 τοῦτο
298 1672 363 1760 γάρ
377 1675 484 1761 μόνον
499 1678 535 1742 ἐν
550 1684 588 1765 τῇ
599 1677 691 1766 νήσῳ
702 1685 828 1763 γίνεται
843 1676 972 1763 ὄρνεον.
996 1671 1141 1760 ποταμός
1151 1673 1188 1740 δὲ

188 1785 352 1857 παραρρεῖ
363 1778 503 1857 πλησίον
519 1769 536 1839 ὁ
549 1771 609 1838 ὑπ’
621 1771 734 1840 αὐτῶν
748 1773 953 1859 καλούμενος
963 1771 1188 1857 Νυκτιπόρος,

187 1868 240 1932 καλ
255 1869 355 1952 πηγαὶ
369 1868 431 1934 δόο
446 1867 535 1952 παρὰ
548 1867 605 1947 τάς
620 1870 743 1948 πόλας·
766 1870 912 1957 ὀνόματα
924 1873 978 1938 καλ
989 1869 1133 1951 ταύταις,
1148 1875 1189 1955 τῇ

187 1963 246 2048 μὲν
261 1964 448 2051 Νήγρετος,
464 1973 503 2054 τῇ
518 1967 553 2034 δὲ
567 1974 751 2053 Παννυχία.
774 1964 792 2035 ὁ
812 1974 986 2054 περίβολος
1002 1965 1038 2033 δλ
1051 1973 1109 2050 τῆς
1125 1965 1189 2032 πό-

187 2068 267 2138 λεως
281 2059 408 2146 ὑψηλός
427 2065 532 2132 τεκαὶ
551 2072 717 2148 ποικίλος,
740 2063 870 2149 ίριδι
836 2091 896 2149 την
912 2064 1015 2149 χρόαν
1032 2061 1189 2148 ὁμοιότα-

187 2183 249 2235 τος.
273 2159 375 2227 πόλοι
395 2162 506 2245 μέντοι
523 2165 649 2228 ἔπεισιν
663 2188 705 2228 ου
694 2161 799 2246 ’δυὀ,
815 2163 969 2244 καθάπερ
982 2159 1125 2246 Όμηρος
1141 2168 1190 2226 εί-

188 2282 305 2343 ρηκεν,
332 2257 414 2326 ἀλλά
435 2263 598 2343 τέτταρες,
624 2261 686 2327 δύο
707 2260 768 2345 μλυ
789 2257 872 2344 πρὸς
897 2256 934 2327 τό
957 2266 1014 2345 τῆς
1029 2263 1190 2333 Βλακείας

118 2370 169 2424 129
188 2360 301 2422 πεδίου
322 2353 624 2441 ἀποβλέπουσαι,
607 2386 627 2444 η
649 2385 710 2443 μεν
730 2356 908 2444 σιδηρέῃ*
888 2387 908 2444 η
927 2360 999 2425 δὲ’
983 2383 1019 2424 εκ
1042 2355 1190 2442 κεράμου

186 2453 406 2535 πεποιημένη,
429 2451 511 2519 καθ’
536 2451 575 2531 ἀς
596 2457 747 2539 ἐλέγοντο
769 2452 953 2541 ἀποδημεῖν
974 2453 1086 2522 αὐτῶν
1105 2455 1140 2518 οι
1154 2476 1190 2518 τε

186 2549 323 2631 φοβεροὶ
338 2549 391 2614 καλ
404 2552 537 2634 φονικοὶ
552 2553 605 2618 καλ
617 2549 769 2638 ἀπηνεῖς,
787 2554 848 2621 δύο
861 2553 896 2621 δὲ
907 2550 990 2637 πρός
1001 2549 1062 2618 τόν
1073 2551 1190 2635 λιμένα

186 2643 240 2709 καλ
255 2640 315 2727 τὴν
325 2644 505 2732 θάλατταν,
520 2645 540 2734 ἡ
556 2649 616 2734 μὲν
627 2659 793 2736 κερατίνη,
811 2649 893 2718 καθ’
905 2647 947 2736 ἣν
957 2646 1050 2735 ἡμεῖς
1062 2647 1190 2733 παρήλ-

186 2750 310 2825 θομεν,
325 2737 345 2828 ἡ
359 2741 394 2810 δὲ
405 2747 610 2832 ἐλεφαντίνη.
635 2750 771 2816 είσιόντι
783 2750 818 2818 δὲ
829 2754 861 2829 ές
870 2748 932 2837 τὴν
942 2751 1041 2818 πόλιν
1053 2751 1090 2817 έν
1101 2753 1190 2836 δεξιᾷ

186 2842 247 2924 μέν
259 2837 372 2906 ἐστι
339 2866 374 2907 το
388 2849 567 2931 Νυκτῷον·
591 2846 775 2933 σέβουσι
736 2876 801 2934 γαρ
811 2856 903 2917 θεων
913 2848 1039 2933 ταύτην
1049 2848 1191 2932 μα’λιστα

186 2935 314 3006 καὶτὸν
325 2910 560 3026 Ἀλεκτρυόνα
583 2948 698 3012 έκείνω
714 2947 749 3014 δὲ
769 2954 910 3033 πλησίον
925 2972 985 3013 του
971 2947 1132 3031 λιμένος
1152 2942 1190 3010 τό

187 3033 278 3120 ίερόυ
293 3045 474 3124 πεποίηται.
498 3039 566 3108 ἐν’
548 3051 704 3132 αριστερᾷ
716 3043 801 3112 δὲ
766 3071 805 3111 τα
819 3052 880 3111 τοῦ
886 3041 1014 3112 Ὕπνου
1029 3050 1190 3130 βασίλεια.

187 3124 284 3210 Οὗτος
299 3133 363 3219 γὰρ
379 3134 459 3221 δη”
436 3165 527 3225 αρχει
538 3137 618 3222 παρ’
632 3139 743 3220 αὐτοῖς’
757 3143 925 3227 σατράπας
940 3144 1002 3209 δύο
1014 3144 1069 3208 καλ
1081 3139 1192 3222 ὑπόρ-

185 3256 265 3316 χους
282 3239 516 3320 πεποιημένος,
539 3241 731 3324 Ταραξίωνά
745 3266 780 3307 τε
793 3238 853 3308 τὸν
867 3242 1123 3325 Ματαιογένους
1137 3240 1193 3305 καλ

185 3332 442 3399 Πλουτοκλέα
409 3360 469 3400 τον
480 3341 722 3415 Φαντασίωνος.
744 3340 780 3404 ἐν
790 3340 873 3425 μέση
884 3339 920 3408 δὲ
932 3346 971 3426 τῇ
985 3337 1093 3426 ἀγορᾷ
1102 3337 1192 3423 πηγή
