2575 3842
173 177 216 240 34
530 179 840 239 AOYKIANOT

124 356 158 414 77
176 340 417 424 πλησιάσαντες
429 334 545 415 αύταῖς
560 334 670 404 οὐκέτ’
689 334 892 425 ἀπελύοντο,
908 335 983 408 ἀλλ’
999 343 1118 409 ἐκτῶν
1131 349 1189 412 αί-

174 441 276 504 δοίων
289 439 457 504 ἐδέδεντο·
474 435 686 521 συνεφύοντο
701 437 765 521 γάρ
778 439 832 504 καλ
846 444 1114 526 συνερριζοῦντο,
1130 444 1190 508 καὶ

172 531 237 621 ήδη
253 532 365 613 αὐτοῖς
379 535 497 602 κλάδοι
510 533 722 618 ἐπεφύκεσαν
737 538 771 601 οί
786 534 944 602 δάκτυλοι
955 540 1091 616 καὶτοῖς
1104 540 1188 618 ἕλιξι

174 632 451 716 περιπλεκόμενοι
473 628 555 697 ὅσον
575 627 708 696 ούδέπω
723 631 778 696 καὶ
798 628 892 697 αὐτοὶ
912 635 1188 720 καρποφορήσειν

174 733 321 812 ἔμελλον.
344 734 375 796 9.
393 725 629 805 καταλιπόντες
640 727 677 794 δὲ
692 723 816 804 αὐτούς
826 728 878 794 ἐπὶ
893 736 982 796 ναῦν
996 731 1187 816 ἐφεύγομεν

173 829 227 894 καί
242 842 310 904 τοῖς
325 824 560 911 ἀπολειφθεῖσι
582 824 791 910 διηγούμεθα
812 824 970 902 ἐλθόντες
990 827 1031 892 τά
1047 852 1082 895 τε
1099 827 1186 896 ἀλλα

172 926 227 991 καὶ
241 929 309 990 τῶν
324 925 463 1008 ἑταίρων
475 919 536 1008 τήν
551 919 799 1007 ἀμπελομιξίαν.
822 922 877 987 καὶ
891 919 932 1007 δὴ
946 922 1106 1007 λαβόντες
1119 921 1190 1010 ἀμ-

174 1024 298 1106 φορέας
314 1018 407 1099 τινάς
425 1023 480 1087 καλ
493 1016 742 1103 ὑδρευσάμενοί
744 1064 748 1070 -
754 1043 790 1084 τε
805 1015 873 1103 ἅμα
885 1021 940 1086 καὶ
953 1021 991 1086 ἐκ
1003 1025 1064 1086 τοῦ
1079 1045 1187 1087 ποτα-

173 1126 240 1204 μοῦ
255 1119 462 1204 οἰνισάμενοι
474 1120 528 1186 καλ
544 1113 649 1184 αύτοῦ
664 1122 806 1201 πλησίον
820 1117 873 1182 ἐπὶ
888 1122 945 1201 τῆς
960 1113 1074 1202 ήῖόνος
1087 1115 1183 1184 αύλι-

174 1216 313 1300 σάμενοι
330 1217 439 1284 έωθεν
456 1213 653 1300 ἀνήχθημεν
673 1209 715 1279 ού
730 1211 862 1296 σφόδρα
882 1218 980 1304 βιαίφ
1002 1215 1181 1299 πνεύματι·

173 1316 248 1398 περὶ
264 1321 473 1401 μεσημβρίαν
488 1312 524 1380 δέ
540 1309 652 1378 ούκέτι
668 1317 725 1396 τής
740 1309 847 1395 νήσου
864 1313 1069 1395 φαινομένης
1084 1309 1184 1396 ἀφνω

174 1409 293 1496 ταφῶν
310 1412 546 1497 ἐπιγενόμενος
562 1411 616 1476 καὶ
633 1407 849 1493 περιδινήσας
869 1404 932 1492 τήν
948 1415 1036 1474 ναῦν
1052 1409 1106 1475 καὶ
1123 1434 1184 1494 με«

174 1515 332 1593 τεωρίσας
348 1506 430 1576 ὅσον
445 1510 498 1574 ἐπὶ
515 1511 669 1584 σταδίους
691 1511 889 1591 τρισχιλίους
907 1502 1018 1573 ούκέτι
1033 1515 1187 1591 καθῆκεν

175 1610 220 1682 είς
235 1603 272 1671 τό
291 1608 449 1690 πέλαγος,
466 1601 539 1672 ἀλλ’
556 1602 628 1670 ἀνω
641 1606 809 1688 μετέωρον
821 1603 1089 1690 ἐξαπηρτημένην
1103 1602 1188 1670 ἀνε-

173 1730 234 1789 μος
256 1701 409 1790 ἐμπεσῶν
429 1718 497 1781 τοῖς
515 1707 631 1780 ίστίοις
652 1706 751 1787 ἔφερε
768 1703 942 1786 κνρτῶσας
961 1700 1023 1788 τήν
1040 1700 1183 1788 ὀθόνην.

174 1806 224 1868 10.
241 1798 321 1867 ἑπτά
335 1803 371 1867 δὲ
383 1797 506 1887 ἡμέρας
520 1802 574 1867 καὶ
589 1797 648 1877 τάς
660 1808 732 1876 ἴσας
742 1798 866 1877 νύκτας
876 1797 1186 1886 ἀεροδρομήσαντες

173 1895 276 1985 ὀγδόη
294 1904 495 1982 καθορῶμεν
510 1903 574 1982 γῆν
588 1923 663 1964 τινα
672 1896 820 1982 μεγάλην
831 1899 868 1963 ἐν
881 1903 927 1986 τῷ
939 1893 1012 1981 ἀέρι
1028 1897 1184 1982 καθάπερ

173 2003 294 2081 νῆσον,
310 1992 466 2080 λαμπράν
482 1997 537 2062 καὶ
554 1996 750 2081 σφαιροειδῆ
767 1996 822 2061 καλ
835 1997 921 2078 φωτὶ
934 1994 1067 2083 μεγάλφ
1081 2019 1183 2061 κατα-

171 2095 405 2181 λαμπομένην·
433 2093 712 2183 προσενεχθέντες
733 2094 770 2159 δὲ
784 2090 869 2178 αύτη
889 2095 944 2159 καλ
967 2090 1186 2178 ὁρμισάμενοι

172 2190 358 2279 ἀπέβημεν,
382 2195 641 2268 ἐπισκοποῦντες
659 2192 696 2257 δὲ
709 2187 771 2275 τὴν
784 2191 897 2276 χῶραν
919 2187 1117 2276 εὑρίσκομεν
1133 2195 1186 2258 σι’-

173 2293 343 2376 κουμένην
357 2317 392 2358 τε
414 2293 469 2359 καὶ
483 2292 752 2381 γεωργουμένην.
781 2286 904 2374 ἡμέρας
919 2291 982 2374 μὲν
1001 2282 1064 2355 οῦν
1083 2284 1185 2355 οῦδὲν

123 2403 158 2459 78
175 2385 323 2455 αύτόθεν
333 2396 571 2474 καθεωρῶμεν,
583 2383 705 2465 νυκτός
716 2389 752 2454 δὲ
762 2388 997 2474 ἐπιγενομένης
1006 2389 1185 2472 ἐφαίνοντο

172 2483 253 2571 ἡμῖν
266 2487 321 2552 καὶ
336 2483 432 2554 άλλαι
447 2489 566 2554 πολλαὶ
578 2494 675 2571 νῆσοι
690 2491 848 2570 πλησίον,
864 2490 901 2553 αί
912 2485 974 2570 μέν
988 2491 1133 2571 μείζους,
1150 2490 1188 2553 αί

172 2585 209 2650 δὲ
220 2584 430 2670 μικρότεραι,
445 2587 526 2670 πυρὶ
537 2581 600 2670 την
610 2583 716 2670 χρόαν
727 2598 971 2670 προσεοικυῖαι,
987 2587 1042 2653 καὶ
1053 2583 1136 2670 άλλη
1147 2587 1188 2652 δέ

172 2708 222 2759 τις
236 2688 279 2766 γῆ
294 2681 382 2747 κάτω
400 2686 455 2751 καὶ
467 2682 579 2760 πόλεις
590 2684 627 2749 ἐν
642 2677 726 2769 αὐτῇ
742 2684 797 2748 καὶ
812 2681 981 2768 ποταμούς
995 2690 1115 2768 ἔχουσα
1129 2685 1184 2750 καὶ

173 2780 300 2865 πελάγη
318 2781 372 2846 καὶ
390 2777 473 2858 ύλας
486 2782 541 2848 καὶ
553 2779 624 2866 ὄρη.
648 2780 774 2866 ταύτην
786 2774 849 2848 σύν
861 2780 924 2867 τήν
940 2780 1020 2850 καθ’
1036 2780 1122 2868 ήμάς
1133 2788 1185 2849 οί-

172 2879 343 2965 κουμένην
356 2879 535 2965 εἰκάζομεν.
553 2884 601 2949 11,
615 2879 717 2958 δόξαν
727 2877 764 2946 δὲ
773 2876 852 2966 ἡμῖν
863 2883 918 2948 καλ
928 2886 975 2948 ἔτι
984 2881 1184 2966 πορρωτέρω

172 2984 369 3061 προελθεῖν,
387 2979 647 3064 ξυνελήφθημεν
661 2993 729 3056 τοῖς
738 2976 953 3064 Ἱππογύποις
970 2977 1051 3062 παρ’
1070 2975 1183 3054 αὐτοῖς

172 3075 390 3159 καλουμένοις
405 3072 662 3161 ἀπαντήσαντες.
687 3082 720 3144 οί
733 3079 769 3144 δέ
779 3075 975 3163 Ἱππόγυποι
990 3070 1086 3143 οὗτοί
1098 3082 1184 3143 είσιν

172 3170 292 3257 ἀνδρες
306 3172 359 3238 ἐπὶ
372 3179 491 3255 γυπῶν
511 3175 666 3260 μεγάλων
686 3172 865 3261 ὀχούμενοι
885 3177 940 3243 καὶ
954 3175 1108 3256 καθάπερ
1125 3177 1184 3241 ἵπ-

172 3293 246 3347 ποις
268 3283 335 3346 τοῖς
354 3267 484 3356 ὀρνέοις
503 3275 683 3359 χρεόμενοι·
712 3274 849 3358 μεγάλοι
867 3273 932 3360 γάρ
956 3280 990 3342 οί
1007 3281 1111 3360 γῦπες
1127 3276 1182 3341 καί

173 3364 218 3443 ῶς
235 3369 356 3434 ἐπίπαν
370 3375 571 3456 τρικέφαλοι.
601 3371 706 3458 μάθοι
723 3370 753 3437 δ’
772 3370 816 3438 ἀν
835 3399 885 3450 τις
905 3372 942 3440 τδ
959 3377 1102 3459 μέγεθος
1118 3369 1183 3439 αύ-
