2575 3842
413 196 532 254 ΠΕΡΙ
552 196 828 255 ΟΡΧΗΣΕΩΣ.
1063 195 1124 258 169

114 356 170 420 καί
188 360 218 422 εί
237 351 386 438 ἁπαλόν,
413 351 495 422 καθ’
513 352 706 442 ὑπερβολήν
726 358 987 441 θηλυνομένων,
1013 359 1066 425 καὶ
1083 384 1123 424 τα

114 454 272 538 ανδρῶδη
297 452 371 538 ἀχρι
391 460 452 520 τού
473 451 592 539 ἀγρίου
613 455 667 521 καί
685 452 878 536 θηριώδους
896 455 1122 539 προαγόντων.

113 555 167 618 83.
185 545 258 618 οἷον
273 551 337 634 έγῶ
352 575 430 618 ποτε
442 552 608 637 μέμνημαι
621 548 705 618 ίδῶν
718 556 879 616 ποιοῦντα
891 547 1054 636 ὀρχηστήν
1067 549 1125 618 εύ-

114 651 320 734 δοκιμοῦντα
336 648 517 734 πρότερον,
532 646 674 715 συνετὸν
688 649 750 733 μὲν
765 644 805 713 τά
821 647 904 714 ἀλλα
919 649 975 714 καί
988 649 1125 731 θαυμά-

116 750 232 824 ζεσθαι
256 742 300 822 ὑς
322 743 457 831 ἀληθῶς
481 744 591 831 ἀξιον,
618 743 681 812 ούκ
704 742 776 812 οἶδα
803 744 839 812 δὲ
865 737 953 832 ᾗτινι
973 745 1055 831 τύχη
1080 750 1125 820 είς

116 839 288 926 ἀσχήμονα
302 840 481 928 ὑπόκρισιν
493 839 537 910 δι’
555 840 747 928 ὑπερβολήν
761 841 928 927 μιμήσεως
938 843 1125 920 έξοκείλαν·

116 964 174 1004 τα·
206 935 408 1024 ὀρχούμενος
426 938 490 1027 γάρ
504 939 564 1009 τόν
578 950 708 1009 Αίαντα
727 938 808 1027 μετά
824 937 886 1026 τήν
900 931 1003 1025 ήτταν
1019 937 1124 1015 εὑθὺς

117 1034 322 1123 μαινόμενον
339 1043 384 1115 είς
403 1047 566 1106 τοσοῦτον
580 1037 836 1122 ὑπερεξέπεσεν,
859 1036 943 1104 ῶστε
958 1035 1020 1124 οὑχ
1038 1034 1122 1103 ὑπο-

115 1140 297 1215 κρίνασθαι
307 1142 446 1219 μανίαν,
462 1134 545 1204 ἀλλά
558 1143 738 1222 μαίνεσθαι
749 1132 849 1211 αὐτὸς
861 1135 995 1212 είκότως
1005 1132 1049 1201 ἀν
1058 1160 1125 1201 τινι

117 1231 246 1308 ἔδοξεν·
270 1228 343 1308 ἑνός
354 1229 419 1317 γάρ
431 1239 498 1299 τῶν
508 1239 553 1321 τῶ
568 1235 694 1320 σιδηρῷ
704 1228 893 1316 ὑποδήματι
905 1232 1125 1299 κτυπούντων

115 1321 179 1410 τήν
195 1327 319 1411 έσθήτα
333 1332 549 1414 κατέρρηξεν,
573 1324 648 1404 ἕνδς
668 1326 704 1394 δὲ
719 1333 788 1392 τῶν
804 1323 1049 1394 ὑπαυλούντων
1064 1325 1125 1394 τὸν

116 1419 224 1488 αύλδν
240 1420 390 1506 ἁρπάσας
405 1432 465 1492 τοῦ
485 1422 667 1502 Ὀδυσσέως
690 1429 832 1509 πλησίον
847 1425 984 1502 ἑστῶτος
1004 1428 1058 1492 καί
1074 1427 1126 1492 ἐπὶ

118 1527 156 1606 τή
167 1525 243 1605 νίκη
252 1521 334 1607 μέγα
346 1529 554 1606 φρονοῦντος
564 1527 663 1589 διεῖλε
673 1518 734 1608 τήν
744 1520 895 1607 κεφαλήν
904 1522 1124 1608 κατενεγκῶν,

117 1617 171 1681 καί
188 1625 222 1683 εί
230 1641 267 1700 γε
279 1614 352 1703 μήὸ
368 1627 462 1696 πῖλος
472 1614 606 1702 ἀντέσχε
621 1619 676 1684 καὶ
687 1614 724 1683 τό
739 1617 826 1684 πολύ
835 1625 893 1703 τής
903 1626 1031 1704 πληγῆς
1042 1617 1125 1686 ἀπε·
1142 1637 1194 1690 314

118 1714 249 1797 δέξατο,
268 1712 441 1784 ἀπωλῶλει
464 1712 507 1782 ἀν
523 1713 540 1781 ὁ
557 1718 770 1799 κακοδαίμων
789 1711 966 1794 Ὀδυσσεύς
982 1714 1125 1804 ὀρχηστῇ

116 1817 338 1893 παραπαίοντι
349 1812 547 1896 περιπεσῶν.
571 1807 655 1877 ἀλλά
665 1810 704 1877 τό
714 1836 752 1894 γε
766 1812 912 1894 θέατρον
923 1811 1013 1880 ἀπαν
1023 1834 1126 1880 συνε-

118 1907 256 1992 μεμήνει
271 1915 317 1999 τῷ
332 1919 451 1978 Αίαντι
466 1912 521 1978 καί
538 1909 671 1994 ἐπήδων
685 1910 739 1974 καί
755 1908 861 1994 ἐβόων
876 1913 930 1976 καί
946 1909 1004 1987 τάς
1022 1912 1126 1994 έσθῆ·

116 2029 174 2081 τας
198 2002 438 2094 ἀνερρίπτουν,
467 2012 500 2075 οἱ
518 2007 580 2092 μὲν
600 2003 825 2089 συρφετώδεις
844 2007 899 2072 καί
920 2002 1001 2071 αύτδ
1026 2013 1124 2072 τοῦτο

116 2105 245 2170 ἰδιῶται
268 2110 329 2171 τού
349 2105 411 2190 μὲν
431 2103 636 2191 εὐσχήμονος
658 2098 721 2168 οὑκ
738 2103 969 2187 έστοχασμένοι
987 2098 1065 2167 οὑδὲ
1086 2098 1124 2166 τό

115 2215 228 2286 χεῖρον
240 2196 262 2287 ή
276 2197 314 2268 τό
330 2216 480 2284 κρεῖττον
491 2199 650 2288 δρῶντες,
666 2197 775 2285 ἀκραν
789 2199 825 2266 δὲ
836 2205 974 2284 μίμησιν
987 2204 1048 2267 τοῦ
1059 2199 1126 2265 πά-

115 2308 203 2377 θους
213 2296 254 2367 τά
261 2307 398 2368 τοιαῦτα
409 2299 556 2386 οίόμενοι
569 2297 670 2366 εἶναι·
690 2303 723 2366 οί
731 2295 935 2381 ἀστειότεροι
945 2298 981 2364 δὲ
990 2299 1126 2364 συνιέν-

116 2423 169 2474 τες
187 2397 249 2481 μὲν
266 2399 320 2464 καί
338 2399 531 2484 αἰδούμενοι
549 2400 601 2466 ἐπὶ
617 2411 686 2475 τοῖς
704 2397 930 2482 γιγνομένοις,
954 2391 1016 2462 ούκ
1033 2397 1126 2482 έλέγ-

116 2519 231 2580 χοντες
244 2495 280 2561 δὲ
298 2502 406 2584 σιωπή
420 2493 456 2564 τὸ
475 2503 626 2583 πρᾶγμα,
650 2509 717 2572 τοῖς
738 2494 773 2562 δὲ
795 2495 941 2571 ἐπαίνοις
960 2493 1016 2561 καί
1032 2491 1126 2561 αὐτοί

116 2591 178 2679 τήν
192 2589 312 2659 ἀνοιαν
331 2599 389 2679 τής
409 2591 575 2683 ὀρχήσεως
591 2595 886 2679 ἐπικαλύπτοντες,
912 2596 966 2662 καὶ
982 2592 1126 2681 ἀκριβῶς

118 2689 261 2774 ὁρῶντες
272 2690 324 2759 ότι
335 2689 398 2759 ούκ
407 2701 561 2778 Αίαντος,
571 2690 648 2761 ἀλλ’
659 2692 823 2780 ὀρχηστοῦ
832 2698 951 2778 μανίας
961 2691 1000 2758 τά
1009 2693 1126 2778 γιγνό-

117 2813 200 2874 μενα
222 2782 275 2876 ήν.
310 2787 351 2856 οὑ
381 2788 446 2877 γάρ
469 2789 643 2878 ἀρκεσθεὶς
668 2792 799 2870 τούτοις
827 2788 844 2856 ὑ
866 2803 1019 2875 γενναῖος
1044 2788 1124 2858 ἀλλο

117 2896 233 2978 μακρῷ
253 2889 375 2957 τούτου
392 2891 602 2977 γελοιότερον
617 2894 751 2972 ἔπραξε·
779 2884 925 2974 καταβάς
940 2885 1005 2972 γάρ
1021 2892 1067 2964 εἰς
1086 2884 1123 2953 τὸ

116 2989 220 3072 μέσον
235 2989 272 3055 έν
287 2994 327 3076 τῇ
342 2994 448 3078 βουλή
463 2988 524 3057 δύο
543 2987 715 3056 ὑπατικῶν
729 2987 828 3070 μέσος
844 2986 1015 3063 ἐκαθέζετο
1033 2984 1125 3050 πάνν

116 3083 277 3152 δεδιότων
293 3083 336 3171 μή
351 3088 406 3154 καί
415 3084 527 3153 αὑτῶν
540 3112 615 3154 τινα
627 3084 739 3168 ῶσπερ
754 3080 851 3165 κριόν
861 3083 1054 3169 μαστιγῶσχγ
1065 3091 1125 3150 λα-

115 3183 205 3269 βῶν·
229 3185 283 3250 καί
297 3181 333 3250 τό
351 3192 486 3270 πρᾶγμα
502 3188 535 3250 οί
544 3183 604 3268 μὲν
618 3180 825 3267 ἐθαύμαζον,
841 3186 875 3248 οί
887 3181 923 3248 δὲ
938 3183 1077 3267 έγέλων,
1093 3187 1127 3250 οί

117 3280 152 3349 δὲ
167 3278 369 3349 ὑπῶπτευον
383 3279 426 3367 μὴ
444 3280 508 3364 ἀρα
526 3282 561 3348 έκ
575 3290 631 3366 τῆς
647 3279 734 3366 ἀγαν
747 3279 914 3367 μιμήσεως
929 3286 975 3360 είς
988 3278 1050 3368 τὴν
1064 3287 1124 3349 τοῦ

115 3379 250 3458 πόθους
265 3377 429 3466 ἀλήθειαν
443 3375 625 3467 ὑπηνέχθη.
652 3384 701 3448 84.
718 3382 771 3447 καί
789 3375 894 3447 αὑτόν
910 3381 1040 3465 μέντοι,
1055 3405 1123 3466 φα·
1139 3393 1192 3448 315
