2575 3842
186 187 249 250 370
537 185 845 245 ΛΟΤΚΙΑΝΟΤ

186 341 235 423 οἷς
255 347 329 428 περὶ
344 350 405 411 τοῦ
420 342 504 420 Διὸς
524 346 627 427 λέγει,
648 340 691 420 ως
709 343 933 429 ἐπεβούλευον
954 348 1118 430 ξυνδῆσαι
1136 344 1206 412 αύ-

186 439 279 528 τὸνή
296 440 449 526 θυγάτηρ
473 443 527 508 καὶ
544 438 562 506 ὁ
579 438 724 526 ἀδελφός
744 438 833 526 καλή
849 441 955 527 γυνής
975 445 1030 510 καὶ
1046 453 1080 510 εί
1094 468 1137 528 γε
1155 442 1202 529 μή

185 540 245 609 τὸν
260 541 434 628 Βριάρεων
453 539 473 626 ή
490 542 584 617 Θέτις
602 541 758 608 ἐκάλεσεν
774 537 818 618 ὡς
831 541 981 626 νοήσασα
997 540 1033 608 τὰ
1055 542 1204 628 γινόμε-

186 665 264 723 νον,
282 641 461 723 ἐπεπέδητο
474 634 518 704 ἀν
532 635 611 724 ἡμῖν
625 635 643 703 ὁ
657 641 824 723 βέλτιστος
837 636 923 715 Ζεύς
934 641 1200 723 ξυναρπασθείς.

117 749 167 805 687
189 733 269 802 ἀνθ’
290 727 338 802 &v
355 738 409 802 καὶ
428 733 717 820 ἀπομνημονεύων
737 741 776 822 τή
792 737 902 801 Θέτιδι
918 732 980 819 τήν
998 735 1097 822 χάριν
1119 739 1201 816 ἐξα-

187 840 273 922 πατᾷ
291 830 351 899 τόν
369 830 595 918 Ἀγαμέμνονα
615 831 750 916 όνειρόν
771 857 846 898 τινα
867 837 974 916 ψευδή
997 836 1198 919 ἐπιπέμψας,

188 927 231 1007 ὡς
242 929 359 997 πολλοὶ
368 938 436 996 των
448 926 585 1015 Ἀχαιῶν
596 927 814 996 ἀποθάνοιεν.
833 925 932 1015 ὁρᾷς;
947 928 1117 998 ἀδύνατον
1127 929 1198 1016 γάρ

186 1020 229 1112 ήν
251 1025 340 1115 αύτῷ
361 1025 529 1108 κεραυνὸν
543 1026 720 1111 ἐμβαλόντι
735 1027 934 1109 καταφλέξαι
953 1024 1014 1094 τὸν
1030 1024 1198 1112 Ἀγαμέμν
1276 1084 1277 1099 ,

186 1147 270 1190 νονα
287 1121 393 1190 αὐτὸν
407 1125 490 1190 ἀνευ
505 1130 565 1190 τοῦ
581 1121 756 1189 ἀπατεῶνα
771 1125 892 1190 δοκεῖν.
912 1119 934 1207 ή
951 1123 1061 1190 ἐκεῖνά
1076 1143 1113 1189 σε
1128 1125 1196 1208 μά-

187 1229 278 1287 λιστα
295 1227 340 1299 είς
355 1218 416 1307 τήν
433 1227 544 1288 πίστιν
559 1220 787 1288 ἐπεσπάσαντο
804 1216 987 1303 ἀκούοντα,
1007 1217 1050 1296 ὡς
1061 1222 1195 1305 Διομή-

186 1320 245 1402 δης
261 1318 323 1402 μὲν
341 1322 461 1403 ἔτρωσε
481 1315 543 1403 τήν
562 1315 776 1401 Ἀφροδίτην,
802 1313 869 1382 εἶτα
889 1313 949 1382 τόν
961 1314 1068 1401 Ἀρην
1088 1314 1195 1384 αάτὸν

183 1410 326 1498 Ἀθηνᾶς
342 1415 596 1500 παρακελεύσει,
614 1412 695 1499 μετά
707 1410 829 1499 μικρὸν
843 1413 880 1480 δέ
894 1412 987 1481 αύτοὶ
1003 1415 1193 1499 ξυμπεσύν-
1263 1423 1267 1432 ’

187 1535 239 1586 τες
254 1514 288 1576 οί
305 1513 380 1578 θεοὶ
397 1514 664 1596 έμονομαχούντο
684 1508 803 1597 ἀναμίξ
820 1515 854 1578 οί
873 1509 1011 1597 ἀρρενές
1030 1535 1066 1576 τε
1087 1513 1197 1577 καλαί
1278 1554 1279 1557 =

185 1605 332 1690 θήλειαι,
358 1609 412 1674 καί
431 1605 556 1692 Ἀθηνᾶ
576 1606 638 1692 μέν
649 1606 754 1694 ’Ἀρην
770 1614 1041 1692 καταγωνίζεται,
1064 1605 1123 1673 ἅτε
1137 1610 1195 1674 καὶ

186 1702 477 1788 προπεπονηκότα,
502 1701 607 1789 οἶμαι,
630 1707 667 1772 έκ
681 1712 742 1771 τοῦ
757 1705 959 1789 τραύματος,
981 1701 1000 1771 ὃ
1019 1701 1111 1789 παρὰ
1131 1711 1194 1770 τοῦ

187 1799 378 1886 Διομήδους
393 1802 531 1887 είλήφει,

310 1906 415 1982 Λητοῖ
427 1897 457 1964 δ’
476 1896 612 1983 ἀντέστη
629 1905 736 1975 σῶκος
748 1896 911 1981 ἐριούνιος
921 1894 1058 1983 Ἑρμήςς

185 1993 259 2082 ήτά
279 1999 355 2082 περὶ
371 2004 428 2083 της
444 1995 630 2083 Ἀρτέμιδός
651 2016 704 2064 σοι
718 1994 847 2063 πιθανὰ
868 2000 997 2081 έδοξεν,
1022 1994 1066 2073 ὡς
1080 1998 1192 2080 ἐκείνη

185 2101 404 2180 μεμψίμοιρος
414 2089 499 2161 ούσα
510 2094 741 2181 ἠγανάκτησεν
753 2090 794 2160 ού
807 2101 968 2179 κληθεῖσα
979 2091 1033 2178 ἐφ’
1047 2095 1194 2160 ἑστίασιν

185 2188 250 2258 ύπό
272 2199 332 2258 τοῦ
349 2198 489 2279 Οἰνέως,
510 2197 565 2261 καὶ
584 2191 639 2260 διά
660 2199 758 2259 τοῦτο
778 2198 844 2257 σῦν
863 2217 937 2258 τινα
957 2189 1115 2276 ὑπερφυᾶ
1135 2194 1193 2258 καὶ

185 2287 417 2356 ἀνυπόστατον
427 2289 488 2376 τήν
503 2289 609 2377 ἀλκήν
621 2294 790 2375 έπαφήκεν
806 2292 857 2357 έπὶ
869 2290 930 2376 τήν
944 2290 1056 2375 χώραν
1067 2286 1192 2368 αύτούς

185 2380 242 2472 ἀρ’
262 2380 325 2453 οὖν
340 2385 380 2453 τά
396 2397 532 2455 τοιαῦτα
547 2393 655 2474 λέγων
670 2387 857 2474 σεὍμηρος
870 2393 1020 2466 πέπεικε;

268 2489 319 2552 41.
342 2493 467 2552 ΖΕΥΣ.
498 2494 620 2572 Βαβαῖ·
647 2486 780 2572 ἡλίκον,
806 2474 944 2572 τόδἐοί,
968 2486 1131 2573 ἀνεβόησε
1151 2485 1191 2552 τὸ

184 2591 330 2669 πλῆθος,
347 2585 561 2659 ἐπαινοῦντες
571 2581 630 2649 τὸν
642 2592 772 2669 Δάμιν·
794 2582 811 2650 ὁ
827 2581 859 2650 δ’
871 2581 1028 2670 ἡμέτερος
1039 2582 1191 2668 ἀπορου·

169 2665 227 2744 ἀί
248 2706 273 2771 φ
294 2685 396 2747 ἔοικε·
425 2683 512 2746 δέδιε
531 2687 618 2765 νοῦν
632 2687 687 2750 καί
708 2682 885 2771 ὑποτρέμει
903 2686 959 2752 καί
979 2685 1079 2769 δῆλός
1098 2686 1190 2751 ἐστιν

54 2708 382 2926 Λρρίψων
391 2775 454 2863 τήν
465 2775 603 2865 ἀσπίδα,
622 2784 676 2848 καὶ
687 2781 752 2869 ήδη
768 2789 959 2869 περιβλέπει
974 2780 1008 2850 ολ
1020 2780 1191 2868 παρεκδύς

116 2898 168 2952 583
186 2874 417 2959 ἀποδράσεται.

272 2980 365 3041 ΤΙΜ.
391 2973 474 3042 Οὐδ’
487 2973 671 3062 Εὐριπίδης
682 2975 747 3061 ἀρα
760 2997 812 3044 σοι
824 2981 1033 3064 δοκεῐλέγειν
1044 3006 1076 3047 τι
1087 2977 1189 3065 ύνιες,

184 3067 311 3138 ὁπόταν
327 3070 449 3151 αὐτούς
460 3072 747 3161 ἀναβιβασάμενος
758 3072 836 3152 τούς
849 3073 954 3154 θεούς
968 3074 1095 3161 ἐπὶ“τήν
1107 3097 1190 3160 σκη-

185 3164 250 3253 νήν
266 3171 404 3258 δεικνύη
424 3172 588 3251 σώζοντας
610 3174 671 3258 μὲν
692 3170 770 3250 τούς
788 3171 951 3258 χρηστούς
969 3180 1037 3240 τῶν
1054 3173 1188 3261 ἡρώων,

185 3265 263 3345 τούς
274 3266 443 3353 πονηρούς
453 3272 489 3336 δέ
501 3274 556 3338 καὶ
566 3297 649 3339 κατα
661 3271 698 3338 σέ
707 3269 770 3356 τήν
781 3269 935 3358 ἀσέβειαν
945 3273 1188 3358 ἐπιτρίβονταςς

268 3371 379 3433 ΔΑΜ.
401 3362 504 3453 Ἀλλ’,
523 3360 774 3452 ύμενναιότατε
789 3366 986 3454 φιλοσόφων
1003 3371 1188 3454 Τιμόκλεις,

10 2585 78 2604 w
