2575 3842
161 181 203 244 60
516 187 816 246 ΛΟΥΚΙΑΝΟΤ

112 412 115 426 s
161 353 227 430 ρώς
242 345 432 432 πλησιάζειν
447 359 514 424 τοῖς
527 347 627 424 νέοις·
651 348 706 414 καλ
719 349 831 432 μέντοι
844 347 1084 428 πάντεςάύτού
1097 355 1170 418 ἐπι-

161 457 273 529 ορκεῑν
292 447 550 527 κατεγίνωσκον·
578 445 736 522 πολλάκις
749 452 836 528 γοῦν
850 443 868 512 ό
885 445 946 531 μέυ
957 445 1133 526 Ὑάκινθος
1146 444 1168 534 ἠ

160 537 178 609 ὁ
193 540 383 625 Νάρκισσος
406 539 618 626 ὡμολόγουν,
641 543 765 619 ἐκεῖνος
782 542 816 610 δέ
833 540 976 628 ἠρνεῖτο.
1004 550 1040 611 αί
1052 546 1088 613 δὲ
1104 571 1167 631 γυ-

80 697 82 704 .
159 643 269 717 ναῑκές
290 645 353 708 είσι
372 645 452 705 πᾶσι
472 640 581 707 κοιναὶ
602 640 658 706 καλ
680 638 788 718 οὐδεὶς
803 650 929 725 φθονεῖ
947 649 993 731 τῷ
1015 650 1167 730 πλησίον,

159 734 235 804 ἀλλ’
258 738 319 805 είσλ
341 737 416 822 περὶ
440 743 538 803 τοῦτο
558 735 699 822 μάλιστα
716 739 1032 807 Πλατωνικώτατοι·
1065 745 1171 810 καλοί

158 839 272 913 παῖδες
282 835 319 903 δέ
330 837 508 920 παρέχουσι
517 849 585 911 τοῖς
595 836 813 921 βουλομένοις
822 834 922 905 οὐδέν
931 834 1165 923 ἀντιλέγοντες.

91 948 141 1003 117
244 939 294 1000 20.
319 931 423 1001 Ούπω
439 931 474 1000 δέ
491 930 552 998 δύο
566 927 588 1018 ἠ
605 947 692 1017 τρεῖς
706 930 824 1018 ἡμέραι
839 935 1097 1021 διεληλύθεσαν,
1112 939 1167 1005 καλ

159 1028 358 1113 προσελθών
370 1027 435 1116 ἐγώ
447 1027 576 1120 Ὁμήρῳ
587 1038 633 1119 τῷ
642 1038 771 1118 ποιητῇ,
787 1040 905 1119 σχολῆς
915 1033 1018 1120 οὔσης
1028 1032 1165 1120 ἀμφοῖν,

158 1127 198 1196 τά
214 1153 248 1194 τε
263 1125 347 1195 ἀλλα
362 1126 602 1215 ἐπυνθανόμην
616 1130 671 1196 καλ
682 1128 767 1196 ὅθεν
780 1139 847 1216 εἴη,
864 1134 971 1215 λέγων
986 1140 1085 1198 τούτο
1099 1131 1167 1217 μά·

45 1245 52 1259 ¹
158 1235 251 1294 λιστα
269 1222 349 1311 παρ’
367 1223 448 1313 ἠμῑν
468 1229 565 1293 εἰσέτι
584 1234 650 1294 νύν
671 1234 845 1312 ζητεῖσθαι.
876 1226 949 1296 δδέ
969 1227 1044 1297 οὐδ’
1065 1226 1166 1308 αι’πδς

157 1327 218 1411 μὲν
233 1323 368 1410 ἀγνοεῖν
384 1331 528 1409 ἔφασκεν
544 1323 588 1404 ὡς
610 1329 642 1394 οί
655 1325 716 1411 μέν
729 1335 831 1410 Χῖον,
854 1331 888 1395 οί
904 1327 941 1394 δέ
956 1338 1164 1414 Σμυρναῖον,

157 1425 274 1490 πολλοὶ
291 1422 326 1490 δέ
341 1424 395 1490 καλ
406 1423 627 1506 Κολοφώνιον
642 1421 748 1491 αύτδυ
760 1431 961 1510 νομίζουσιν.
986 1425 1069 1494 εἶναι
1084 1429 1165 1512 μέν·

157 1546 208 1587 τοι
222 1546 260 1606 γε
276 1527 366 1606 ἔλεγε
380 1520 613 1605 Βαβυλώνιος,
630 1522 685 1588 καλ
701 1521 792 1606 παρά
807 1548 846 1606 γε
860 1537 928 1601 τοῖς
942 1529 1088 1601 πολίταις
1102 1522 1164 1608 ούχ

158 1617 317 1705 Ὅμηρος,
334 1615 416 1686 ἀλλά
431 1619 595 1705 Τιγράνης
605 1629 794 1688 καλεῖσθαι·
816 1619 1006 1706 ὕστερονδὲ
1017 1623 1165 1710 ὁμηρεύ-

158 1737 217 1793 σας
236 1713 324 1798 παρά
339 1714 569 1803 τοίςἝλλησιν
583 1716 720 1796 ἀλλάξαι
733 1715 796 1805 τήν
809 1727 1043 1805 προσηγορίαν.
1066 1726 1113 1788 ἐτι
1128 1724 1165 1789 δὲ

158 1814 212 1882 καὶ
223 1814 299 1895 περὶ
310 1821 377 1879 τών
387 1811 623 1901 ἀθετουμένων
634 1821 753 1900 στίχων
763 1816 951 1901 ἐπηρώτων,
969 1824 999 1885 εί
1007 1816 1066 1885 ὑπ’
1078 1822 1164 1887 ἐκεί-

157 1936 220 1977 νου
242 1912 325 1978 είσλν
341 1913 607 1999 ἐγγεγραμμένοι.
637 1914 692 1981 καλ
712 1909 750 1991 δς
766 1918 890 2000 ἔφασκε
910 1913 1037 1994 πάντας
1058 1915 1165 1984 αύτοῦ

157 2007 249 2074 εἶναι.
279 2016 524 2094 κατεγίνωσκον
541 2002 604 2078 οὖν
626 2017 694 2078 τών
715 2007 801 2096 ἀμφί
822 2009 882 2078 τόν
897 2010 1088 2097 Ζηνόδοτον
1107 2013 1163 2081 καὶ

152 2105 364 2194 Ἀρίσταρχον
378 2118 612 2196 γραμματικόν
626 2107 753 2193 πολλήν
765 2106 827 2194 τήν
838 2116 1071 2195 ψυχρολογίαν.
1093 2112 1161 2178 ἐπεὶ

156 2206 192 2274 δέ
205 2214 308 2274 ταῦτα
320 2211 441 2284 ίκανώς
456 2207 670 2292 ἀπεκρίνατο,
688 2207 789 2274 πάλιν
805 2204 911 2274 αύτδν
924 2205 1061 2293 ἠρώτων
1075 2206 1109 2276 τί
1120 2208 1162 2296 δή

89 2327 140 2381 118
159 2328 237 2371 ποτε
252 2302 317 2371 άπδ
330 2313 387 2390 τής
397 2303 581 2390 μήνιδος
547 2332 608 2391 την
623 2304 728 2391 ἀρχὴν
742 2304 931 2390 ἐποιήσατο·
953 2305 1042 2375 καλ“
1021 2333 1059 2386 ος
1070 2307 1162 2374 εἶπεν

156 2400 262 2480 οὕτως
289 2406 444 2470 ἐπελθεῖν
470 2401 559 2491 αύτῷ
587 2404 691 2490 μηδὲν
715 2404 975 2490 ἐπιτηδεύσαντι.
1013 2407 1068 2474 καὶ
1094 2432 1162 2522 μην

133 2499 288 2568 κάκεινο
316 2500 510 2588 ἐπεθύμουν
536 2505 743 2588 είδέναι,εί
713 2507 929 2587 επροτέραν
953 2509 1077 2588 ἐγραψε
1100 2502 1162 2589 τήν

150 2598 345 2666 Ὀδύσσειαν
364 2608 422 2686 τῆς
438 2597 636 2684 Ἰλιάδος,
613 2627 657 2678 ως
677 2607 711 2668 οί
723 2609 843 2670 πολλοί
856 2622 975 2723 φασιν·
1006 2601 1024 2668 ὁ
1046 2599 1118 2670 δέ’
1098 2628 1161 2688 ηρ-

155 2794 261 2865 αύτού
281 2799 455 2882 λέγουσιν,
480 2794 597 2864 αὐτίκα
617 2795 819 2884 ἠπιστάμην·
849 2797 936 2881 ἑώρα
961 2797 1043 2883 γάρ,
1074 2797 1159 2866 ώστε

154 2893 232 2963 οὐδὲ
241 2893 479 2962 πυνθάνεσθαι
489 2895 636 2982 ἐδεόμην.
651 2897 810 2974 πολλάκις
821 2896 857 2964 δέ
866 2898 921 2964 καὶ
933 2896 1050 2965 ἀλλοτε
1060 2905 1159 2965 τοῦτο

154 2998 306 3078 ἐποίουν,
322 3002 355 3061 εί
366 3016 445 3060 ποτε
462 2990 567 3062 αὐτόν
585 2991 707 3080 σχολήν
721 2993 845 3078 ἀγοντα
861 2997 990 3081 έιιρων·
1010 2995 1160 3080 προσιών

153 3093 217 3179 γάρ
228 3117 258 3158 τι
270 3091 641 3181 ἐπυνθανόμηυάυτού,
658 3090 760 3170 καλός
770 3095 955 3179 προθύμως
964 3094 1159 3163 πάλινάπε-

153 3197 305 3276 κρίνατο,
320 3217 375 3258 και
389 3188 527 3276 μάλιστα
540 3189 620 3312 μετά
635 3189 697 3278 τήν
708 3196 820 3278 δίκην,
837 3194 947 3279 ἐπειδὴ
962 3195 1157 3280 ἐκράτησεν

151 3280 195 3374 ἠν
209 3286 273 3373 γάρ
288 3312 338 3366 τις
350 3287 463 3374 γραφή
477 3287 549 3355 κατ’
565 3287 671 3356 αύτου
659 3293 928 3410 ἐπενηνεγμένη
946 3288 1107 3378 ύβρεως“
1089 3289 1156 3359 υπὸ

153 3393 315 3471 Θερσίτου
333 3384 387 3472 ἐφ’
404 3383 508 3466 οίς’
467 3385 572 3456 αυτόν
590 3391 627 3456 ἐν
641 3399 681 3478 τῇ
700 3389 829 3477 ποιήσει
850 3397 994 3476 ἔσκωψε,
1015 3391 1070 3459 καλ
1088 3392 1154 3460 ἐνί·
