2575 3842
177 190 219 252 50
529 190 836 251 ΛΟΥΚΙΑΝΟΤ

177 351 282 436 μένου
298 353 373 434 περὶ
386 348 448 436 τήν
463 352 622 434 δευτέραν
641 354 703 416 τοῦ
717 346 878 432 στόματος
897 341 1027 426 ἄνοιξιν
1040 373 1083 398 -a
1097 342 1185 423 ἅπαξ

176 444 241 531 γάρ
259 443 413 532 δήτοῦτο
434 444 517 514 κατά
537 444 599 532 τήν
621 444 714 531 ὥραν
735 445 876 529 ἑκάστην
897 445 1000 510 ἐποίει
1016 440 1052 510 τὸ
1076 448 1184 526 κήτος,

114 558 160 611 102
178 541 261 609 ὥστε
276 541 361 629 ήμάς
381 541 465 629 πρὸς
480 544 537 622 τὰς
555 542 697 622 ἀνοίξεις
711 548 948 626 τεκμαίρεσθαι
968 538 1026 618 τάς
1041 565 1128 625 ιιρας
1141 579 1185 592 -

178 642 252 723 περὶ
267 632 331 706 οῦν
342 638 404 726 τήν
416 645 592 726 δευτέραν,
611 639 722 721 ὥσπερ
738 645 840 724 ἔφην,
852 635 998 722 ἀνοιξιν,
1012 637 1111 723 ἀφνω
1121 635 1184 722 βοή

178 763 212 804 τε
234 735 339 823 πολλή
355 742 410 806 καὶ
430 739 582 825 θόρυβος
604 735 746 823 ήκούετο
768 737 823 803 καὶ
846 733 957 818 ὥσπερ
979 734 1186 819 κελεύσματα

179 836 233 903 καὶ
256 840 408 920 εἰρεσίαι·
434 837 655 920 ταραχθέντες
675 828 739 901 οῦν
761 831 1010 918 ἀνειρπύσαμεν
1026 829 1078 899 ἐπ’
1103 827 1184 897 αὐτὸ

178 931 215 1000 τό
231 932 336 1017 στόμα
348 939 409 999 τοῦ
419 939 546 1018 θηρίου
559 934 613 1000 καὶ
625 930 761 1008 στάντες
778 933 940 1015 ἐνδοτέρω
954 936 1022 997 τῶν
1036 927 1187 995 ὀδόντων

179 1036 405 1115 καθεωρῶμεν
428 1026 587 1096 ἀπάντων
610 1021 659 1096 τόν
683 1024 748 1111 ἐγώ
769 1025 858 1094 εἶδον
874 1025 1056 1112 θεαμάτων
1077 1050 1184 1111 παρα,

179 1127 367 1210 δοξότατον,
378 1125 503 1211 ἀνδρας
513 1127 679 1214 μεγάλους
693 1124 775 1193 ὅσον
783 1122 1034 1210 ἡμισταδιαίους
1045 1121 1102 1202 τάς
1112 1120 1188 1209 ἡλι-

178 1230 251 1301 κίας
280 1225 333 1290 ἐπὶ
357 1224 471 1311 νήσων
498 1223 654 1310 μεγάλων
681 1223 929 1305 προσπλέοντας
954 1221 1064 1307 οἵσπερ
1091 1246 1187 1305 τριη-

179 1329 258 1406 ριδν.
293 1319 366 1387 οῖδα
387 1325 449 1407 μὲν
471 1314 534 1388 οὖν
556 1319 705 1398 ἀπίστοις
721 1317 852 1387 ἐοικότα
873 1321 1078 1406 ἱστορήσων,
1105 1320 1188 1397 λέξω

179 1418 215 1484 δὲ
233 1416 332 1502 ὅμως.

261 1520 370 1598 Νήσοι
383 1505 470 1599 ήσαυ
482 1513 649 1599 ἐπιμήκεις
659 1515 731 1600 μέν,
747 1511 789 1580 ού
800 1514 892 1582 πάνυ
906 1516 943 1582 δὲ
954 1510 1088 1599 ὑψηλαί,
1104 1510 1187 1579 ὅσον

179 1606 298 1678 ἑκατόν
325 1614 470 1676 σταδίων
492 1611 611 1694 ἑκάστη
633 1608 670 1677 τό
694 1617 908 1697 περίμετρον
941 1612 994 1678 ἐπὶ
1016 1611 1052 1676 δὲ
1075 1604 1187 1675 αὐτῶν

179 1715 298 1776 ἔπλεον
308 1713 377 1774 τῶν
388 1706 523 1793 ἀνδρῶν
534 1711 672 1778 ἐκείνων
683 1707 768 1795 ἀμφὶ
779 1709 858 1790 τοῦς
869 1719 974 1778 είκοσι
987 1711 1042 1776 καὶ
1052 1707 1185 1776 ἑκατόν·

180 1805 310 1872 τούτων
331 1806 368 1872 δὲ
389 1810 423 1873 οί
446 1807 507 1893 μὲν
531 1805 611 1893 παρ’
636 1808 775 1891 ἑκάτερα
794 1815 851 1893 τής
871 1807 977 1893 νήσου
1001 1805 1188 1891 καθήμενοι

180 1905 296 1987 ἐφεξῆς
312 1903 550 1989 ἐκωπηλάτουν
567 1913 779 1987 κυπαρίττοις
793 1906 950 1991 μεγάλαις
970 1900 1189 1979 αὐτοκλάδοις

70 2017 72 2022 ·
180 2002 235 2066 καὶ
256 1996 453 2086 αὐτοκόμοις
474 1999 613 2087 ὡσπερεὶ
640 2006 804 2089 ἐρετμοϊς,
832 2004 974 2082 κατόπιν
999 2002 1035 2068 δὲ
1058 2002 1112 2069 ἐπὶ
1130 2007 1188 2084 τῆς

181 2095 345 2182 πρύμνης,
356 2094 399 2176 ὥς
408 2099 526 2184 ἐδόκει,
537 2102 743 2189 κυβερνήτης
753 2104 805 2168 ἐπὶ
813 2101 925 2187 λόφον
934 2097 1069 2185 ύφηλοῦ
1080 2097 1189 2182 είστή-

180 2219 230 2260 κει
240 2194 382 2280 χάλκεον
395 2201 478 2281 ἐχων
490 2199 654 2284 πηδάλιον
665 2202 941 2266 πεντασταδιαῖον
952 2195 988 2264 τό
1000 2203 1119 2283 μήτιος·
1135 2197 1189 2264 ἐπὶ

181 2291 217 2358 δὲ
238 2300 295 2376 τῆς
318 2292 453 2382 πρῴρας
475 2293 556 2363 ὅσον
581 2296 824 2382 τετταράκοντα
848 2293 1048 2381 ὡπλισμένοι
1076 2291 1189 2362 αύτων

180 2390 340 2473 ἐμάχοντο
362 2391 471 2458 πάντα
495 2395 636 2473 ἐοικότες
658 2393 855 2480 ἀνθρώποις
874 2395 964 2482 πλήν
987 2401 1045 2481 τῆς
1066 2394 1187 2480 κόμης·

182 2483 266 2572 αύτη
278 2488 314 2555 δὲ
325 2495 392 2574 πῦρ
404 2483 449 2576 ήν
459 2493 514 2560 καὶ
526 2493 669 2577 ἐκαίετο,
685 2493 769 2561 ὥστε
783 2492 863 2562 ούδλ
874 2494 1035 2578 κορύθων
1047 2496 1187 2562 ἐδέοντο.

181 2581 255 2652 ἀντὶ
272 2587 308 2652 δὲ
322 2591 436 2656 ἱστίων
454 2586 472 2656 ὁ
490 2589 612 2678 ἀνεμος
626 2595 797 2678 ἐμπίπτων
810 2601 850 2682 τή
861 2591 927 2677 ύλη
937 2599 1044 2680 πολλή
1054 2590 1141 2681 ούση
1152 2595 1190 2660 ἐν

181 2681 301 2768 ἑκάστη
316 2685 460 2754 ἐκόλπου
471 2715 506 2755 τε
521 2687 628 2776 αύτήν
638 2693 694 2758 καὶ
709 2696 808 2774 ἐφερε
818 2689 880 2775 τήν
892 2684 1030 2779 νήσονή
1048 2685 1189 2759 ἐθέλοιό

180 2781 402 2867 κυβερνήτης·
414 2785 591 2873 κελευστὴς
601 2787 638 2855 δὲ
648 2789 836 2875 ἐφειστήκει
846 2788 1023 2867 αὐτοῖςκαὶ
1034 2789 1117 2875 πρὸς
1128 2786 1190 2874 τὴν

180 2883 326 2962 εἰρεσίαν
340 2877 439 2959 ὀξέως
462 2885 635 2952 ἐκινοῦντο
654 2884 766 2971 ὥσπερ
782 2883 822 2953 τά
838 2885 949 2973 μακρά
966 2895 1033 2955 τῶν
1052 2893 1188 2954 πλοίων.

115 2993 163 3045 103
181 2981 231 3045 41.
248 2975 285 3044 τό
301 2979 362 3062 μὲν
377 2972 442 3047 οὖν
456 2989 590 3065 πρῶτον
601 2982 663 3050 δύο
678 2979 798 3071 ήτρεῑς
813 2985 984 3071 ἑωρῶμεν,
1000 2984 1191 3071 ὕστερονδὲ

182 3077 355 3162 ἐφάνησαν
370 3075 451 3146 ὅσον
467 3082 645 3168 ἑξακόσιοι,
662 3086 718 3152 καὶ
731 3084 923 3161 διαστάντες
935 3087 1122 3171 ἐπολέμουν
1136 3086 1192 3152 καὶ

181 3177 402 3262 ἐναυμάχουν.
427 3181 546 3248 πολλαὶ
561 3179 622 3266 μὲν
640 3176 705 3249 ούν
718 3179 921 3270 ἀντίπρῳροι
937 3182 1191 3270 συνηράσσοντο

182 3273 354 3360 ἀλλήλαις,
372 3282 490 3347 πολλαὶ
508 3280 615 3348 δὲκαὶ
634 3283 851 3368 ἐμβληθεῖσαι
866 3282 1082 3364 κατεδύοντο,
1106 3285 1192 3348 αἰδὲ

182 3377 452 3463 συμπλεκόμεναι
477 3387 644 3464 καρτερῶς
672 3385 907 3468 διηγωνίζοντο
929 3383 986 3447 καὶ
1006 3378 1048 3448 ού
1068 3384 1192 3470 ῥᾳδίως
