<?xml version="1.0" encoding="UTF-8"?>
<!DOCTYPE html PUBLIC "-//W3C//DTD XHTML 1.0 Transitional//EN"
    "http://www.w3.org/TR/xhtml1/DTD/xhtml1-transitional.dtd">
<html xmlns="http://www.w3.org/1999/xhtml" xml:lang="en" lang="en">
 <head>
  <title>
</title>
<meta http-equiv="Content-Type" content="text/html;charset=utf-8" />
  <meta name='ocr-system' content='tesseract 3.04.00' />
  <meta name='ocr-capabilities' content='ocr_page ocr_carea ocr_par ocr_line ocrx_word'/>
</head>
<body>
  <div class='ocr_page' id='page_1' title='image "./operaadoptimoru00jacogoog/operaadoptimoru00jacogoog_0069.png"; bbox 0 0 2575 3842; ppageno 0'>
   <div class='ocr_carea' id='block_1_1' title="bbox 323 191 1108 257">
    <p class='ocr_par' dir='ltr' id='par_1_1' title="bbox 323 191 1108 257">
     <span class='ocr_line' id='line_1_1' title="bbox 323 191 1108 257; baseline 0.003 -3"><span class='ocrx_word' id='word_1_1' title='bbox 323 196 569 255; x_wconf 73' lang='grc' dir='ltr'><em>ΑΛΗΘΟΤΣ</em></span> <span class='ocrx_word' id='word_1_2' title='bbox 587 198 827 257; x_wconf 84' lang='grc' dir='ltr'><em>ΙΣΤΟΡΙΑΣ</em></span> <span class='ocrx_word' id='word_1_3' title='bbox 844 199 883 256; x_wconf 83' lang='grc' dir='ltr'><strong><em>Α.</em></strong></span> <span class='ocrx_word' id='word_1_4' title='bbox 1066 191 1108 256; x_wconf 82' lang='grc'><strong><em>45</em></strong></span> 
     </span>
    </p>
   </div>
   <div class='ocr_carea' id='block_1_2' title="bbox 24 351 1155 1518">
    <p class='ocr_par' dir='ltr' id='par_1_2' title="bbox 24 351 1155 1518">
     <span class='ocr_line' id='line_1_2' title="bbox 98 351 1108 443; baseline -0.001 -21"><span class='ocrx_word' id='word_1_5' title='bbox 98 361 210 441; x_wconf 97' lang='grc' dir='ltr'><strong><em>τρίτης</em></strong></span> <span class='ocrx_word' id='word_1_6' title='bbox 231 351 487 441; x_wconf 78' lang='grc' dir='ltr'><strong><em>ὑποφαινούσης</em></strong></span> <span class='ocrx_word' id='word_1_7' title='bbox 508 351 592 440; x_wconf 91' lang='grc' dir='ltr'><strong><em>πρός</em></strong></span> <span class='ocrx_word' id='word_1_8' title='bbox 614 351 792 442; x_wconf 76' lang='grc' dir='ltr'><strong><em>ἀνίσχοντα</em></strong></span> <span class='ocrx_word' id='word_1_9' title='bbox 811 353 872 424; x_wconf 91' lang='grc' dir='ltr'><strong><em>τόν</em></strong></span> <span class='ocrx_word' id='word_1_10' title='bbox 892 355 989 443; x_wconf 84' lang='grc' dir='ltr'><strong><em>ήλιον</em></strong></span> <span class='ocrx_word' id='word_1_11' title='bbox 1009 353 1108 442; x_wconf 82' lang='grc' dir='ltr'><strong><em>ἀφνω</em></strong></span> 
     </span>
     <span class='ocr_line' id='line_1_3' title="bbox 99 450 1108 540; baseline -0.001 -19"><span class='ocrx_word' id='word_1_12' title='bbox 99 452 231 539; x_wconf 80' lang='grc' dir='ltr'><strong><em>δρῶμεν</em></strong></span> <span class='ocrx_word' id='word_1_13' title='bbox 246 459 351 538; x_wconf 89' lang='grc' dir='ltr'><strong><em>θηρία</em></strong></span> <span class='ocrx_word' id='word_1_14' title='bbox 364 454 419 521; x_wconf 82' lang='grc' dir='ltr'><strong><em>καί</em></strong></span> <span class='ocrx_word' id='word_1_15' title='bbox 433 453 515 539; x_wconf 88' lang='grc' dir='ltr'><strong><em>κήτη</em></strong></span> <span class='ocrx_word' id='word_1_16' title='bbox 530 450 636 521; x_wconf 84' lang='grc' dir='ltr'><strong><em>πολλά</em></strong></span> <span class='ocrx_word' id='word_1_17' title='bbox 652 454 716 540; x_wconf 77' lang='grc' dir='ltr'><strong><em>μέν</em></strong></span> <span class='ocrx_word' id='word_1_18' title='bbox 729 456 784 521; x_wconf 78' lang='grc' dir='ltr'><strong><em>καὶ</em></strong></span> <span class='ocrx_word' id='word_1_19' title='bbox 798 453 899 538; x_wconf 85' lang='grc' dir='ltr'><strong><em>ἀλλα,</em></strong></span> <span class='ocrx_word' id='word_1_20' title='bbox 917 457 955 521; x_wconf 75' lang='grc' dir='ltr'><strong><em>ἓν</em></strong></span> <span class='ocrx_word' id='word_1_21' title='bbox 967 454 1003 521; x_wconf 80' lang='grc' dir='ltr'><strong><em>δὲ</em></strong></span> <span class='ocrx_word' id='word_1_22' title='bbox 1015 455 1108 538; x_wconf 78' lang='grc' dir='ltr'><strong><em>μέγι-</em></strong></span> 
     </span>
     <span class='ocr_line' id='line_1_4' title="bbox 98 548 1106 635; baseline -0.001 -16"><span class='ocrx_word' id='word_1_23' title='bbox 98 571 179 620; x_wconf 90' lang='grc' dir='ltr'><strong><em>στον</em></strong></span> <span class='ocrx_word' id='word_1_24' title='bbox 193 549 353 618; x_wconf 82' lang='grc' dir='ltr'><strong><em>ἁπάντων</em></strong></span> <span class='ocrx_word' id='word_1_25' title='bbox 367 549 450 618; x_wconf 84' lang='grc' dir='ltr'><strong><em>ὅσον</em></strong></span> <span class='ocrx_word' id='word_1_26' title='bbox 464 555 608 618; x_wconf 90' lang='grc' dir='ltr'><strong><em>σταδίων</em></strong></span> <span class='ocrx_word' id='word_1_27' title='bbox 628 558 743 635; x_wconf 88' lang='grc' dir='ltr'><strong><em>χιλίων</em></strong></span> <span class='ocrx_word' id='word_1_28' title='bbox 757 553 812 620; x_wconf 78' lang='grc' dir='ltr'><strong><em>καί</em></strong></span> <span class='ocrx_word' id='word_1_29' title='bbox 829 558 1055 619; x_wconf 76' lang='grc' dir='ltr'><strong><em>πεντακοσίων</em></strong></span> <span class='ocrx_word' id='word_1_30' title='bbox 1070 548 1106 618; x_wconf 90' lang='grc' dir='ltr'><strong><em>τό</em></strong></span> 
     </span>
     <span class='ocr_line' id='line_1_5' title="bbox 99 645 1109 736; baseline -0.002 -20"><span class='ocrx_word' id='word_1_31' title='bbox 99 652 257 734; x_wconf 78' lang='grc' dir='ltr'><strong><em>μέγεθος·</em></strong></span> <span class='ocrx_word' id='word_1_32' title='bbox 280 647 373 736; x_wconf 80' lang='grc' dir='ltr'><strong><em>ἐπῄει</em></strong></span> <span class='ocrx_word' id='word_1_33' title='bbox 385 646 420 714; x_wconf 76' lang='grc' dir='ltr'><strong><em>δὲ</em></strong></span> <span class='ocrx_word' id='word_1_34' title='bbox 433 645 571 733; x_wconf 84' lang='grc' dir='ltr'><strong><em>κεχηνός</em></strong></span> <span class='ocrx_word' id='word_1_35' title='bbox 585 651 641 715; x_wconf 81' lang='grc' dir='ltr'><strong><em>καί</em></strong></span> <span class='ocrx_word' id='word_1_36' title='bbox 654 647 720 733; x_wconf 90' lang='grc' dir='ltr'><strong><em>πρό</em></strong></span> <span class='ocrx_word' id='word_1_37' title='bbox 732 655 859 716; x_wconf 84' lang='grc' dir='ltr'><strong><em>πολλοῦ</em></strong></span> <span class='ocrx_word' id='word_1_38' title='bbox 874 648 1036 730; x_wconf 78' lang='grc' dir='ltr'><strong><em>ταράττον</em></strong></span> <span class='ocrx_word' id='word_1_39' title='bbox 1047 646 1109 732; x_wconf 87' lang='grc' dir='ltr'><strong><em>τήν</em></strong></span> 
     </span>
     <span class='ocr_line' id='line_1_6' title="bbox 99 743 1108 835; baseline -0.001 -21"><span class='ocrx_word' id='word_1_40' title='bbox 99 747 271 814; x_wconf 88' lang='grc' dir='ltr'><strong><em>θάλατταν</em></strong></span> <span class='ocrx_word' id='word_1_41' title='bbox 285 744 383 835; x_wconf 76' lang='grc' dir='ltr'><strong><em>ἀφρῷ</em></strong></span> <span class='ocrx_word' id='word_1_42' title='bbox 397 771 433 814; x_wconf 89' lang='grc' dir='ltr'><strong><em>τε</em></strong></span> <span class='ocrx_word' id='word_1_43' title='bbox 447 747 729 832; x_wconf 74' lang='grc' dir='ltr'><strong><em>περικλυζόμενον</em></strong></span> <span class='ocrx_word' id='word_1_44' title='bbox 739 749 795 814; x_wconf 78' lang='grc' dir='ltr'><strong><em>καὶ</em></strong></span> <span class='ocrx_word' id='word_1_45' title='bbox 805 743 884 824; x_wconf 85' lang='grc' dir='ltr'><strong><em>τούς</em></strong></span> <span class='ocrx_word' id='word_1_46' title='bbox 899 743 1039 824; x_wconf 76' lang='grc' dir='ltr'><strong><em>ὀδόντας</em></strong></span> <span class='ocrx_word' id='word_1_47' title='bbox 1053 748 1069 813; x_wconf 86' lang='grc' dir='ltr'><strong><em>έ</em></strong></span> <span class='ocrx_word' id='word_1_48' title='bbox 1089 785 1108 796; x_wconf 90' lang='grc'>-</span> 
     </span>
     <span class='ocr_line' id='line_1_7' title="bbox 24 840 1109 930; baseline -0.001 -19"><span class='ocrx_word' id='word_1_49' title='bbox 24 840 25 858; x_wconf 66' lang='grc'>’</span> <span class='ocrx_word' id='word_1_50' title='bbox 100 858 224 928; x_wconf 91' lang='grc' dir='ltr'><strong><em>φαῖνον</em></strong></span> <span class='ocrx_word' id='word_1_51' title='bbox 237 841 325 910; x_wconf 84' lang='grc' dir='ltr'><strong><em>πολύ</em></strong></span> <span class='ocrx_word' id='word_1_52' title='bbox 339 853 407 910; x_wconf 79' lang='grc' dir='ltr'><strong><em>τάν</em></strong></span> <span class='ocrx_word' id='word_1_53' title='bbox 421 841 502 926; x_wconf 90' lang='grc' dir='ltr'><strong><em>παρ’</em></strong></span> <span class='ocrx_word' id='word_1_54' title='bbox 518 841 598 930; x_wconf 83' lang='grc' dir='ltr'><strong><em>ἡμῖν</em></strong></span> <span class='ocrx_word' id='word_1_55' title='bbox 613 852 752 929; x_wconf 73' lang='grc' dir='ltr'><strong><em>φαλλῶν</em></strong></span> <span class='ocrx_word' id='word_1_56' title='bbox 767 843 1009 930; x_wconf 76' lang='grc' dir='ltr'><strong><em>ὑψηλοτέρους,</em></strong></span> <span class='ocrx_word' id='word_1_57' title='bbox 1025 840 1109 923; x_wconf 82' lang='grc' dir='ltr'><strong><em>ὀξεῖς</em></strong></span> 
     </span>
     <span class='ocr_line' id='line_1_8' title="bbox 100 940 1107 1028; baseline 0 -19"><span class='ocrx_word' id='word_1_58' title='bbox 100 947 134 1009; x_wconf 81' lang='grc' dir='ltr'><strong><em>δὲ</em></strong></span> <span class='ocrx_word' id='word_1_59' title='bbox 156 943 283 1020; x_wconf 83' lang='grc' dir='ltr'><strong><em>πάντας</em></strong></span> <span class='ocrx_word' id='word_1_60' title='bbox 298 940 409 1027; x_wconf 75' lang='grc' dir='ltr'><strong><em>ὥσπερ</em></strong></span> <span class='ocrx_word' id='word_1_61' title='bbox 424 941 592 1020; x_wconf 87' lang='grc' dir='ltr'><strong><em>σκόλοπας</em></strong></span> <span class='ocrx_word' id='word_1_62' title='bbox 607 944 662 1009; x_wconf 86' lang='grc' dir='ltr'><strong><em>καὶ</em></strong></span> <span class='ocrx_word' id='word_1_63' title='bbox 679 940 821 1020; x_wconf 81' lang='grc' dir='ltr'><strong><em>λευκούς</em></strong></span> <span class='ocrx_word' id='word_1_64' title='bbox 836 941 947 1028; x_wconf 75' lang='grc' dir='ltr'><strong><em>ὥσπερ</em></strong></span> <span class='ocrx_word' id='word_1_65' title='bbox 965 945 1107 1027; x_wconf 81' lang='grc' dir='ltr'><strong><em>έλεφαν·</em></strong></span> 
     </span>
     <span class='ocr_line' id='line_1_9' title="bbox 99 1035 1106 1126; baseline -0.001 -20"><span class='ocrx_word' id='word_1_66' title='bbox 99 1045 220 1118; x_wconf 91' lang='grc' dir='ltr'><strong><em>τίνους.</em></strong></span> <span class='ocrx_word' id='word_1_67' title='bbox 242 1039 335 1126; x_wconf 85' lang='grc' dir='ltr'><strong><em>ἡμεῖς</em></strong></span> <span class='ocrx_word' id='word_1_68' title='bbox 348 1041 411 1126; x_wconf 77' lang='grc' dir='ltr'><strong><em>μὲν</em></strong></span> <span class='ocrx_word' id='word_1_69' title='bbox 426 1035 490 1107; x_wconf 83' lang='grc' dir='ltr'><strong><em>οὖν</em></strong></span> <span class='ocrx_word' id='word_1_70' title='bbox 509 1038 546 1107; x_wconf 88' lang='grc' dir='ltr'><strong><em>τὸ</em></strong></span> <span class='ocrx_word' id='word_1_71' title='bbox 563 1039 708 1108; x_wconf 86' lang='grc' dir='ltr'><strong><em>ύστατον</em></strong></span> <span class='ocrx_word' id='word_1_72' title='bbox 722 1037 888 1126; x_wconf 75' lang='grc' dir='ltr'><strong><em>ἀλλήλους</em></strong></span> <span class='ocrx_word' id='word_1_73' title='bbox 906 1039 1106 1123; x_wconf 86' lang='grc' dir='ltr'><strong><em>προσειπόν-</em></strong></span> 
     </span>
     <span class='ocr_line' id='line_1_10' title="bbox 99 1136 1107 1224; baseline -0.003 -19"><span class='ocrx_word' id='word_1_74' title='bbox 99 1164 151 1214; x_wconf 91' lang='grc' dir='ltr'><strong><em>τες</em></strong></span> <span class='ocrx_word' id='word_1_75' title='bbox 170 1139 226 1205; x_wconf 81' lang='grc' dir='ltr'><strong><em>καί</em></strong></span> <span class='ocrx_word' id='word_1_76' title='bbox 252 1139 489 1223; x_wconf 84' lang='grc' dir='ltr'><strong><em>περιβαλόντες</em></strong></span> <span class='ocrx_word' id='word_1_77' title='bbox 509 1141 685 1224; x_wconf 80' lang='grc' dir='ltr'><strong><em>ἐμένομεν·</em></strong></span> <span class='ocrx_word' id='word_1_78' title='bbox 715 1137 752 1204; x_wconf 85' lang='grc' dir='ltr'><strong><em>τό</em></strong></span> <span class='ocrx_word' id='word_1_79' title='bbox 775 1139 812 1205; x_wconf 78' lang='grc' dir='ltr'><strong><em>δὲ</em></strong></span> <span class='ocrx_word' id='word_1_80' title='bbox 831 1136 896 1223; x_wconf 84' lang='grc' dir='ltr'><strong><em>ήδη</em></strong></span> <span class='ocrx_word' id='word_1_81' title='bbox 917 1144 1028 1222; x_wconf 82' lang='grc' dir='ltr'><strong><em>παρῆν</em></strong></span> <span class='ocrx_word' id='word_1_82' title='bbox 1052 1138 1107 1203; x_wconf 83' lang='grc' dir='ltr'><strong><em>καὶ</em></strong></span> 
     </span>
     <span class='ocr_line' id='line_1_11' title="bbox 99 1232 1106 1324; baseline 0.001 -23"><span class='ocrx_word' id='word_1_83' title='bbox 99 1233 339 1321; x_wconf 79' lang='grc' dir='ltr'><strong><em>ἀναρροφῆσαν</em></strong></span> <span class='ocrx_word' id='word_1_84' title='bbox 351 1233 438 1322; x_wconf 83' lang='grc' dir='ltr'><strong><em>ἡμᾶς</em></strong></span> <span class='ocrx_word' id='word_1_85' title='bbox 459 1232 544 1324; x_wconf 81' lang='grc' dir='ltr'><strong><em>αὐτή</em></strong></span> <span class='ocrx_word' id='word_1_86' title='bbox 557 1238 613 1322; x_wconf 83' lang='grc' dir='ltr'><strong><em>νηὶ</em></strong></span> <span class='ocrx_word' id='word_1_87' title='bbox 634 1239 799 1304; x_wconf 83' lang='grc' dir='ltr'><strong><em>κατέπιεν.</em></strong></span> <span class='ocrx_word' id='word_1_88' title='bbox 833 1234 875 1303; x_wconf 91' lang='grc' dir='ltr'><strong><em>ού</em></strong></span> <span class='ocrx_word' id='word_1_89' title='bbox 889 1239 1001 1321; x_wconf 89' lang='grc' dir='ltr'><strong><em>μέντοι</em></strong></span> <span class='ocrx_word' id='word_1_90' title='bbox 1015 1241 1106 1320; x_wconf 81' lang='grc' dir='ltr'><strong><em>ἔφθη</em></strong></span> 
     </span>
     <span class='ocr_line' id='line_1_12' title="bbox 98 1329 1105 1419; baseline 0.002 -21"><span class='ocrx_word' id='word_1_91' title='bbox 98 1333 284 1415; x_wconf 76' lang='grc' dir='ltr'><strong><em>συναράξαι</em></strong></span> <span class='ocrx_word' id='word_1_92' title='bbox 304 1347 371 1411; x_wconf 90' lang='grc' dir='ltr'><strong><em>τοῖς</em></strong></span> <span class='ocrx_word' id='word_1_93' title='bbox 393 1331 548 1419; x_wconf 80' lang='grc' dir='ltr'><strong><em>ὀδοῦσιν,</em></strong></span> <span class='ocrx_word' id='word_1_94' title='bbox 575 1331 660 1402; x_wconf 84' lang='grc' dir='ltr'><strong><em>ἀλλά</em></strong></span> <span class='ocrx_word' id='word_1_95' title='bbox 681 1332 737 1401; x_wconf 84' lang='grc' dir='ltr'><strong><em>διά</em></strong></span> <span class='ocrx_word' id='word_1_96' title='bbox 759 1341 828 1401; x_wconf 80' lang='grc' dir='ltr'><strong><em>τῶν</em></strong></span> <span class='ocrx_word' id='word_1_97' title='bbox 844 1332 1066 1419; x_wconf 87' lang='grc' dir='ltr'><strong><em>ἀραιωμάτων</em></strong></span> <span class='ocrx_word' id='word_1_98' title='bbox 1084 1329 1105 1417; x_wconf 79' lang='grc' dir='ltr'><em>ἡ</em></span> 
     </span>
     <span class='ocr_line' id='line_1_13' title="bbox 98 1425 1155 1518; baseline -0.003 -20"><span class='ocrx_word' id='word_1_99' title='bbox 98 1440 182 1510; x_wconf 81' lang='grc' dir='ltr'><strong><em>ναῦς</em></strong></span> <span class='ocrx_word' id='word_1_100' title='bbox 200 1434 232 1509; x_wconf 87' lang='grc' dir='ltr'><strong><em>ἐς</em></strong></span> <span class='ocrx_word' id='word_1_101' title='bbox 250 1429 287 1500; x_wconf 90' lang='grc' dir='ltr'><strong><em>τό</em></strong></span> <span class='ocrx_word' id='word_1_102' title='bbox 308 1438 373 1500; x_wconf 85' lang='grc' dir='ltr'><strong><em>έσω</em></strong></span> <span class='ocrx_word' id='word_1_103' title='bbox 388 1434 584 1513; x_wconf 76' lang='grc' dir='ltr'><strong><em>διεξέπεσεν.</em></strong></span> <span class='ocrx_word' id='word_1_104' title='bbox 616 1439 667 1502; x_wconf 83' lang='grc'><strong><em>31.</em></strong></span> <span class='ocrx_word' id='word_1_105' title='bbox 690 1435 760 1501; x_wconf 78' lang='grc' dir='ltr'><strong><em>ἐπεὶ</em></strong></span> <span class='ocrx_word' id='word_1_106' title='bbox 776 1433 813 1500; x_wconf 71' lang='grc' dir='ltr'><strong><em>δέ</em></strong></span> <span class='ocrx_word' id='word_1_107' title='bbox 829 1435 928 1500; x_wconf 81' lang='grc' dir='ltr'><strong><em>ἔνδον</em></strong></span> <span class='ocrx_word' id='word_1_108' title='bbox 941 1425 1043 1518; x_wconf 88' lang='grc' dir='ltr'><strong><em>ήμεν,</em></strong></span> <span class='ocrx_word' id='word_1_109' title='bbox 1067 1429 1104 1498; x_wconf 85' lang='grc' dir='ltr'><strong><em>τό</em></strong></span> <span class='ocrx_word' id='word_1_110' title='bbox 1121 1441 1155 1496; x_wconf 80' lang='grc'><strong><em>95</em></strong></span> 
     </span>
    </p>
   </div>
   <div class='ocr_carea' id='block_1_3' title="bbox 99 1525 1106 1917">
    <p class='ocr_par' dir='ltr' id='par_1_3' title="bbox 99 1525 1106 1917">
     <span class='ocr_line' id='line_1_14' title="bbox 99 1525 1106 1618; baseline -0.003 -22"><span class='ocrx_word' id='word_1_111' title='bbox 99 1531 160 1616; x_wconf 76' lang='grc' dir='ltr'><strong><em>μέν</em></strong></span> <span class='ocrx_word' id='word_1_112' title='bbox 175 1537 310 1615; x_wconf 77' lang='grc' dir='ltr'><strong><em>πρῶτον</em></strong></span> <span class='ocrx_word' id='word_1_113' title='bbox 327 1531 444 1610; x_wconf 90' lang='grc' dir='ltr'><strong><em>σκότος</em></strong></span> <span class='ocrx_word' id='word_1_114' title='bbox 460 1525 504 1618; x_wconf 81' lang='grc' dir='ltr'><strong><em>ἦν</em></strong></span> <span class='ocrx_word' id='word_1_115' title='bbox 524 1533 579 1599; x_wconf 83' lang='grc' dir='ltr'><strong><em>καὶ</em></strong></span> <span class='ocrx_word' id='word_1_116' title='bbox 595 1528 695 1599; x_wconf 77' lang='grc' dir='ltr'><strong><em>οὐδέν</em></strong></span> <span class='ocrx_word' id='word_1_117' title='bbox 713 1533 885 1616; x_wconf 77' lang='grc' dir='ltr'><strong><em>ἑωρῶμεν,</em></strong></span> <span class='ocrx_word' id='word_1_118' title='bbox 909 1527 1053 1613; x_wconf 73' lang='grc' dir='ltr'><strong><em>ὕστερον</em></strong></span> <span class='ocrx_word' id='word_1_119' title='bbox 1070 1527 1106 1594; x_wconf 77' lang='grc' dir='ltr'><strong><em>δὲ</em></strong></span> 
     </span>
     <span class='ocr_line' id='line_1_15' title="bbox 99 1623 1106 1715; baseline -0.003 -20"><span class='ocrx_word' id='word_1_120' title='bbox 99 1626 205 1695; x_wconf 83' lang='grc' dir='ltr'><strong><em>αὐτοῦ</em></strong></span> <span class='ocrx_word' id='word_1_121' title='bbox 220 1626 444 1714; x_wconf 84' lang='grc' dir='ltr'><strong><em>ἀναχανόντος</em></strong></span> <span class='ocrx_word' id='word_1_122' title='bbox 459 1634 591 1715; x_wconf 76' lang='grc' dir='ltr'><strong><em>εἴδομεν</em></strong></span> <span class='ocrx_word' id='word_1_123' title='bbox 604 1630 705 1706; x_wconf 87' lang='grc' dir='ltr'><strong><em>κύτος</em></strong></span> <span class='ocrx_word' id='word_1_124' title='bbox 715 1631 799 1713; x_wconf 77' lang='grc' dir='ltr'><strong><em>μέγα</em></strong></span> <span class='ocrx_word' id='word_1_125' title='bbox 809 1629 864 1696; x_wconf 80' lang='grc' dir='ltr'><strong><em>καὶ</em></strong></span> <span class='ocrx_word' id='word_1_126' title='bbox 877 1627 986 1712; x_wconf 86' lang='grc' dir='ltr'><strong><em>πάντη</em></strong></span> <span class='ocrx_word' id='word_1_127' title='bbox 997 1623 1106 1694; x_wconf 83' lang='grc' dir='ltr'><strong><em>πλατύ</em></strong></span> 
     </span>
     <span class='ocr_line' id='line_1_16' title="bbox 99 1723 1104 1816; baseline -0.003 -22"><span class='ocrx_word' id='word_1_128' title='bbox 99 1727 155 1794; x_wconf 81' lang='grc' dir='ltr'><strong><em>καί</em></strong></span> <span class='ocrx_word' id='word_1_129' title='bbox 167 1723 316 1813; x_wconf 76' lang='grc' dir='ltr'><strong><em>ὑψηλόν,</em></strong></span> <span class='ocrx_word' id='word_1_130' title='bbox 337 1725 456 1795; x_wconf 88' lang='grc' dir='ltr'><strong><em>ίκανόν</em></strong></span> <span class='ocrx_word' id='word_1_131' title='bbox 472 1725 668 1816; x_wconf 75' lang='grc' dir='ltr'><strong><em>μυριάνδρῳ</em></strong></span> <span class='ocrx_word' id='word_1_132' title='bbox 688 1725 783 1793; x_wconf 89' lang='grc' dir='ltr'><strong><em>πόλει</em></strong></span> <span class='ocrx_word' id='word_1_133' title='bbox 799 1729 949 1794; x_wconf 82' lang='grc' dir='ltr'><strong><em>ἐνοικεῖν.</em></strong></span> <span class='ocrx_word' id='word_1_134' title='bbox 978 1729 1104 1792; x_wconf 81' lang='grc' dir='ltr'><strong><em>ἔκειντο</em></strong></span> 
     </span>
     <span class='ocr_line' id='line_1_17' title="bbox 100 1822 1104 1917; baseline -0.005 -23"><span class='ocrx_word' id='word_1_135' title='bbox 100 1828 135 1894; x_wconf 77' lang='grc' dir='ltr'><strong><em>δὲ</em></strong></span> <span class='ocrx_word' id='word_1_136' title='bbox 161 1829 199 1892; x_wconf 84' lang='grc' dir='ltr'><strong><em>έν</em></strong></span> <span class='ocrx_word' id='word_1_137' title='bbox 221 1829 310 1917; x_wconf 86' lang='grc' dir='ltr'><strong><em>μέσφ</em></strong></span> <span class='ocrx_word' id='word_1_138' title='bbox 331 1829 386 1896; x_wconf 80' lang='grc' dir='ltr'><strong><em>καί</em></strong></span> <span class='ocrx_word' id='word_1_139' title='bbox 408 1827 519 1912; x_wconf 83' lang='grc' dir='ltr'><strong><em>μικροὶ</em></strong></span> <span class='ocrx_word' id='word_1_140' title='bbox 541 1825 657 1910; x_wconf 81' lang='grc' dir='ltr'><strong><em>ἰχθύες</em></strong></span> <span class='ocrx_word' id='word_1_141' title='bbox 677 1827 733 1891; x_wconf 78' lang='grc' dir='ltr'><strong><em>καί</em></strong></span> <span class='ocrx_word' id='word_1_142' title='bbox 756 1823 841 1893; x_wconf 84' lang='grc' dir='ltr'><strong><em>ἀλλα</em></strong></span> <span class='ocrx_word' id='word_1_143' title='bbox 866 1822 972 1892; x_wconf 78' lang='grc' dir='ltr'><strong><em>πολλὰ</em></strong></span> <span class='ocrx_word' id='word_1_144' title='bbox 999 1829 1104 1908; x_wconf 81' lang='grc' dir='ltr'><strong><em>θηρία</em></strong></span> 
     </span>
    </p>
   </div>
   <div class='ocr_carea' id='block_1_4' title="bbox 96 1919 1152 3489">
    <p class='ocr_par' dir='ltr' id='par_1_4' title="bbox 96 1919 1152 3489">
     <span class='ocr_line' id='line_1_18' title="bbox 98 1919 1105 2009; baseline -0.004 -19"><span class='ocrx_word' id='word_1_145' title='bbox 98 1925 352 2009; x_wconf 77' lang='grc' dir='ltr'><strong><em>συγκεκομμένα</em></strong></span> <span class='ocrx_word' id='word_1_146' title='bbox 366 1925 421 1991; x_wconf 83' lang='grc' dir='ltr'><strong><em>καὶ</em></strong></span> <span class='ocrx_word' id='word_1_147' title='bbox 436 1930 561 1991; x_wconf 90' lang='grc' dir='ltr'><strong><em>πλοίων</em></strong></span> <span class='ocrx_word' id='word_1_148' title='bbox 577 1927 664 1990; x_wconf 87' lang='grc' dir='ltr'><strong><em>ίστία</em></strong></span> <span class='ocrx_word' id='word_1_149' title='bbox 676 1923 732 1989; x_wconf 81' lang='grc' dir='ltr'><strong><em>καὶ</em></strong></span> <span class='ocrx_word' id='word_1_150' title='bbox 742 1920 886 2007; x_wconf 77' lang='grc' dir='ltr'><strong><em>άμκυραι</em></strong></span> <span class='ocrx_word' id='word_1_151' title='bbox 900 1924 955 1989; x_wconf 86' lang='grc' dir='ltr'><strong><em>καὶ</em></strong></span> <span class='ocrx_word' id='word_1_152' title='bbox 966 1919 1105 2003; x_wconf 81' lang='grc' dir='ltr'><strong><em>ἀνθρω-</em></strong></span> 
     </span>
     <span class='ocr_line' id='line_1_19' title="bbox 99 2017 1104 2107; baseline -0.006 -18"><span class='ocrx_word' id='word_1_153' title='bbox 99 2045 173 2089; x_wconf 85' lang='grc' dir='ltr'><strong><em>πων</em></strong></span> <span class='ocrx_word' id='word_1_154' title='bbox 188 2018 284 2088; x_wconf 80' lang='grc' dir='ltr'><strong><em>ὀστέα</em></strong></span> <span class='ocrx_word' id='word_1_155' title='bbox 298 2023 353 2090; x_wconf 83' lang='grc' dir='ltr'><strong><em>καὶ</em></strong></span> <span class='ocrx_word' id='word_1_156' title='bbox 368 2028 504 2107; x_wconf 84' lang='grc' dir='ltr'><strong><em>φορτία,</em></strong></span> <span class='ocrx_word' id='word_1_157' title='bbox 529 2017 612 2089; x_wconf 83' lang='grc' dir='ltr'><strong><em>κατά</em></strong></span> <span class='ocrx_word' id='word_1_158' title='bbox 627 2022 729 2105; x_wconf 89' lang='grc' dir='ltr'><strong><em>μέσον</em></strong></span> <span class='ocrx_word' id='word_1_159' title='bbox 745 2018 782 2086; x_wconf 72' lang='grc' dir='ltr'><strong><em>δὲ</em></strong></span> <span class='ocrx_word' id='word_1_160' title='bbox 803 2020 858 2087; x_wconf 80' lang='grc' dir='ltr'><strong><em>καὶ</em></strong></span> <span class='ocrx_word' id='word_1_161' title='bbox 878 2025 920 2104; x_wconf 73' lang='grc' dir='ltr'><strong><em>μή</em></strong></span> <span class='ocrx_word' id='word_1_162' title='bbox 936 2021 989 2085; x_wconf 80' lang='grc' dir='ltr'><strong><em>καὶ</em></strong></span> <span class='ocrx_word' id='word_1_163' title='bbox 1004 2018 1104 2101; x_wconf 93' lang='grc' dir='ltr'><strong><em>λόφοι</em></strong></span> 
     </span>
     <span class='ocr_line' id='line_1_20' title="bbox 98 2110 1102 2206; baseline -0.003 -22"><span class='ocrx_word' id='word_1_164' title='bbox 98 2110 202 2204; x_wconf 81' lang='grc' dir='ltr'><strong><em>ἦσαν,</em></strong></span> <span class='ocrx_word' id='word_1_165' title='bbox 219 2119 290 2204; x_wconf 78' lang='grc' dir='ltr'><strong><em>ἐμοὶ</em></strong></span> <span class='ocrx_word' id='word_1_166' title='bbox 302 2123 430 2202; x_wconf 85' lang='grc' dir='ltr'><strong><em>δοκεῖν,</em></strong></span> <span class='ocrx_word' id='word_1_167' title='bbox 447 2122 483 2187; x_wconf 88' lang='grc' dir='ltr'><strong><em>έκ</em></strong></span> <span class='ocrx_word' id='word_1_168' title='bbox 496 2127 553 2206; x_wconf 81' lang='grc' dir='ltr'><strong><em>τῆς</em></strong></span> <span class='ocrx_word' id='word_1_169' title='bbox 564 2118 658 2195; x_wconf 89' lang='grc' dir='ltr'><strong><em>ίλύος</em></strong></span> <span class='ocrx_word' id='word_1_170' title='bbox 669 2115 714 2203; x_wconf 80' lang='grc' dir='ltr'><strong><em>ἣν</em></strong></span> <span class='ocrx_word' id='word_1_171' title='bbox 724 2117 857 2184; x_wconf 82' lang='grc' dir='ltr'><strong><em>κατέπιε</em></strong></span> <span class='ocrx_word' id='word_1_172' title='bbox 869 2115 1102 2194; x_wconf 81' lang='grc' dir='ltr'><strong><em>συνιζάνουσα.</em></strong></span> 
     </span>
     <span class='ocr_line' id='line_1_21' title="bbox 98 2213 1105 2303; baseline -0.004 -20"><span class='ocrx_word' id='word_1_173' title='bbox 98 2215 163 2301; x_wconf 84' lang='grc' dir='ltr'><strong><em>ύλη</em></strong></span> <span class='ocrx_word' id='word_1_174' title='bbox 186 2222 271 2302; x_wconf 78' lang='grc' dir='ltr'><strong><em>γοῦν</em></strong></span> <span class='ocrx_word' id='word_1_175' title='bbox 295 2215 347 2284; x_wconf 83' lang='grc' dir='ltr'><strong><em>ἐπ’</em></strong></span> <span class='ocrx_word' id='word_1_176' title='bbox 367 2217 469 2303; x_wconf 81' lang='grc' dir='ltr'><strong><em>αὐτῆς</em></strong></span> <span class='ocrx_word' id='word_1_177' title='bbox 490 2220 544 2285; x_wconf 86' lang='grc' dir='ltr'><strong><em>καὶ</em></strong></span> <span class='ocrx_word' id='word_1_178' title='bbox 565 2220 689 2303; x_wconf 85' lang='grc' dir='ltr'><strong><em>δένδρα</em></strong></span> <span class='ocrx_word' id='word_1_179' title='bbox 709 2228 849 2283; x_wconf 90' lang='grc' dir='ltr'><strong><em>παντοῖα</em></strong></span> <span class='ocrx_word' id='word_1_180' title='bbox 872 2213 1030 2298; x_wconf 80' lang='grc' dir='ltr'><strong><em>ἐπεφύκει</em></strong></span> <span class='ocrx_word' id='word_1_181' title='bbox 1050 2215 1105 2279; x_wconf 81' lang='grc' dir='ltr'><strong><em>καί</em></strong></span> 
     </span>
     <span class='ocr_line' id='line_1_22' title="bbox 97 2313 1103 2405; baseline -0.006 -21"><span class='ocrx_word' id='word_1_182' title='bbox 97 2315 227 2402; x_wconf 88' lang='grc' dir='ltr'><strong><em>λάχανα</em></strong></span> <span class='ocrx_word' id='word_1_183' title='bbox 253 2316 483 2403; x_wconf 81' lang='grc' dir='ltr'><strong><em>ἐβεβλαστήκει</em></strong></span> <span class='ocrx_word' id='word_1_184' title='bbox 504 2317 560 2384; x_wconf 80' lang='grc' dir='ltr'><strong><em>καί</em></strong></span> <span class='ocrx_word' id='word_1_185' title='bbox 581 2315 677 2405; x_wconf 85' lang='grc' dir='ltr'><strong><em>ἐφ’κει</em></strong></span> <span class='ocrx_word' id='word_1_186' title='bbox 699 2314 808 2381; x_wconf 89' lang='grc' dir='ltr'><strong><em>πάντα</em></strong></span> <span class='ocrx_word' id='word_1_187' title='bbox 833 2313 1103 2398; x_wconf 78' lang='grc' dir='ltr'><strong><em>ἐξειργασμένοις.</em></strong></span> 
     </span>
     <span class='ocr_line' id='line_1_23' title="bbox 97 2410 1105 2502; baseline -0.004 -19"><span class='ocrx_word' id='word_1_188' title='bbox 97 2421 297 2502; x_wconf 89' lang='grc' dir='ltr'><strong><em>περίμετρον</em></strong></span> <span class='ocrx_word' id='word_1_189' title='bbox 309 2417 344 2482; x_wconf 77' lang='grc' dir='ltr'><strong><em>δὲ</em></strong></span> <span class='ocrx_word' id='word_1_190' title='bbox 358 2421 415 2502; x_wconf 86' lang='grc' dir='ltr'><strong><em>τής</em></strong></span> <span class='ocrx_word' id='word_1_191' title='bbox 425 2421 485 2501; x_wconf 72' lang='grc' dir='ltr'><strong><em>γῆς</em></strong></span> <span class='ocrx_word' id='word_1_192' title='bbox 496 2416 625 2482; x_wconf 89' lang='grc' dir='ltr'><strong><em>στάδιοι</em></strong></span> <span class='ocrx_word' id='word_1_193' title='bbox 639 2413 803 2480; x_wconf 90' lang='grc' dir='ltr'><strong><em>διακόσιοι</em></strong></span> <span class='ocrx_word' id='word_1_194' title='bbox 817 2415 872 2480; x_wconf 81' lang='grc' dir='ltr'><strong><em>καὶ</em></strong></span> <span class='ocrx_word' id='word_1_195' title='bbox 885 2410 1105 2497; x_wconf 88' lang='grc' dir='ltr'><strong><em>τετταράκον-</em></strong></span> 
     </span>
     <span class='ocr_line' id='line_1_24' title="bbox 97 2505 1104 2598; baseline -0.001 -18"><span class='ocrx_word' id='word_1_196' title='bbox 97 2539 146 2581; x_wconf 84' lang='grc' dir='ltr'><strong><em>τα.</em></strong></span> <span class='ocrx_word' id='word_1_197' title='bbox 173 2505 218 2598; x_wconf 83' lang='grc' dir='ltr'><strong><em>ήυ</em></strong></span> <span class='ocrx_word' id='word_1_198' title='bbox 233 2513 268 2580; x_wconf 71' lang='grc' dir='ltr'><strong><em>δέ</em></strong></span> <span class='ocrx_word' id='word_1_199' title='bbox 285 2518 367 2580; x_wconf 88' lang='grc' dir='ltr'><strong><em>ίδεῖν</em></strong></span> <span class='ocrx_word' id='word_1_200' title='bbox 384 2515 439 2582; x_wconf 78' lang='grc' dir='ltr'><strong><em>καί</em></strong></span> <span class='ocrx_word' id='word_1_201' title='bbox 456 2511 558 2595; x_wconf 88' lang='grc' dir='ltr'><strong><em>ὀρνεα</em></strong></span> <span class='ocrx_word' id='word_1_202' title='bbox 573 2510 613 2578; x_wconf 83' lang='grc' dir='ltr'><strong><em>τά</em></strong></span> <span class='ocrx_word' id='word_1_203' title='bbox 628 2513 808 2594; x_wconf 82' lang='grc' dir='ltr'><strong><em>θαλάττια,</em></strong></span> <span class='ocrx_word' id='word_1_204' title='bbox 832 2510 956 2595; x_wconf 86' lang='grc' dir='ltr'><strong><em>λάρους</em></strong></span> <span class='ocrx_word' id='word_1_205' title='bbox 974 2515 1028 2579; x_wconf 78' lang='grc' dir='ltr'><strong><em>καί</em></strong></span> <span class='ocrx_word' id='word_1_206' title='bbox 1044 2509 1104 2579; x_wconf 84' lang='grc' dir='ltr'><strong><em>ἀλ-</em></strong></span> 
     </span>
     <span class='ocr_line' id='line_1_25' title="bbox 97 2603 1104 2698; baseline -0.002 -20"><span class='ocrx_word' id='word_1_207' title='bbox 97 2610 239 2698; x_wconf 88' lang='grc' dir='ltr'><strong><em>κυόνας,</em></strong></span> <span class='ocrx_word' id='word_1_208' title='bbox 256 2613 308 2680; x_wconf 79' lang='grc' dir='ltr'><strong><em>ἐπὶ</em></strong></span> <span class='ocrx_word' id='word_1_209' title='bbox 318 2619 386 2679; x_wconf 78' lang='grc' dir='ltr'><strong><em>τῶν</em></strong></span> <span class='ocrx_word' id='word_1_210' title='bbox 401 2615 551 2696; x_wconf 82' lang='grc' dir='ltr'><strong><em>δένδρων</em></strong></span> <span class='ocrx_word' id='word_1_211' title='bbox 562 2612 788 2679; x_wconf 90' lang='grc' dir='ltr'><strong><em>νεοττεύοντα.</em></strong></span> <span class='ocrx_word' id='word_1_212' title='bbox 808 2617 860 2680; x_wconf 77' lang='lat'><strong><em>³2.</em></strong></span> <span class='ocrx_word' id='word_1_213' title='bbox 876 2611 950 2680; x_wconf 91' lang='grc' dir='ltr'><strong><em>τότε</em></strong></span> <span class='ocrx_word' id='word_1_214' title='bbox 965 2613 1027 2696; x_wconf 77' lang='grc' dir='ltr'><strong><em>μὲν</em></strong></span> <span class='ocrx_word' id='word_1_215' title='bbox 1040 2603 1104 2678; x_wconf 82' lang='grc' dir='ltr'><strong><em>οὖν</em></strong></span> 
     </span>
     <span class='ocr_line' id='line_1_26' title="bbox 97 2707 1104 2797; baseline -0.003 -19"><span class='ocrx_word' id='word_1_216' title='bbox 97 2713 150 2778; x_wconf 80' lang='grc' dir='ltr'><strong><em>έπί</em></strong></span> <span class='ocrx_word' id='word_1_217' title='bbox 170 2707 257 2776; x_wconf 84' lang='grc' dir='ltr'><strong><em>πολύ</em></strong></span> <span class='ocrx_word' id='word_1_218' title='bbox 281 2712 503 2797; x_wconf 81' lang='grc' dir='ltr'><strong><em>ἐδακρύομεν,</em></strong></span> <span class='ocrx_word' id='word_1_219' title='bbox 529 2709 673 2795; x_wconf 80' lang='grc' dir='ltr'><strong><em>ὕστερον</em></strong></span> <span class='ocrx_word' id='word_1_220' title='bbox 700 2712 736 2778; x_wconf 74' lang='grc' dir='ltr'><strong><em>δὲ</em></strong></span> <span class='ocrx_word' id='word_1_221' title='bbox 758 2708 1002 2796; x_wconf 82' lang='grc' dir='ltr'><strong><em>ἀναστήσαντες</em></strong></span> <span class='ocrx_word' id='word_1_222' title='bbox 1024 2708 1104 2786; x_wconf 84' lang='grc' dir='ltr'><strong><em>τούς</em></strong></span> 
     </span>
     <span class='ocr_line' id='line_1_27' title="bbox 97 2804 1103 2894; baseline -0.002 -18"><span class='ocrx_word' id='word_1_223' title='bbox 97 2811 249 2894; x_wconf 84' lang='grc' dir='ltr'><strong><em>έιαίρους</em></strong></span> <span class='ocrx_word' id='word_1_224' title='bbox 259 2806 320 2894; x_wconf 84' lang='grc' dir='ltr'><strong><em>τήν</em></strong></span> <span class='ocrx_word' id='word_1_225' title='bbox 330 2808 392 2894; x_wconf 77' lang='grc' dir='ltr'><strong><em>μέν</em></strong></span> <span class='ocrx_word' id='word_1_226' title='bbox 403 2816 491 2878; x_wconf 83' lang='grc' dir='ltr'><strong><em>ναῦν</em></strong></span> <span class='ocrx_word' id='word_1_227' title='bbox 498 2807 772 2894; x_wconf 85' lang='grc' dir='ltr'><strong><em>ὑπεστηρίξαμεν,</em></strong></span> <span class='ocrx_word' id='word_1_228' title='bbox 782 2808 878 2877; x_wconf 82' lang='grc' dir='ltr'><strong><em>αύτοὶ</em></strong></span> <span class='ocrx_word' id='word_1_229' title='bbox 886 2809 922 2876; x_wconf 72' lang='grc' dir='ltr'><strong><em>δὲ</em></strong></span> <span class='ocrx_word' id='word_1_230' title='bbox 932 2804 971 2875; x_wconf 84' lang='grc' dir='ltr'><strong><em>τά</em></strong></span> <span class='ocrx_word' id='word_1_231' title='bbox 983 2821 1103 2893; x_wconf 85' lang='grc' dir='ltr'><strong><em>πυρεῖα</em></strong></span> 
     </span>
     <span class='ocr_line' id='line_1_28' title="bbox 97 2905 1103 2992; baseline -0.001 -19"><span class='ocrx_word' id='word_1_232' title='bbox 97 2912 339 2992; x_wconf 77' lang='grc' dir='ltr'><strong><em>συντρίψαντες</em></strong></span> <span class='ocrx_word' id='word_1_233' title='bbox 353 2909 409 2975; x_wconf 79' lang='grc' dir='ltr'><strong><em>καί</em></strong></span> <span class='ocrx_word' id='word_1_234' title='bbox 427 2906 675 2985; x_wconf 88' lang='grc' dir='ltr'><strong><em>ἀνακαύσαντες</em></strong></span> <span class='ocrx_word' id='word_1_235' title='bbox 690 2912 827 2974; x_wconf 89' lang='grc' dir='ltr'><strong><em>δεῖπνον</em></strong></span> <span class='ocrx_word' id='word_1_236' title='bbox 841 2910 878 2974; x_wconf 89' lang='grc' dir='ltr'><strong><em>έκ</em></strong></span> <span class='ocrx_word' id='word_1_237' title='bbox 893 2913 960 2973; x_wconf 83' lang='grc' dir='ltr'><strong><em>τῶν</em></strong></span> <span class='ocrx_word' id='word_1_238' title='bbox 975 2905 1103 2990; x_wconf 92' lang='grc' dir='ltr'><strong><em>παρόν-</em></strong></span> 
     </span>
     <span class='ocr_line' id='line_1_29' title="bbox 96 3003 1152 3092; baseline -0.002 -20"><span class='ocrx_word' id='word_1_239' title='bbox 96 3031 165 3072; x_wconf 90' lang='grc' dir='ltr'><strong><em>των</em></strong></span> <span class='ocrx_word' id='word_1_240' title='bbox 180 3007 395 3092; x_wconf 88' lang='grc' dir='ltr'><strong><em>ἐποιούμεθα.</em></strong></span> <span class='ocrx_word' id='word_1_241' title='bbox 425 3012 597 3090; x_wconf 88' lang='grc' dir='ltr'><strong><em>παρέκειτο</em></strong></span> <span class='ocrx_word' id='word_1_242' title='bbox 620 3007 656 3074; x_wconf 78' lang='grc' dir='ltr'><strong><em>δὲ</em></strong></span> <span class='ocrx_word' id='word_1_243' title='bbox 675 3004 814 3090; x_wconf 80' lang='grc' dir='ltr'><strong><em>ἀφθονα</em></strong></span> <span class='ocrx_word' id='word_1_244' title='bbox 833 3005 888 3072; x_wconf 79' lang='grc' dir='ltr'><strong><em>καί</em></strong></span> <span class='ocrx_word' id='word_1_245' title='bbox 905 3003 1101 3072; x_wconf 83' lang='grc' dir='ltr'><strong><em>παντοδαπὰ</em></strong></span> <span class='ocrx_word' id='word_1_246' title='bbox 1118 3015 1152 3070; x_wconf 77' lang='grc'><strong><em>96</em></strong></span> 
     </span>
     <span class='ocr_line' id='line_1_30' title="bbox 97 3100 1103 3191; baseline -0.001 -20"><span class='ocrx_word' id='word_1_247' title='bbox 97 3108 178 3190; x_wconf 88' lang='grc' dir='ltr'><strong><em>κρέα</em></strong></span> <span class='ocrx_word' id='word_1_248' title='bbox 192 3111 261 3173; x_wconf 77' lang='grc' dir='ltr'><strong><em>τῶν</em></strong></span> <span class='ocrx_word' id='word_1_249' title='bbox 275 3106 405 3190; x_wconf 86' lang='grc' dir='ltr'><strong><em>ίχθύων</em></strong></span> <span class='ocrx_word' id='word_1_250' title='bbox 421 3109 476 3174; x_wconf 85' lang='grc' dir='ltr'><strong><em>καὶ</em></strong></span> <span class='ocrx_word' id='word_1_251' title='bbox 491 3104 583 3191; x_wconf 80' lang='grc' dir='ltr'><strong><em>ὕδωρ</em></strong></span> <span class='ocrx_word' id='word_1_252' title='bbox 600 3109 648 3171; x_wconf 84' lang='grc' dir='ltr'><strong><em>ἐτι</em></strong></span> <span class='ocrx_word' id='word_1_253' title='bbox 664 3101 701 3170; x_wconf 87' lang='grc' dir='ltr'><strong><em>τδ</em></strong></span> <span class='ocrx_word' id='word_1_254' title='bbox 720 3105 755 3170; x_wconf 89' lang='grc' dir='ltr'><strong><em>ἐκ</em></strong></span> <span class='ocrx_word' id='word_1_255' title='bbox 772 3109 832 3169; x_wconf 82' lang='grc' dir='ltr'><strong><em>τοῦ</em></strong></span> <span class='ocrx_word' id='word_1_256' title='bbox 844 3100 1040 3188; x_wconf 86' lang='grc' dir='ltr'><strong><em>Ἑωσφόρου</em></strong></span> <span class='ocrx_word' id='word_1_257' title='bbox 1055 3112 1103 3171; x_wconf 86' lang='grc' dir='ltr'><strong><em>εί-</em></strong></span> 
     </span>
     <span class='ocr_line' id='line_1_31' title="bbox 96 3201 1102 3293; baseline 0.001 -24"><span class='ocrx_word' id='word_1_258' title='bbox 96 3227 207 3289; x_wconf 85' lang='grc' dir='ltr'><strong><em>χομεν.</em></strong></span> <span class='ocrx_word' id='word_1_259' title='bbox 229 3211 270 3292; x_wconf 77' lang='grc' dir='ltr'><strong><em>τῇ</em></strong></span> <span class='ocrx_word' id='word_1_260' title='bbox 286 3204 424 3293; x_wconf 81' lang='grc' dir='ltr'><strong><em>έπιούση</em></strong></span> <span class='ocrx_word' id='word_1_261' title='bbox 437 3205 472 3272; x_wconf 76' lang='grc' dir='ltr'><strong><em>δὲ</em></strong></span> <span class='ocrx_word' id='word_1_262' title='bbox 484 3204 736 3286; x_wconf 89' lang='grc' dir='ltr'><strong><em>διαναστάντες,</em></strong></span> <span class='ocrx_word' id='word_1_263' title='bbox 755 3212 789 3271; x_wconf 86' lang='grc' dir='ltr'><strong><em>εί</em></strong></span> <span class='ocrx_word' id='word_1_264' title='bbox 797 3227 875 3270; x_wconf 91' lang='grc' dir='ltr'><strong><em>ποτε</em></strong></span> <span class='ocrx_word' id='word_1_265' title='bbox 889 3201 1050 3290; x_wconf 90' lang='grc' dir='ltr'><strong><em>ἀναχάνοι</em></strong></span> <span class='ocrx_word' id='word_1_266' title='bbox 1065 3202 1102 3270; x_wconf 89' lang='grc' dir='ltr'><strong><em>τό</em></strong></span> 
     </span>
     <span class='ocr_line' id='line_1_32' title="bbox 96 3300 1103 3390; baseline 0.003 -24"><span class='ocrx_word' id='word_1_267' title='bbox 96 3306 212 3386; x_wconf 85' lang='grc' dir='ltr'><strong><em>κήτος,</em></strong></span> <span class='ocrx_word' id='word_1_268' title='bbox 228 3303 384 3386; x_wconf 88' lang='grc' dir='ltr'><strong><em>έωριιμεν</em></strong></span> <span class='ocrx_word' id='word_1_269' title='bbox 401 3300 517 3370; x_wconf 84' lang='grc' dir='ltr'><strong><em>άλλοτε</em></strong></span> <span class='ocrx_word' id='word_1_270' title='bbox 531 3304 593 3388; x_wconf 77' lang='grc' dir='ltr'><strong><em>μὲν</em></strong></span> <span class='ocrx_word' id='word_1_271' title='bbox 609 3310 691 3389; x_wconf 79' lang='grc' dir='ltr'><strong><em>χήν,</em></strong></span> <span class='ocrx_word' id='word_1_272' title='bbox 708 3301 825 3370; x_wconf 83' lang='grc' dir='ltr'><strong><em>ἀλλοτε</em></strong></span> <span class='ocrx_word' id='word_1_273' title='bbox 840 3301 876 3371; x_wconf 72' lang='grc' dir='ltr'><strong><em>δὲ</em></strong></span> <span class='ocrx_word' id='word_1_274' title='bbox 892 3301 969 3390; x_wconf 84' lang='grc' dir='ltr'><strong><em>ὅρη,</em></strong></span> <span class='ocrx_word' id='word_1_275' title='bbox 987 3301 1103 3372; x_wconf 85' lang='grc' dir='ltr'><strong><em>ἀλλοτε</em></strong></span> 
     </span>
     <span class='ocr_line' id='line_1_33' title="bbox 96 3394 1103 3489; baseline 0.004 -25"><span class='ocrx_word' id='word_1_276' title='bbox 96 3401 132 3466; x_wconf 74' lang='grc' dir='ltr'><strong><em>δὲ</em></strong></span> <span class='ocrx_word' id='word_1_277' title='bbox 149 3399 258 3485; x_wconf 92' lang='grc' dir='ltr'><strong><em>μόνον</em></strong></span> <span class='ocrx_word' id='word_1_278' title='bbox 272 3394 331 3466; x_wconf 91' lang='grc' dir='ltr'><strong><em>τόν</em></strong></span> <span class='ocrx_word' id='word_1_279' title='bbox 343 3397 507 3487; x_wconf 90' lang='grc' dir='ltr'><strong><em>ούρανόν,</em></strong></span> <span class='ocrx_word' id='word_1_280' title='bbox 525 3403 684 3481; x_wconf 88' lang='grc' dir='ltr'><strong><em>πολλάκις</em></strong></span> <span class='ocrx_word' id='word_1_281' title='bbox 696 3404 799 3470; x_wconf 77' lang='grc' dir='ltr'><strong><em>δὲκαὶ</em></strong></span> <span class='ocrx_word' id='word_1_282' title='bbox 812 3402 950 3489; x_wconf 87' lang='grc' dir='ltr'><strong><em>νήσους·</em></strong></span> <span class='ocrx_word' id='word_1_283' title='bbox 972 3405 1027 3470; x_wconf 80' lang='grc' dir='ltr'><strong><em>καὶ</em></strong></span> <span class='ocrx_word' id='word_1_284' title='bbox 1039 3399 1103 3487; x_wconf 78' lang='grc' dir='ltr'><strong><em>γάρ</em></strong></span> 
     </span>
    </p>
   </div>
   <div class='ocr_carea' id='block_1_5' title="bbox 0 0 1292 3842">
    <p class='ocr_par' dir='ltr' id='par_1_5' title="bbox 0 0 1292 3842">
     <span class='ocr_line' id='line_1_34' title="bbox 0 0 1292 3842; baseline 0 1"><span class='ocrx_word' id='word_1_285' title='bbox 0 0 1292 3842; x_wconf 95' lang='lat' dir='ltr'><strong><em> </em></strong></span> 
     </span>
    </p>
   </div>
  </div>
 </body>
</html>
