2575 3842
176 142 239 208 194
527 145 834 205 ΛΟΥΚΙΑΝΟΤ

176 305 211 369 ἐκ
226 309 286 368 τοῦ
301 298 450 387 οὐρανοῦ
472 303 640 380 διετάξατο
657 305 711 368 καὶ
726 304 852 388 νόμους
869 314 984 388 σφίσιν
1006 307 1182 392 έποιὴσατο

175 396 308 483 μηδαμά
326 398 407 484 μηδὲ
420 400 452 475 ἐς
463 399 610 515 πόλεμον
620 403 822 485 προχωρέειν
834 404 914 485 πρὶν
930 401 991 488 τὴν
1002 413 1183 492 σεληναίην

176 495 301 579 πλήρεα
316 498 490 580 γενέσθαι·
514 492 555 560 οὐ
570 493 634 580 γάρ
651 505 727 580 ἴσην
743 496 891 581 ἐνόμιζεν
908 498 1039 567 εἶναι
1003 527 1065 585 την
1076 506 1183 568 δυνα-

163 600 286 709 χστείην
311 591 537 678 αὐξανομένης
564 600 620 680 τῆς
647 603 820 681 σεληναίης
846 601 901 666 καὶ
926 597 1182 688 ἀφανιζομένης,

175 689 282 756 πάντα
295 687 364 755 δὲ’
348 689 408 755 υπ’
424 715 524 777 αυτεη
535 694 746 759 διοικέεσθαι
769 700 819 761 26.
832 692 915 762 ἀλλά
928 704 1048 782 μοῦνοι
1061 696 1182 814 Ἀρκα·

176 791 228 864 δες
239 794 340 853 ταῦτα
352 784 413 853 οὐκ
425 789 575 866 ἐδέξαντο
587 785 666 854 οὐδὲ
676 789 860 875 έτίμησαν’
842 792 1101 880 αστρολογίην,’
1082 801 1182 881 ανοίη

176 884 211 950 δε
225 881 314 949 καὶ’
295 893 419 970 ασοφίη
430 886 570 1006 λέγρυσι
580 886 704 969 καὶτῆς
719 895 924 973 σεληναίης”
905 915 1042 975 εμμεναι
1057 916 1182 976 προγε-

176 984 332 1065 νέστεροι.
356 986 405 1052 27.
423 985 500 1049 oc
465 1008 527 1067 μεν
543 975 591 1048 ὐν
605 981 670 1066 πρό
684 982 795 1105 ἡμέων
808 983 895 1052 οὕτω
910 989 1014 1072 κάρτα
1024 981 1110 1074 ἦσαν
1122 1014 1182 1072 φι-

175 1078 366 1164 λομάντιες,
382 1085 415 1148 ολ
425 1081 460 1147 δὲ
472 1089 537 1147 νῦν
548 1085 581 1148 οί
589 1078 707 1165 μέν’
666 1083 794 1148 αυτέων
806 1081 955 1150 ἀδύνατα
965 1083 1049 1153 εἶναι
1060 1089 1182 1170 λέγον-

176 1203 230 1250 σιν
242 1181 454 1269 ἀνθρώποισι
464 1187 555 1262 τέλος
567 1181 732 1268 εὐρασθαι
743 1191 903 1270 μαντικῆς
915 1226 951 1236 -
967 1185 1007 1252 οὐ
1018 1186 1082 1271 γάρ
1096 1185 1184 1253 ειναί

107 1292 159 1348 ³72
176 1308 233 1366 μιν
250 1279 326 1347 οὐτε
343 1278 464 1367 πιστὴν
481 1278 557 1346 οὐτε
570 1277 714 1365 ἀληθέα,
731 1277 810 1347 οὐδὲ
828 1278 1028 1368 τδνἍρεαὴ
1042 1280 1102 1349 τόν
1111 1289 1181 1349 Δία

174 1382 211 1446 ἑν
225 1385 270 1467 τῷ
285 1375 420 1466 οὐρανῷ
430 1375 542 1462 ἡμέων
554 1378 651 1443 ἕνεκα
665 1381 851 1460 κινέεσθαι,
869 1377 952 1447 ἀλλά
965 1387 1031 1446 τῶν
1046 1379 1107 1464 μὲν
1117 1376 1180 1444 ἀν-

173 1481 358 1559 θρωπηίων
373 1473 576 1557 πρηγμάτων
593 1471 753 1559 οὐδεμίην
770 1473 861 1560 ὤρην
877 1478 997 1543 ἐκείνοι
1012 1478 1182 1542 ποιέονται

174 1573 248 1644 οὐδ’
268 1581 357 1642 ἔστιν
372 1570 517 1641 αὐτέοισι
533 1572 615 1656 πρός
630 1575 709 1641 τάδε
724 1581 900 1660 κοινωνίη,
924 1572 1006 1641 κατὰ
1024 1577 1126 1658 σφέας
1143 1572 1181 1640 δὲ

173 1679 265 1758 χρείη
276 1678 332 1756 τῆς
343 1678 526 1757 περιφορῆς
537 1668 820 1756 ἀναστρέφονται·
838 1678 887 1740 28.
904 1671 998 1740 ἄλλοι
1010 1674 1046 1738 δὲ
1057 1670 1181 1755 ἀστρο-

174 1774 291 1853 λογίην
302 1765 447 1845 ἀψευδέα
459 1770 531 1853 μέν,
544 1766 718 1852 ἀνωφελέα
730 1765 761 1834 δ’
776 1766 859 1836 εἶναι
871 1770 1042 1853 λέγουσιν·
1061 1767 1102 1834 οὐ
1113 1767 1180 1852 γάρ

175 1865 240 1935 ὑπὸ
256 1868 448 1954 μαντοσύνη
460 1864 685 1935 ἀλλάσσεσθαι
697 1864 800 1934 ὁκόσα
811 1874 884 1954 τὴσι
896 1872 1029 1953 μοίρησι
1041 1869 1180 1933 δοκέου-

174 1992 213 2031 τα
228 1967 404 2049 ἐπέρχεται.
428 1970 478 2031 29.
497 1963 561 2050 ε’γά
576 1967 612 2032 δὲ
626 1961 711 2048 πρός
727 1965 805 2031 τάδε
819 1962 920 2050 ἀμφω
934 1966 1043 2031 έκεῖνα
1054 1969 1116 2048 έχω
1132 1969 1182 2029 εί-

173 2077 265 2144 τεῑν,
294 2060 344 2128 ότι
366 2064 400 2127 oc
415 2063 476 2145 μὲν
497 2059 631 2145 ἀστέρες
652 2064 688 2129 έν
707 2069 751 2149 τῷ
775 2059 909 2150 οὐρανῷ
931 2059 992 2146 τὴν
1014 2063 1182 2145 σφετέρην

174 2164 343 2240 είλέονται,
355 2157 526 2242 πάρεργον
537 2158 572 2225 δὲ
584 2164 678 2243 σφίσι
688 2164 745 2243 τὴς
755 2158 903 2242 κινήσιος
913 2165 980 2224 τῶν
990 2156 1063 2225 κατ’
1076 2155 1181 2242 ἡμέας

174 2259 315 2323 ἕκαστον
323 2256 533 2339 ἐπιγίγνεται.
547 2251 569 2340 ἡ
581 2258 708 2332 ἐθέλεις
718 2257 823 2321 ἵππου
834 2254 895 2341 μὲν
905 2258 1045 2331 θέοντος
1056 2256 1109 2321 καὶ
1119 2252 1181 2337 ὀρ-

175 2360 283 2419 νίθων
293 2353 347 2417 καὶ
356 2348 490 2435 ἀνδρῶν
502 2354 706 2436 κινεομένων
717 2359 835 2430 λίθους
847 2349 1113 2419 ἀνασαλεύεσθαι
1124 2354 1181 2416 καὶ

104 2462 156 2516 373
175 2449 305 2532 κάρφεα
320 2449 495 2515 δονέεσθαι
511 2444 577 2514 ὑπό
592 2455 661 2514 τῶν
675 2445 808 2533 ἀνέμων
822 2456 882 2515 τοῦ
898 2448 1041 2533 δρόμου,
1063 2443 1181 2513 ὑπὸδὲ

172 2553 212 2633 τῇ
229 2550 304 2632 δίνη
320 2551 388 2611 τῶν
402 2543 550 2628 ἀστέρων
565 2548 669 2630 μηδὲν
685 2543 765 2613 ἀλλο
784 2553 975 2631 γίγνεσθαι;
997 2545 1050 2611 καὶ
1067 2545 1102 2610 ἐκ
1116 2546 1181 2629 μὲν

173 2640 288 2727 ὀλίγον
302 2639 408 2723 πυρός
425 2638 586 2727 ἀπορροίη
603 2643 635 2719 ές
649 2638 751 2728 ἡμέας
766 2648 909 2727 ἔρχεται,
929 2644 983 2709 καὶ
997 2638 1032 2707 τδ
1050 2648 1117 2724 πῦρ
1136 2636 1180 2705 οὐ

173 2736 217 2806 δι’
233 2736 335 2824 ἡμέας
356 2744 441 2806 καίει
455 2765 486 2806 τι
508 2736 590 2806 οὐδέ
608 2743 641 2806 oc
656 2742 745 2824 μέλει
765 2747 826 2805 τοῦ
840 2737 1003 2824 ἡμετέρου
1018 2739 1179 2818 θάλπεος,

172 2834 321 2916 ἀστέρων
332 2835 368 2903 δὲ
380 2833 539 2921 οὐδεμίην
551 2833 736 2920 ἀπορροίην
747 2835 929 2920 δεχόμεθα;
951 2837 1005 2903 καὶ
1015 2837 1129 2920 μέντοι
1139 2840 1180 2922 τῇ

172 2930 371 3019 ἀστρολογίῃ
387 2931 427 2999 τά
444 2933 506 3019 μέν
521 2939 634 3019 φαῦλα
652 2929 756 3000 έσθλά
772 2941 907 3018 ποιῆσαι
923 2932 1072 3000 ἀδύνατά
1088 2933 1180 2998 ἐστιν

172 3027 249 3095 οὐδὲ
262 3027 399 3109 ἀλλάξαι
411 3056 442 3096 τι
452 3038 520 3097 ταῖν
531 3028 768 3115 ἀπορρεόντων
778 3030 992 3116 πρηγμάτων,
1002 3027 1087 3097 ἀλλά
1099 3027 1180 3106 τούς

170 3127 370 3210 χρεομένους
384 3126 462 3193 τάδε
480 3124 635 3211 ὐφελέει,
655 3124 694 3192 τά
712 3126 773 3211 μὲν
793 3125 898 3195 ε’σθλά
919 3125 1047 3204 εἰδότας
1062 3122 1180 3203 ἀπιξό-
1272 3182 1273 3201 ,

170 3249 254 3309 μενα
275 3221 401 3292 πολλόν
422 3221 642 3308 ἀπόπροσθεν
661 3222 854 3310 εὐφρανέει,
876 3223 916 3291 τά
933 3225 968 3291 δὲ
989 3230 1102 3309 φαῦλα
1120 3219 1179 3288 εὐ·
1271 3261 1272 3288 ι

170 3322 297 3404 μαρέως
316 3322 481 3406 δέχονται·
504 3321 544 3389 οὐ
563 3323 627 3407 γάρ
645 3342 760 3406 σφισιν
780 3319 979 3408 ἀγνοέουσιν
997 3322 1178 3408 ἐπέρχεται,
1270 3370 1271 3375 .
