2575 3842
386 188 514 245 ΖΕΤΣ
536 187 826 246 ΤΡΑΓΩιΔΟΣ.
976 142 978 146 Ι
1049 186 1110 250 351

102 354 237 437 φανερῷ
260 351 443 432 γενομένης
460 355 517 433 της
533 351 642 428 ἔριδος
662 362 730 425 τοῖς
749 347 966 434 φιλοσόφοις,
992 351 1046 416 καὶ
1067 345 1110 415 σύ

101 447 206 526 δόξεις
221 443 421 530 τυραννικός
441 443 525 512 εἶναι
547 443 591 531 μη
607 446 826 529 κοινούμενος
840 446 916 530 περὶ
931 452 999 512 τῶν
1020 443 1110 513 οὕτω

101 544 255 630 μεγάλων
272 545 327 610 καὶ
341 551 466 610 κοινῶν
484 541 617 609 ἅπασιν.

184 650 214 709 6.
242 651 369 710 ΖΕΥΣ
402 638 540 708 Οὐκοῦν
560 639 625 727 ἤδη
646 639 787 727 κήρυττε
812 642 868 708 καὶ
892 644 1109 725 παρέστωσαν

101 738 261 818 ἅπαντες·
282 737 394 825 ὀρθῶς
408 737 473 825 γάρ
487 739 603 822 λέγεις.

185 844 289 906 ΕΡΜ.
309 835 393 906 ’1δού
412 835 452 921 δὴ
468 839 502 914 ἐς
516 840 693 922 ἐκκλησίαν
707 837 885 915 ξυνέλθετε
903 841 937 902 οί
948 843 1040 904 θεοί·
1064 835 1108 924 μὴ

101 941 249 1024 μέλλετε,
265 937 442 1017 ξυνέλθετε
453 935 590 1021 πάντες,
606 934 719 1022 ἥκετε,
737 937 812 1018 περὶ
823 935 979 1021 μεγάλων
990 937 1109 1021 ἐκκλη-

101 1037 268 1121 σιάσομεν.
670 1031 680 1046 “

185 1141 308 1202 ΖΕΥΣ.
331 1128 429 1198 Ούτω
445 1130 542 1217 ψιλά,
560 1123 713 1217 ῶἙρμῆ,
732 1133 787 1198 καὶ
803 1127 946 1198 ἁπλοϊκὰ
960 1133 1015 1199 καὶ
1028 1130 1107 1213 πεζά
1126 1143 1178 1198 648

104 1231 287 1318 κηρύττεις,
307 1231 479 1297 καὶταῦτα
496 1231 548 1295 ἐπὶ
562 1243 630 1307 τοῖς
647 1236 811 1315 μεγίστοις
827 1232 1018 1314 ξυγκαλῶυς

183 1336 287 1397 ΕΡΜ.
307 1325 404 1397 Ἀλλά
417 1335 487 1405 πῶς
501 1326 582 1413 γάρ,
598 1319 625 1394 ῶ
640 1334 724 1411 Ζεῦ,
741 1324 861 1408 άξιοϊςς

184 1437 309 1496 ΖΕΥΣ.
324 1425 434 1504 Ὅπως
449 1423 547 1506 άξιῶς
570 1423 802 1510 άποσεμνῦναί
810 1451 896 1511 φημι
907 1427 979 1492 δεῖν
991 1422 1028 1490 τό
1046 1424 1109 1510 κή-

101 1552 210 1612 ρυγμα
227 1529 356 1612 μέτροις
371 1525 436 1592 τισὶ
454 1525 507 1591 καὶ
521 1529 757 1613 μεγαλοφωνίᾳ
772 1529 943 1610 ποιητικῇ,
965 1519 1009 1600 ὡς
1022 1529 1108 1608 μᾶλ-

100 1634 160 1692 λον
179 1625 387 1690 συνέλθοιεν.

183 1726 285 1785 ΕΡΜ.
314 1724 391 1785 Ναί.
413 1713 486 1784 ἄλλ’
506 1719 689 1802 ἐποποιῶν,
713 1710 840 1802 ῶΖεῦ,
864 1719 920 1785 καὶ
940 1721 1108 1810 ῥαψῳδεῖν

99 1815 138 1886 τά
149 1823 296 1900 τοιαῦτα,
309 1812 372 1900 ἐγῶ
386 1815 421 1882 δέ
430 1813 547 1900 ἥκιστα
558 1815 729 1898 ποιητικός
740 1819 819 1899 είμι·
836 1813 920 1882 ῶστε
930 1820 1106 1902 διαφθερῶ

4 1951 5 1956 ’
100 1914 135 1983 τὸ
156 1914 310 2000 κη’ρυγμα
330 1907 351 1998 ἢ
368 1908 593 1998 ὑπέρμετραῆ
614 1915 711 1979 ἐνδεᾶ
727 1919 906 1998 ξυνείρων,
929 1917 984 1982 καὶ
1002 1919 1107 2000 γέλως

99 2018 189 2080 ἔσται
206 2009 284 2094 παρ’
302 2009 414 2090 αύτοίς
434 2012 485 2078 ἐπὶ
501 2016 540 2098 τῇ
561 2007 705 2099 ἀμουσίᾳ
720 2017 788 2076 τῶν
803 2012 910 2077 ε’πῶν·
937 2007 1005 2092 ὁρῶ
1021 2019 1108 2096 γοῦν

99 2108 224 2178 καὶτὸν
239 2108 386 2178 Ἀπόλλω
397 2109 587 2195 γελώμενον
598 2106 651 2176 ἐπ’
665 2111 765 2187 ε’νίοις
775 2115 842 2175 τῶν
852 2116 1020 2195 χρησμῶν,
1033 2115 1107 2176 καί-

98 2235 149 2277 τοι
165 2208 431 2294 ἐπικρυπτούσης
446 2208 485 2274 τα
505 2205 610 2275 πολλά
625 2214 682 2292 της
695 2215 870 2294 μαντικῆς,
896 2204 938 2286 ῶς
955 2207 998 2293 μη
1015 2207 1107 2274 πάνυ

99 2305 222 2395 σχολὴν
237 2306 332 2393 άγειν
348 2305 427 2385 τούς
441 2303 624 2384 ἀκούοντας
639 2305 798 2386 ἐξετάζειν
811 2303 851 2373 τά
867 2308 978 2392 μέτρα.

182 2414 308 2474 ποτε.
334 2405 488 2490 οὐκοῦν,
503 2398 651 2491 θερμῇ,
667 2402 1103 2491 τσνομηρουεπετεγκα-
1123 2421 1176 2476 ιω

98 2511 258 2590 ταμύγνυε
269 2501 308 2572 τά
321 2501 427 2573 πολλά
443 2511 489 2592 τῷ
501 2505 704 2590 κηρύγματι,
722 2501 765 2583 ῶς
775 2509 900 2582 ἐκεῖνος
910 2502 995 2591 ἡμᾶς
1007 2509 1105 2586 ξυνε-

99 2601 208 2669 κάλει·
230 2609 421 2688 μεμνῆσθαι
440 2604 478 2669 δέ
491 2623 528 2669 σε
544 2605 639 2682 είκός.

182 2707 286 2766 ΕΡΜ.
315 2699 367 2767 Οὐ
383 2701 475 2769 πάνυ
496 2704 557 2786 μὲν
578 2701 667 2769 οὕτω
693 2711 807 2787 σαφῶς
830 2704 885 2770 καὶ
905 2710 1087 2787 προχείρως

98 2798 296 2884 πειράσομαι
312 2800 348 2864 δὲ
365 2795 463 2883 ὅμως.

183 2895 280 2982 Μήτε
294 2921 342 2974 τις
358 2888 422 2964 οὖν
436 2897 555 2982 θήλεια
570 2897 651 2976 θεὸς
668 2951 674 2964 .
689 2951 695 2965 .
713 2899 793 2984 μήτε
808 2925 856 2975 τις
870 2897 988 2984 άρσην,

182 2993 262 3081 μηδ’
279 2992 391 3062 αὐτῶν
407 3002 566 3081 ποταμῶν
582 2999 708 3081 μενέτω
724 2995 826 3082 νόσφ’
843 2995 1014 3064 ’ίαιεανοῑσ

181 3097 266 3180 μηδέ
277 3119 312 3160 τε
329 3093 512 3181 νυμφάων,
531 3091 604 3163 ἀλλ’
624 3095 656 3171 ἐς
671 3091 753 3172 Διὸς
770 3101 884 3163 ἔλθετε
899 3098 1020 3174 πάντες

182 3197 227 3270 είς
236 3189 373 3277 άγορήν,
392 3191 486 3261 ὅσσοι
496 3219 531 3260 τε
543 3190 665 3271 κλυτάς
677 3193 834 3262 δαίνυσθ’
847 3196 1040 3283 ἑκατόμβας,

180 3287 274 3358 όσσοι
289 3287 320 3356 τ’
340 3282 386 3357 αό
399 3295 533 3377 μέσατοι
548 3288 570 3380 ἢ
587 3289 722 3360 ύστατοι
737 3288 758 3377 ἢ
772 3292 859 3377 μάλα
875 3291 986 3380 πάγχυ

180 3389 352 3475 νάνυμνοι
369 3398 509 3479 βωμοῖσι
526 3388 615 3480 παρὰ
633 3398 765 3481 κνίσησι
782 3393 946 3482 κάθησθε.
