2575 3842
387 195 599 262 ΤΟΞΑΡΙΣ
616 202 644 252 H
667 198 823 256 ΦΙΛΙΑ.
1050 196 1110 260 273

96 363 241 447 ἐρᾶσθαι
264 361 471 443 νομίζοντας·
505 355 759 442 ἐπαγωγότατον
774 354 838 441 γάρ
860 357 960 424 τοῦτό
975 383 1029 443 γε,
1056 361 1111 425 καὶ

97 458 242 544 μάλιστα
255 471 324 534 τοῖς
336 463 451 532 καλοῖς
462 452 546 522 εἶναι
560 457 741 540 οίομένοις,
760 452 834 539 άχρι
845 450 889 522 άν
903 456 1055 521 λάθωσιν
1067 462 1112 533 είς

78 606 83 613 -
97 555 139 625 τά
156 561 273 624 δίκτυα
288 552 494 641 ἐμπεσόντες.
519 550 539 639 ἡ
556 558 736 638 Χαρίκλεια
753 551 789 620 δέ
801 544 844 638 ἦν
858 551 991 620 ἀστεῖον
1006 556 1068 639 μέν
1081 581 1112 621 τι

97 656 256 741 γύναιον,
273 650 440 736 ἑταιρικὸν
453 652 487 720 δέ
499 652 646 729 ἐκτόπως
655 652 710 717 καὶ
719 659 781 718 τού
792 652 1038 737 προστυχόντος
1049 649 1110 734 άεί,

98 756 153 822 καὶ
170 758 201 820 εί
214 750 305 818 πάνυ
322 746 374 817 ἐπ’
391 746 491 838 ὀλίγῳ
509 749 682 835 ἐθελήσειέ
695 775 759 832 τις,
782 753 836 817 καὶ
852 756 882 818 εί
896 753 1050 833 προσίδοι
1063 774 1112 824 τις

98 852 223 939 μόνον,
246 844 351 926 εύθύς
365 851 501 914 ἐπένευε
515 850 570 915 καὶ
587 849 661 925 δέος
681 843 780 915 οὐδὲν
794 841 840 935 ἦν
854 849 900 934 μη’
914 874 945 914 τι
962 833 1112 914 άντείποι

98 956 290 1032 Χαρίκλεια.
321 944 413 1032 δεινὴ
435 945 542 1013 δὲκαὶ
561 942 602 1011 τά
625 943 710 1013 άλλα
727 961 865 1031 τεχνῖτις
886 942 965 1029 παρ’
991 943 1111 1032 ἥντινα

98 1048 214 1134 βούλει
231 1051 299 1112 τῶν
314 1046 454 1130 ἑταιρῶν
471 1043 719 1110 ἐπισπάσασθαι
735 1043 878 1130 ἐραστὴν
894 1047 949 1112 καὶ
963 1043 1112 1129 ἀμφίβο-

99 1156 161 1212 λον
183 1151 230 1212 ἐτι
252 1142 332 1212 ὅντα
354 1142 435 1210 ὅλον
459 1140 734 1227 ὑποποιήσασθαι
754 1145 810 1210 καί
827 1143 1026 1229 ἐνεχόμενον
1047 1139 1111 1227 ἤδη

99 1247 258 1312 ἐπιτεῖναι
276 1245 331 1311 καὶ
347 1248 595 1328 προσεκκαῦσαι
613 1239 688 1328 άρτι
705 1244 767 1328 μὲν
782 1239 883 1331 ὀργῇ,
906 1241 980 1328 άρτι
1001 1245 1037 1310 δὲ
1052 1269 1111 1309 κο-

98 1347 214 1432 λακεία
236 1342 291 1409 καὶ
313 1339 393 1426 μετὰ
415 1338 537 1427 μικρὸν
558 1338 725 1430 ὑπεροψία
748 1343 804 1409 καί
826 1346 872 1430 τῷ
893 1338 977 1427 πρὸς
998 1342 1112 1424 ἕτερον

99 1439 293 1512 ἀποκλίνειν
310 1445 437 1525 δοκεῖν,
452 1442 507 1508 καὶ
523 1437 583 1526 ὅλη
598 1441 860 1527 συνεκεκρότητο
875 1437 1110 1526 ἁπανταχόθεν
1130 1463 1176 1515 521

98 1536 221 1626 ἡγννη
244 1539 300 1605 καὶ
317 1535 423 1605 πολλοὶ
438 1538 657 1624 μηχανήματα
672 1538 923 1624 παρεσκεύαστο
941 1536 1024 1605 κατά
1044 1545 1112 1604 τῶν

100 1639 258 1722 ἐραστῶν.
282 1639 333 1703 14.
347 1636 473 1720 ταύτην
485 1628 549 1702 ούν
563 1636 637 1702 τότε
654 1640 688 1702 οί
696 1643 835 1704 Δεινίου
849 1637 989 1714 κόλακες
1004 1661 1112 1719 παρα-

99 1732 332 1821 λαμβάνουσιν
352 1734 404 1799 έπὶ
424 1730 461 1799 τό
477 1733 652 1818 μειράκιον
672 1732 782 1800 καὶτὰ
802 1732 909 1803 πολλά
926 1733 1112 1824 ὑπεκωμῴ-

100 1837 185 1900 δουν
202 1837 438 1908 συνωθοῦντες
456 1828 560 1898 αὐτὸν
576 1835 621 1908 είς
635 1828 695 1897 τὸν
710 1836 815 1916 ἔρωτα
831 1841 889 1918 τῆς
902 1840 1110 1918 Χαρικλείας.

100 1929 120 2017 ι’]
136 1929 172 1996 δέ
187 1924 332 2006 πολλούς
343 1927 406 2014 ἤδη
422 1931 520 2008 νέους
531 1929 791 2014 ἐκτραχηλίσασα
806 1932 861 1998 καὶ
875 1933 1112 2016 μυρίους’ἔρω-

100 2055 157 2106 τας
180 2024 431 2112 ὑποκριναμένη
461 2026 517 2093 καὶ
538 2033 652 2103 οίκους
674 2027 948 2103 πολυταλάντους
972 2024 1113 2109 άνατρέ-

99 2139 207 2213 ψασα,
230 2131 382 2193 ποικίλον
395 2151 427 2192 τι
444 2126 499 2192 καὶ
513 2123 797 2210 πολυγύμναστον
812 2123 935 2208 κακόν,
960 2133 1112 2209 παραλα-

99 2233 207 2314 βοῦσα
223 2231 267 2303 είς
282 2222 341 2304 τάς
354 2239 463 2311 χεῖρας
474 2221 637 2292 ἁπλοϊκόν
652 2227 706 2291 καὶ
718 2222 857 2311 άπειρον
867 2229 935 2290 τῶν
949 2223 1112 2290 τοιούτων

100 2325 346 2412 μηχανημάτων
372 2331 551 2393 νεανίσκον
580 2319 642 2390 ούκ
667 2322 792 2410 άνηιιεν
817 2325 944 2391 ἐκτῶν
969 2320 1112 2408 ὀνύχων,

99 2422 182 2493 άλλά
206 2428 404 2511 περιέχουσα
427 2423 640 2508 πανταχόθεν
659 2423 714 2490 καὶ
736 2427 948 2508 διαπείρασα,
973 2419 1028 2489 ὅτε
1048 2421 1111 2508 ἤδη

99 2523 310 2592 παντάπασιν
325 2524 471 2608 ἐκράτει,
489 2518 572 2607 αύτη
584 2547 619 2588 τε
630 2519 780 2589 άποόλετο
791 2519 858 2588 ὑπὸ
875 2529 932 2607 τῆς
943 2520 1047 2607 άγρας
1058 2524 1112 2590 καὶ

100 2631 147 2710 τῷ
162 2627 379 2707 κακοδαίμονι
394 2628 515 2708 Δεινίᾳ
530 2627 661 2706 μυρίων
675 2629 789 2688 κακῶν
805 2628 892 2689 αἰτία
910 2623 1050 2708 ἐγένετο.
1073 2619 1110 2690 τό

100 2723 162 2807 μὲν
176 2719 241 2804 γάρ
257 2727 390 2800 πρῶτον
401 2717 507 2801 εὐθύς
520 2722 630 2788 ἐκεῖνα
642 2716 694 2787 ἐπ’
709 2717 814 2787 αὐτόν
825 2725 937 2787 καθίει
951 2718 991 2787 τά
1004 2716 1113 2806 γραμ-

100 2818 217 2905 μάτια,
232 2818 287 2884 καὶ
301 2825 448 2903 συνεχῶς
462 2823 655 2904 πεμπομένη
669 2816 732 2904 τὴν
747 2816 873 2906 ἅβραν,
891 2819 934 2897 ὡς
947 2819 1111 2902 ἐδάκρυσε
1128 2838 1181 2890 522

100 2917 155 2984 καὶ
174 2914 410 3001 ἐπηγρύπνησε
426 2918 480 2984 καὶ
497 2920 589 2995 τέλος
610 2915 655 2993 ὡς
674 2915 813 3002 άπάγξει
828 2915 950 3003 ἑαυτὴν
967 2914 988 3003 ἡ
1009 2914 1112 2984 άθλία

100 3011 166 3082 ὑπὸ
182 3019 244 3080 τοῦ
259 3018 395 3095 ἔρωτος,
411 3015 473 3092 ἕως
490 3012 530 3100 δὴ
546 3011 563 3081 ὁ
579 3015 741 3100 μακάριος
759 3017 897 3099 ἐπείσθη
913 3013 1014 3094 καλὸς
1029 3013 1113 3082 εἶναι

100 3116 155 3182 καί
172 3125 242 3190 ταῖς
258 3110 419 3197 Ἐφεσίων
432 3117 563 3198 γυναιξὶ
584 3114 818 3200 περιπόθητος.
847 3121 906 3182 καί
924 3138 991 3181 που
1007 3135 1113 3199 συνη-

99 3215 204 3298 νέχθη
220 3208 327 3280 πολλά
344 3216 535 3290 ἱκετευθείς.
564 3218 614 3282 15.
633 3216 687 3281 καὶ
703 3211 740 3280 τό
757 3215 918 3281 ἐντεῦθεν
937 3212 1000 3300 ἤδη
1016 3217 1110 3303 ῥᾷον,

101 3307 144 3390 ὥς
157 3309 194 3378 τό
212 3311 314 3395 εἰκός,
331 3307 523 3378 ἁλάσεσθαι
535 3317 672 3398 ἔμελλεν
683 3308 750 3380 ὑπό
765 3310 927 3398 γυναικός
941 3319 1043 3399 καλῆς
1057 3313 1112 3379 καὶ

102 3408 183 3494 πρὸς
196 3408 335 3560 ἡδονηίχΙ
347 3437 381 3479 τε
397 3409 551 3499 ὁμιλῆσαι
568 3414 784 3498 ἐπισταμένης
804 3413 859 3479 καὶ
874 3415 911 3479 ἐν
932 3419 1036 3565 χχιιρςό
1052 3414 1112 3477 δα-

185 3522 289 3561 wem.
338 3545 344 3560 .
