2575 3842
329 192 571 251 ΛΛΗοονΣ
590 194 832 252 εΣΤοΡιΑΣ
851 197 886 253 Β.
1072 184 1115 256 57

107 348 160 414 καὶ
174 345 261 425 ὅλως
276 353 363 416 ἔοικε
380 350 491 468 γυμνή
508 377 556 428 τις
572 347 592 436 ἡ
613 348 700 436 ψυχὴ
719 349 831 418 αὑτῶν
845 361 1038 436 περιπολεῖν
1051 376 1113 438 την

106 451 165 510 τοῦ
178 445 331 529 σωματος
347 444 523 534 ὁμοιότητα
537 451 764 539 περικειμένη·
787 455 818 517 ελ
828 456 914 567 γούγ
930 448 974 536 μὴ
991 449 1111 531 άιγαιτό
1170 513 1178 521 ,

105 568 169 622 τις,
189 539 253 609 οὐκ
274 538 317 609 άν
337 547 476 670 ἐλέγξειε
496 542 540 632 μὴ
557 544 642 612 εἶναι
659 553 753 631 σῶμα
773 544 811 613 τδ
832 544 1021 631 δρώμενον
1051 548 1112 615 scol
1131 564 1180 619 111

103 637 168 725 γάρ
186 638 297 723 ὥσπερ
313 644 400 709 σκιαὶ
420 641 537 729 ὀρθαί,
560 641 601 710 οὑ
621 647 783 729 μέλαιναι.
818 644 978 729 γηράσκει
999 643 1035 710 66
1053 641 1112 709 οὑ-

105 741 188 822 δείς,
213 734 320 805 ἀλλ”
304 736 357 824 εφ’
381 731 420 824 ἧς
440 735 483 806 άυ
503 739 632 864 ἡλικίας
655 746 737 828 ἔλθη
762 743 954 864 παραμέγει.
984 737 1025 806 οὑ
1044 736 1113 824 μην

105 832 182 900 0666
193 830 256 913 νὺξ
268 832 347 918 παρ’
362 833 473 914 αὑτοῖς
487 844 629 923 γίνεται,
644 836 754 904 0666‘
738 841 843 924 ημέρα
857 837 949 904 πάνυ
959 833 1110 921 λαμπρά

104 938 261 1024 καθάπερ
277 935 341 1023 γὰρ
356 965 392 1006 το
382 935 572 1026 λυκαυγὲς
594 939 658 1027 ἤδη
673 940 757 1026 πρὸς
773 943 817 1008 ἕω
831 932 1000 1062 μηδέτω’
980 938 1111 1001 ανατεί-

14 1065 16 1072 '
105 1044 223 1112 λαυτος
240 1031 352 1120 ἡλίου,
379 1047 510 1107 τοιοῦτο
531 1046 604 1125 φῶς
624 1037 779 1125 ἐπέχει
734 1066 805 1164 τηγ
825 1045 898 1124 γῆν.
929 1038 984 1102 καὶ
999 1035 1112 1118 μέντοι

103 1132 203 1200 καλ“
176 1158 268 1218 ωραυ
285 1141 365 1218 μίαν
380 1143 470 1202 ῖσασι
484 1143 544 1202 τοῦ
560 1142 669 1214 ἔτους·
693 1135 744 1204 ἀει
755 1134 820 1221 γάρ
834 1131 913 1221 παρ’
931 1129 1042 1208 αὐτοῖς
1053 1135 1111 1210 660

13 1197 17 1291 δ
103 1232 170 1297 ἐστὶ
186 1257 242 1297 και
231 1226 338 1308 “”εἷς
316 1257 437 1318 αυεμος
451 1231 529 1317 παρ’
544 1230 657 1312 αὐτοῖς
672 1230 779 1300 πνεῖδ
796 1235 943 1318 ζέφυρος.
973 1234 1022 1296 13.
1040 1255 1059 1313 η
1047 1224 1112 1293 66

103 1328 195 1416 χώρα
217 1335 297 1397 πᾶσι
318 1328 413 1415 μὲν
398 1325 534 1417 άυθεσι,
556 1339 635 1398 πάσι
655 1333 690 1398 66
712 1344 828 1417 φυτοῖς
848 1327 982 1415 ημέροις
1001 1352 1036 1393 τε
1057 1325 1112 1391 καὶ

102 1439 249 1514 σκιεροῖς
260 1429 416 1512 τέθηλεν
440 1433 477 1496 αλ
490 1433 551 1514 μὲν
568 1426 632 1515 γάρ
649 1428 789 1513 ἄμπελοι
805 1426 1063 1511 δωδεκάφοροίε
1049 1428 1112 1489 εἰσι

102 1526 159 1591 καὶ
175 1522 259 1592 κατά
275 1533 363 1611 μῆνα
378 1528 518 1594 ἕκαστον
535 1534 806 1614 καρποφοροῦσι·
828 1525 885 1604 τάς
900 1526 934 1591 66
951 1519 1043 1610 ροιάς
1057 1522 1112 1586 καὶ

11 1699 12 1702 ¹
103 1621 162 1698 τὰς
176 1623 299 1708 μηλέας
311 1624 365 1690 καὶ
379 1620 442 1708 τὴν
454 1622 559 1709 άλλην
570 1623 709 1741 ὀπώραν
721 1628 836 1708 ἔλεγον
847 1623 909 1708 μὲν
921 1618 1005 1688 εἶναι
1020 1636 1111 1703 τρισ-

102 1719 369 1807 καιδεκάφορον·
392 1717 517 1801 ἑνδς
478 1746 543 1806 γαρ
558 1719 664 1807 μηνὸς
675 1727 736 1788 τοῦ
746 1717 826 1806 παρ’
843 1717 954 1795 αὑτοῖς
966 1714 1112 1806 Μινῴου

102 1819 154 1894 δὶς
170 1833 387 1905 καρποφορεῖ.
407 1818 481 1889 άντι
471 1822 529 1889 66
542 1827 654 1906 πυροῦ
664 1826 699 1887 σι’
710 1821 848 1920 στάχυες
863 1815 965 1903 άρτου
978 1818 1111 1900 ἕτοιμον

101 1913 198 1983 ἐπΗ
176 1941 292 1999 ακρωυ
313 1919 461 2003 φύουσιν
482 1917 593 2004 ὑσπερ
607 1919 766 2004 μὺκητας.
795 1908 897 2002 πηγαὶ
911 1917 946 1982 66
960 1917 1034 1995 περι
1050 1938 1111 2031 τηγ

9 2025 11 2030 ’
102 2012 202 2081 πόλιν
218 2012 340 2093 ὕδατος
351 2017 411 2101 μὲν
425 2020 521 2084 πέντε
533 2019 587 2084 καὶ
598 2016 757 2102 ἑξήκοντα
770 2014 824 2080 καὶ
834 2010 1034 2097 τριακόσιαι,
1052 2013 1111 2094 μέ-

103 2120 192 2189 λιτος
208 2110 281 2179 66’'
260 2120 355 2180 αλλαι
369 2121 543 2201 τοσαῦται,
564 2113 676 2199 μύρου
691 2111 727 2180 66
744 2107 975 2189 πεντακόσιαι,
992 2105 1112 2189 μικρό-

102 2233 194 2295 τεραι
208 2204 377 2294 μέντοι
332 2237 444 2278 αυται
467 2215 522 2280 καὶ
531 2213 671 2297 ποταμοὶ
683 2210 846 2295 γάλακτος
857 2206 937 2270 ἑπτα
926 2199 1004 2269 καὶ
1016 2209 1111 2267 οἴνου

102 2306 198 2375 ὀπτά.
225 2313 275 2378 14.
291 2335 328 2375 το
318 2307 380 2377 66
396 2311 585 2396 συμπόσιον
600 2317 712 2391 ἔξω
673 2337 730 2396 της
745 2305 871 2382 πόλεως
885 2308 1059 2384 πεποίηται
1074 2300 1112 2365 ἐν

101 2432 146 2496 ιφ
134 2403 301 2496 Ἠλυσίφ
316 2409 512 2499 καλουμένῳ
526 2412 604 2476 πεδί
589 2415 644 2498 ίῳ
667 2405 790 2493 λειμὼν
802 2406 842 2470 δέ
854 2402 922 2468 ἐστι
938 2399 1113 2472 κάλλιστος

101 2473 157 2571 καὶ
172 2500 304 2586 περὶ’
263 2502 367 2572 αυτδν
381 2503 446 2591 ὑλη
462 2513 618 2592 παντοία,
640 2506 766 2591 πυκνή,
785 2500 1019 2578 ἐπισκιάζουσα
1034 2493 1112 2571 τοὺς

9 2603 17 2676 s
101 2603 378 2685 κατακειμένους,
399 2606 454 2670 καὶ
477 2601 710 2689 στρωμνὴν
649 2605 710 2688 μὲν
728 2604 764 2670 ἐκ
783 2606 851 2668 τῶν
870 2593 1006 2664 ἀνθέων
1026 2591 1111 2661 ὑπο-

101 2701 268 2787 βέβληται.
303 2703 539 2768 διακονοῦνται
562 2701 598 2767 66
623 2703 678 2767 καὶ
699 2703 919 2785 διαφέρουσιν
938 2696 1058 2761 ἕκαστα
1080 2693 1113 2757 ολ

101 2794 218 2882 ἄνεμοι
237 2796 325 2881 πλήν
346 2824 384 2883 γε
398 2805 460 2866 τοῦ
483 2805 662 2883 οἰνοχοεῖν·
684 2797 806 2864 τούτου
821 2793 886 2882 γάρ
905 2789 947 2861 06
969 2792 1110 2870 δέονται,

101 2897 175 2977 περὶ
198 2893 289 2962 66
255 2920 292 2960 το
315 2895 504 3013 συμπόσιον
526 2893 649 2963 ὑάλινά
672 2898 740 2962 ἐστι
761 2894 887 2980 μεγάλα
911 2890 1032 2969 δένδρα
1053 2890 1109 2969 τῆς
1129 2910 1180 2963 116

101 2990 341 3076 διαυγεστάτης
354 2989 479 3075 ὑάλου,
493 2995 548 3060 καὶ
562 2992 690 3075 καρπός
705 2993 771 3058 ἐστι
787 2997 855 3056 τῶν
866 2990 1016 3070 δένδρων
1031 2979 1110 3049 τοὺ-

100 3114 166 3155 τωυ
183 3087 326 3173 ποτήρια
339 3103 480 3156 παντοῖα
495 3087 618 3166 καὶτὰς
634 3083 840 3162 κατασκευὰς
853 3085 909 3151 και
919 3109 960 3150 τα
949 3080 1108 3167 μεγέθη.

99 3183 237 3252 ἐπειδάν
255 3178 320 3252 οὑν
334 3193 436 3274 πυρίη
455 3213 503 3264 τις
518 3189 550 3266 ἐς
571 3182 608 3252 τδ
627 3183 833 3269 συμπόσιον,
855 3178 1022 3266 τρυγήσας
1037 3173 1110 3264 δνη

99 3284 153 3349 καὶ
169 3282 233 3349 δύο
251 3287 319 3348 τῶν
334 3283 538 3367 ἐκπωμάτων
552 3288 786 3367 παρατίθεται,
812 3276 852 3347 τά
868 3279 905 3346 δὲ
925 3276 1042 3344 αὐτίκα
1059 3284 1110 3343 οῖ-

98 3406 163 3447 υου
185 3380 297 3466 πλήρη
319 3386 476 3467 γίγνεται.
510 3380 598 3448 οὕτω
621 3382 683 3467 μέν
703 3386 870 3448 πίνουσιν.
893 3375 966 3445 ἀντὶ
984 3379 1019 3446 66
1042 3381 1110 3444 τῶν
