2575 3842
190 215 253 278 340
549 218 860 277 AOTKIANOY.

190 379 330 446 δύναται
348 375 460 444 αὐτῶν
477 380 631 457 ἑκατέρα;
652 376 795 461 πότερον
809 373 849 442 τά
864 385 920 444 ίσα
934 393 1004 457 ταῖς
1019 387 1171 462 Μοίραις
1187 379 1208 468 ή

190 501 220 542 τι
231 477 285 543 καί
297 473 381 559 ὑπὲρ
394 478 537 554 ἐκείνας;
560 471 674 540 ἀκούω
686 480 771 558 γοῦν
782 472 943 542 ἁπάντων
953 478 1134 565 λεγόντων,
1152 486 1204 548 καὶ

190 576 294 658 μηδὲν
311 572 395 641 εἶναι
414 573 522 658 Τύχης
536 575 590 638 καὶ
605 575 816 657 Εἱμαρμένης
831 573 1073 655 δυνατώτερον.

273 675 399 737 ΖΕΥΣ.
425 667 476 737 Οό
497 670 594 753 θέμις
617 668 748 736 ἅπαντά
768 689 805 735 σε
827 673 967 757 είδένοιι,
993 665 1022 738 ά
1041 680 1202 743 Κυνίσκε.

189 771 277 843 τίνος
293 771 312 832 δ
316 762 323 787 '
341 760 405 832 οὖν
421 769 518 832 ἕνεκα
533 764 706 850 ήράτησάς
720 790 799 832 ποτε
815 765 852 832 τό
869 768 942 851 περὶ
958 774 1025 834 τῶν
1039 777 1201 854 Μοιρῶν;

273 871 302 930 4.
326 870 429 931 KYN.
447 858 510 929 Ἢν
524 860 570 948 μή
586 862 751 946 πρότερόν
765 888 837 948 μοι,
858 856 885 930 τό
899 872 982 950 Ζεῦ,
1004 864 1140 934 κάκελυο
1157 879 1203 936 εί·
1278 932 1279 955 ,

189 987 266 1049 πης,
289 966 319 1028 εί
331 961 386 1028 καὶ
405 958 500 1046 ὑμῶν
516 953 613 1026 αὗται
631 959 769 1044 άρχουσι
783 962 837 1028 καὶ
858 958 988 1048 ἀνάγκη
1002 961 1084 1048 ὑμῖν
1100 963 1202 1051 ήρτῆ-
1278 994 1280 1039 1

132 1079 134 1084 ’
189 1062 270 1126 σθαι
285 1055 349 1125 ἀπὸ
366 1065 427 1125 τοῦ
444 1063 541 1125 λίνου
556 1054 698 1132 αὐτῶν,

273 1164 398 1225 ΖΕΥΣ.
419 1153 578 1241 Ἀνάγκη,
597 1147 795 1221 όΚυνίοκε.
819 1163 853 1222 τί
865 1154 895 1223 δ’
916 1149 980 1223 οὖν
996 1161 1201 1243 ἐμειδίασας;

272 1262 376 1324 KYN.
396 1252 629 1340 Ἀνεμνήσθην
649 1255 787 1320 ἐκείνων
808 1260 876 1320 τόν
890 1251 1035 1340 Ὁμήρου
1051 1258 1159 1342 ἐπιόν,
1182 1256 1201 1324 ά

187 1360 363 1439 πεποίησαι
385 1351 477 1442 αὐτῷ
492 1356 528 1418 ἐν
548 1359 587 1438 τή
607 1355 762 1439 ἐκκλησίᾳ
784 1357 852 1417 τόν
871 1359 965 1418 θεῶν
985 1357 1199 1442 δημηγορῶν,

118 1469 170 1524 629
190 1454 289 1523 ὁπότε
303 1451 446 1540 ἠπείλεις
461 1451 572 1530 αὐτοῖς
589 1449 632 1528 ὡς
646 1448 710 1517 άπὸ
723 1458 834 1537 σειρᾶς
849 1477 940 1530 τινος
951 1459 1077 1539 χρυσῆς
1091 1451 1199 1536 άναρ-

186 1553 368 1639 τησόμενος
383 1547 422 1618 τά
439 1552 563 1618 πάντα·
587 1554 721 1634 ἔφησθα
735 1548 800 1634 γὰρ
816 1548 916 1628 αὐτὸς
926 1551 988 1634 μὲν
1003 1548 1064 1636 τήν
1079 1553 1195 1637 σειρὰν

186 1651 351 1735 καθήσειν
366 1652 397 1728 ἐξ
410 1647 569 1735 οὐρανοῦ,
586 1645 664 1726 τούς
674 1646 778 1726 θεοὺς
792 1650 828 1716 δὲ
839 1647 906 1733 άμα
921 1648 1057 1731 πάντας,
1073 1655 1105 1718 εί
1113 1651 1197 1738 βοά·

186 1757 316 1832 λοιντο,
344 1750 609 1834 ἐκκρεμαμένους
633 1755 808 1814 κατασπᾶν
833 1747 1028 1833 βιάσεσθαι,
1063 1745 1106 1812 οὐ
1129 1748 1193 1833 μήτ

186 1845 411 1913 κατασπάσειν
422 1871 469 1930 γε,
483 1847 519 1912 σὲ
532 1849 577 1928 δέ,
594 1841 720 1910 ὁπόταν
731 1844 903 1932 ἐθελήσης,
915 1847 1036 1932 ῥᾳδίως
1047 1843 1195 1924 ἅπαντας

332 1941 415 2032 αὐτῇ
433 1969 491 2010 κεν
508 1949 585 2031 γαίη
600 1941 716 2024 ἐρύσαι
733 1940 817 2029 αὐτῇ
833 1968 868 2009 τε
880 1942 1045 2030 θαλάσση.

186 2043 259 2110 τότε
271 2043 333 2129 μὲν
344 2040 384 2128 δή
399 2042 588 2127 θαυμάσιος
603 2038 728 2116 ἐδόκεις
738 2064 793 2125 μοι
804 2035 866 2124 τήν
877 2046 955 2126 βίαν
966 2042 1019 2107 καὶ
1030 2037 1197 2126 ὑπέφριτ-
1278 2096 1279 2103 ,

186 2169 245 2209 τον
262 2139 382 2228 μεταξὺ
398 2138 534 2208 άκοόων
549 2147 616 2206 τῶν
627 2141 731 2206 ἐπῶν·
754 2145 820 2205 νῦν
832 2141 868 2206 δὲ
878 2137 983 2206 αὐτόν
997 2158 1034 2205 σε
1046 2137 1111 2224 ἤδη
1126 2135 1196 2222 ὁρῶ

186 2239 266 2326 μετά
284 2249 341 2327 τῆς
360 2246 473 2322 σειράς
492 2241 630 2307 καὶτῶν
650 2235 796 2304 άπειλῶν
812 2234 877 2304 άπό
900 2245 1022 2306 λεπτοῦ
1037 2238 1196 2324 νήματος,

187 2337 231 2416 ὡς
246 2338 329 2422 φής,
353 2339 572 2424 κρεμάμενον.
603 2342 697 2404 δοκεῖ
708 2343 794 2422 γοῦν
809 2363 866 2422 μοι
886 2338 1093 2422 δικαιότερον
1113 2333 1196 2423 άνή

186 2435 319 2504 Κλωθώ
337 2438 670 2522 μεγαλαυχήσασθαι,
689 2431 732 2512 ὡς
747 2437 801 2502 καί
815 2437 852 2502 σὲ
863 2434 968 2503 αὐτόν
979 2435 1197 2505 ἀνάσπαστον

186 2541 356 2616 αἰωροῦσα
374 2537 408 2601 ἐκ
424 2543 485 2601 τοῦ
500 2533 667 2617 ἀτράκτου
682 2534 837 2619 καθάπερ
852 2540 886 2602 οί
895 2533 997 2613 ἁλιείς
1008 2539 1045 2603 ἐκ
1060 2543 1122 2602 τοῦ
1133 2563 1198 2602 κα-

185 2643 203 2701 λ
253 2658 294 2699 ου
309 2629 349 2699 τά
364 2631 497 2715 όιγάρια.

269 2737 298 2799 5.
319 2739 445 2800 ΖΕΥΣ,
469 2728 542 2799 Οὐκ
554 2731 626 2800 οἶδα
641 2729 702 2800 ότι
718 2751 770 2799 σοι
782 2733 936 2820 βούλεται
948 2736 1041 2803 ταυτὶ
1056 2732 1096 2801 τά
1108 2737 1198 2819 ἐρω-

183 2833 320 2919 τήματα.

268 2939 371 3000 KYN.
399 2929 537 3017 Ἐκεῖνο,
562 2924 687 2999 άΖεῦ·
715 2929 871 3013 καὶπρὸς
889 2938 957 2998 τῶν
973 2938 1117 3015 Μοιρῶν
1140 2935 1196 3000 καὶ
1278 2948 1279 2969 ἒ

183 3037 240 3115 τής
257 3030 468 3116 Εἱμαρμένης
488 3026 532 3116 μή
549 3031 692 3116 τραχέως
709 3031 790 3117 μηδὲ
812 3027 895 3114 πρός
917 3027 1024 3116 ὀργήν
1047 3027 1196 3117 άκοόοης

113 3142 165 3198 630
184 3154 250 3215 μου
263 3127 393 3217 τάληθή
407 3127 488 3215 μετά
503 3134 688 3215 παρρησίας
702 3131 867 3215 λέγοντος.
891 3135 922 3197 εί
933 3126 998 3215 γάρ
1011 3127 1116 3206 οὕτως
1128 3133 1195 3214 ἔχει

182 3235 285 3295 ταῦτα
300 3229 354 3296 καί
372 3228 508 3295 πάντων
524 3233 561 3296 αί
571 3237 696 3313 Μοῖραι
714 3235 873 3312 κρατοῦσι
888 3228 942 3295 καί
957 3225 1058 3294 οὐδὲν
1073 3221 1117 3293 άν
1132 3223 1193 3292 ὑπ’

182 3322 320 3402 οὐδενός
332 3322 489 3412 άλλαγείη
500 3335 567 3394 τῶν
579 3325 665 3406 άπαξ
677 3328 847 3406 δοξάντων
858 3324 982 3411 αόταίς,
992 3330 1081 3403 τίνος
1092 3326 1194 3392 ἕνεκα

181 3418 261 3504 ὑμίν
287 3426 320 3488 οί
339 3421 516 3509 άνθρωποι
537 3424 669 3512 θύομεν
693 3425 747 3491 καί
768 3425 950 3511 ἑκατόμβας
976 3420 1192 3508 προσάγομεν
