2575 3842
185 185 247 248 156
511 188 840 246 “ΛΟΥΚ1ΑΝΟΥ

268 350 318 413 35.
344 347 409 413 Καὶ
428 348 503 430 περὶ
516 346 578 431 μὲν
592 342 695 431 αύτῆς
709 343 873 432 ὀρχήσεως
893 352 1050 412 τοσαῦτα·
1073 344 1111 412 τδ
1126 348 1194 429 γάρ

183 441 293 508 πάντα
309 443 478 522 ἐπεξιόντα
493 442 657 529 μηκύνειν
668 440 728 509 τόν
742 443 845 528 λόγον
860 440 1091 527 ἀπειρόκαλον.
1120 438 1140 508 ἀ
1156 440 1193 508 δέ

183 536 242 606 τδν
263 536 426 625 ὀρχηστήν
446 538 550 607 αὐτὸν
571 546 658 626 ἐχειν
678 537 739 625 χρῆ
759 542 814 607 καὶ
836 538 925 617 ὅπως
951 544 1003 608 δεί
1023 538 1192 627 ἠσκῆσθαι

182 637 238 701 καὶ
254 632 276 701 δι’
292 638 522 721 μεμαθηκέναι
535 638 589 703 καὶ
606 630 656 713 οἷς
670 635 850 721 κρατύνειν
864 634 901 704 τό
919 643 1035 724 έργον,
1059 635 1122 723 ῆδη
1138 655 1192 702 σοι

114 751 166 806 289
185 736 296 817 δίειμι,
312 729 355 810 ός
365 732 477 820 μάθης
487 729 529 799 ού
540 739 607 800 τῶν
616 736 744 823 ῥᾳδίων
755 734 810 800 καὶ
821 740 888 801 τῶν
899 731 1192 821 εὐμεταχειρίστων

186 822 292 895 ούσαν
308 826 370 913 τῆν
384 832 520 915 τέχνην,
541 826 625 897 ἀλλά
644 830 753 915 πόσης
767 830 974 909 παιδεύσεως
986 834 1018 909 ἐς
1033 829 1070 898 τὸ
1086 830 1192 916 ἀκρό-

184 951 284 992 τατον
294 923 556 1012 ἀφικνουμένην,
568 924 609 994 ού
619 933 780 1013 μουσικῆς
791 927 898 1012 μόνον
909 926 992 997 ἀλλά
1001 932 1055 997 καὶ
1065 932 1192 1015 ῥυθμι-

184 1029 244 1109 κῆς
258 1024 313 1089 καὶ
326 1031 480 1109 μετρικῆς
496 1026 551 1091 καὶ
564 1031 622 1109 τῆς
633 1032 693 1108 σῆς
704 1031 903 1109 φιλοσοφίας
918 1025 1075 1112 μάλιστα,
1088 1033 1145 1112 τῆς
1155 1051 1191 1093 τε

185 1125 329 1205 φυσικῆς
350 1123 404 1187 καὶ
428 1128 484 1206 τῆς
509 1118 647 1207 ήθικῆς·
680 1118 742 1206 τῆν
763 1120 828 1207 γάρ
855 1122 1065 1209 διαλεκτικήν
1088 1122 1192 1209 αὐτῆς

184 1222 377 1301 περιεργίαν
394 1214 535 1303 ἀκαιρον
551 1214 635 1305 αὑτῆ
649 1216 836 1303 νενόμικεν.
859 1216 900 1285 ού
916 1217 984 1304 μῆν
999 1217 1076 1287 οὐδὲ
1090 1223 1192 1308 ῥητο-

185 1319 279 1397 ρικῆς
303 1310 508 1399 ἀφέστηκεν,
531 1311 616 1388 ἀλλά
632 1316 687 1381 καὶ
706 1313 827 1399 ταύτης
845 1320 984 1401 μετέχει,
1008 1314 1088 1385 καθ’
1107 1314 1191 1383 ὅσον

183 1408 292 1494 ῆθους
309 1412 412 1477 τεκαὶ
428 1411 561 1488 πόθους
575 1411 776 1495 ἐπιδεικτική
792 1412 897 1497 ἐστιν,
916 1405 965 1480 ὦν
975 1416 1029 1481 καί
1044 1418 1078 1481 οί
1089 1414 1191 1501 ῥήτο-

185 1533 239 1591 ρες
254 1513 431 1592 γλίχονται.
454 1504 518 1575 οὐκ
529 1506 735 1594 ἀπήλλακται
750 1512 785 1575 δὲ
796 1510 850 1576 καὶ
861 1518 1025 1597 γραφικῆς
1038 1513 1092 1579 καὶ
1103 1519 1189 1578 πλα-

185 1612 311 1689 στικῆς,
328 1601 480 1673 ἀλλὰκαὶ
496 1604 558 1693 τῆν
574 1608 610 1673 ἐν
624 1605 759 1683 ταύταις
776 1602 965 1692 εὐρυθμίαν
979 1606 1119 1693 μα’λιστα
1133 1633 1188 1691 μι-

184 1704 333 1786 μουμένη
351 1708 518 1788 φαίνεται,
535 1700 579 1781 ὡς
593 1705 698 1789 μηδὲν
709 1700 833 1789 ἀμείνω
845 1705 924 1790 μήτε
936 1708 1073 1772 Φειδίαν
1087 1701 1190 1789 αύτῆς

184 1797 265 1886 μήτε
278 1795 436 1887 Ἀπελλῆν
454 1800 538 1869 εἶναι
553 1806 673 1871 δοκεῖν.
697 1806 746 1868 36.
764 1798 828 1883 πρὸ
845 1801 980 1869 πόντων
996 1804 1030 1869 δὲ
1043 1810 1190 1888 Μνημο-

184 1896 293 1982 σύνην
307 1900 361 1965 καί
380 1896 442 1984 τῆν
458 1902 629 1985 θυγατέρα
652 1896 752 1984 αύτῆς
768 1898 965 1985 Πολύμνιαν
981 1902 1082 1967 ἵλεων
1102 1905 1190 1986 ἐχειν

184 1993 268 2085 αύτῆ
285 1996 455 2082 πρόκειται
469 2001 524 2065 καὶ
537 2005 727 2084 μεμνῆσθαι
741 2003 892 2082 πειρᾶται
908 1994 1081 2064 ἁπάντων·
1105 1993 1187 2063 κατά

182 2091 247 2179 γύρ
264 2120 316 2162 τοι
335 2094 396 2162 τόν
413 2093 590 2182 Ὁμηρικόν
608 2096 782 2180 Κάλχαντα
802 2091 861 2160 τὸν
879 2090 1043 2180 ὀρχηστήν
1067 2096 1188 2161 είδέναι

182 2187 244 2277 χρῆ
261 2192 324 2277 „vd
340 2192 371 2259 τ’
388 2193 485 2261 ἐόντα
499 2195 540 2261 τοί
554 2191 584 2260 τ’
600 2193 763 2277 ἐσσόμενα
778 2191 843 2275 πρό
858 2190 887 2258 τ’
904 2191 1001 2260 ἐόντα
1009 2201 1043 2277 ,“
1064 2190 1108 2270 ὡς
1123 2219 1189 2279 μη-

184 2290 242 2356 δὲν
257 2286 361 2356 αύτδν
375 2293 566 2376 διαλαθεῖν,
588 2288 661 2357 ἀλλ’
678 2287 764 2357 ἐἶναι
783 2288 961 2376 πρόχειρον
976 2288 1039 2377 τῆν
1053 2290 1189 2377 μνήμην

183 2384 304 2452 αύτοίν.
327 2388 382 2453 καλ
396 2384 432 2452 τό
448 2387 509 2472 μὲν
524 2387 709 2471 κεφάλαιον
722 2395 779 2473 τῆς
796 2383 1004 2474 ὑποθέσεως,
1030 2387 1188 2475 μιμητική

182 2490 230 2561 τίς
250 2485 339 2550 ἐστιν
365 2484 526 2570 ἐπιστήμη
547 2484 603 2552 καὶ
626 2484 769 2571 δεικτικῆ
790 2489 845 2553 καὶ
866 2494 933 2553 τῶν
954 2489 1188 2572 ἐννοηθέντων

112 2604 166 2658 290
183 2579 414 2667 ἐξαγορευτικὴ
429 2584 567 2650 καὶτῶν
582 2578 724 2667 ἀφανῶν
739 2584 976 2670 σαφηνιστική,
998 2587 1052 2651 καὶ
1068 2581 1150 2669 ὅπερ
1166 2578 1186 2650 ὁ

183 2685 392 2766 Θουκυδίδης
411 2684 486 2767 περὶ
505 2687 566 2748 τοῦ
580 2685 783 2766 Περικλέους
804 2687 867 2767 ἐφη
882 2684 1028 2749 ἐπαινῶν
1041 2676 1101 2746 τόν
1122 2678 1186 2747 ἀν-

182 2784 262 2865 δρα,
277 2788 375 2846 τοῦτο
391 2782 446 2847 καὶ
460 2777 497 2848 τό
513 2787 574 2847 τοῦ
591 2778 753 2866 ὀρχηστοῦ
768 2777 953 2866 ἀκρότατον
967 2779 1131 2865 ἐγκώμιον
1142 2774 1186 2847 ἀν

181 2887 250 2964 εἴη,
269 2883 401 2964 γνῶναί
413 2902 449 2945 τε
467 2875 507 2945 τὰ
527 2882 646 2946 δέοντα
661 2879 716 2947 καὶ
732 2878 931 2964 ἑρμηνεῦσαι
947 2875 1033 2945 αὐτοί
1042 2904 1049 2919 ·
1083 2880 1186 2965 ἑρμη-

180 2981 275 3042 νείαν
287 2975 324 3042 δέ
343 2981 410 3042 νῦν
421 2971 485 3061 τῆν
499 2975 685 3063 σαφήνειαν
699 2982 766 3042 τῶν
781 2975 955 3062 σχημάτων
971 2976 1067 3061 λέγω.
1097 2980 1147 3044 37.
1163 2972 1184 3062 ῆ

180 3075 216 3140 δέ
237 3080 328 3140 πᾶσα
346 3080 394 3159 τῷ
415 3078 501 3163 έργφ
517 3080 657 3160 χορηγία
677 3069 697 3158 ῆ
718 3071 842 3142 παλαιὰ
861 3079 988 3159 ίστορία
1009 3076 1115 3159 ἐστίν,
1141 3072 1186 3154 ὡς

180 3184 357 3256 προεῖπον,
382 3168 470 3256 καὶῆ
485 3171 660 3257 πρόχειρος
675 3168 775 3255 αὐτῆς
790 3171 903 3257 μνήμη
918 3197 953 3238 τε
969 3174 1026 3241 καὶ
1039 3171 1110 3258 μετ’
1129 3171 1187 3241 εύ-

179 3275 335 3351 πρεπείας
346 3270 514 3347 ἐπίδειξις·
537 3264 602 3335 ἀπὸ
614 3266 679 3354 γάρ
691 3268 792 3353 χοίους
804 3265 909 3347 εὐθύς
920 3273 974 3338 καὶ
985 3277 1042 3357 τῆς
1052 3271 1186 3358 πριότης

178 3370 239 3430 τοῦ
254 3364 383 3449 κόσμου
394 3368 554 3450 γενέσεως
568 3364 756 3452 ἀρξάμενον
766 3366 827 3455 χρῆ
843 3366 948 3437 αύτὸν
959 3367 1089 3439 ἅπαντα
1100 3374 1185 3441 εἰδέ-
