2575 3842
365 194 590 254 ΛΟΥΚΙΟΣ
607 199 636 250 H
658 195 799 255 ΟΝΟΣ.
1023 194 1086 258 335

75 361 180 441 δίκην.
205 351 356 440 ἠγνόουν
370 351 405 420 δὲ
422 350 484 421 οὐκ
496 360 541 432 είς
553 355 630 421 δέον
642 353 774 430 δεδιώς·
797 351 895 441 ῆγάρ
906 352 994 441 γυνῆ
1005 363 1085 424 πολ·

74 464 143 531 λοῖς
155 467 223 530 τοῖς
234 449 407 537 φιλήμασι,
426 455 480 519 καὶ
490 452 621 532 τούτοις
632 454 811 538 ἐρωτικοῖς,
829 454 1086 539 προκαλουμένη

74 549 118 628 ὡς
134 547 222 617 εἶδεν
237 546 279 615 ού
294 551 488 635 κατέχοντα,
508 547 619 635 ὥσπερ
635 546 733 636 ἀνδρὶ
749 551 973 635 παρακειμένη
991 574 1087 635 περι-

72 647 231 735 βάλλεταί
244 672 285 733 με
301 648 358 716 καὶ
371 644 479 732 ἀρασα
494 656 573 716 είσω
587 644 670 714 ὅλον
682 649 893 729 παρεδέξατο.
915 643 1008 732 κάγοδ
1024 645 1086 731 μὲν

74 745 92 815 ὁ
105 744 212 826 δειλός
222 749 401 815 ἐδεδοίκειν
412 753 459 816 ἐτι
471 751 525 816 καί
537 745 642 816 ὀπίσω
654 746 785 835 ἀπῆγον
794 746 940 835 ἐμαυτὸν
949 745 1085 833 ἀτρέμα,

72 843 94 930 ῆ
110 849 145 912 δὲ
159 853 216 931 τῆς
229 870 265 912 τε
280 842 408 929 ὀσφύος
422 853 480 932 τῆς
495 848 573 932 ἐμῆς
590 856 711 932 είχετο,
730 843 814 913 ὥστε
829 843 873 934 μῆ
887 844 1085 932 ὑποχωρεῖν,

73 946 129 1010 καὶ
144 941 227 1028 αὐτῆ
240 945 349 1010 εἵπετο
361 941 397 1011 τό
415 953 553 1031 φεῦγον.
577 946 647 1012 ἐπεὶ
658 946 694 1012 δὲ
705 941 850 1030 ἀκριβῶς
866 949 1027 1031 ἐπείσθην
1039 950 1086 1013 ἔτι

73 1067 131 1129 μοι
148 1043 204 1108 καὶ
220 1047 379 1127 προσδεῖν
399 1039 484 1126 πρός
501 1040 563 1129 τῆν
582 1051 641 1129 τῆς
655 1040 816 1129 γυναικός
832 1040 961 1129 ῆδονῆν
975 1069 1010 1112 τε
1030 1044 1086 1113 καὶ

72 1142 206 1224 τέρψιν,
225 1138 329 1218 ἀδεῶς
345 1139 466 1208 λοιπὸν
480 1140 672 1228 ὑπηρέτουν
685 1141 907 1226 ἐννοούμενος
923 1139 967 1219 ὡς
983 1138 1085 1208 οὐδὲν

74 1247 147 1322 είην
161 1243 287 1305 κακίων
301 1244 361 1304 τοῦ
377 1244 433 1322 τῆς
447 1240 626 1327 Πασιφάης
640 1245 768 1324 μοιχοῦ.
791 1235 811 1324 ἡ
826 1240 862 1306 δέ
874 1237 959 1325 γυνῆ
978 1236 1084 1314 οὕτως

71 1329 117 1421 ῆν
134 1333 199 1419 ἀρα
217 1337 249 1413 ἐς
265 1332 304 1401 τοὶ
326 1332 505 1422 ἀφροδίσια
523 1337 634 1422 ἑτοίμη
655 1337 710 1404 καί
727 1343 783 1421 τῆς
798 1333 864 1403 ἀπὸ
881 1344 939 1423 τῆς
955 1357 1083 1405 συνου-

72 1442 146 1512 σίας
166 1432 289 1520 ἡδονῆς
309 1431 505 1520 ἀκόρεστος,
533 1433 616 1503 ὥστε
638 1433 721 1521 ὅλην
741 1433 802 1521 τῆν
821 1434 926 1502 νύκτα
948 1437 986 1502 ἐν
1009 1435 1082 1519 ἐμοὶ
1100 1457 1152 1512 620

76 1532 292 1616 ἐδαπάνησεν.
316 1537 365 1598 52.
383 1530 451 1618 ἀμα
464 1534 501 1601 δὲ
513 1540 553 1622 τῆ
566 1530 673 1622 ἡμέρα
687 1529 709 1618 ῆ
721 1533 783 1618 μὲν
797 1529 967 1600 ἀναστᾶσα
982 1528 1082 1620 ἀπῄει

73 1630 266 1714 συνθεμένη
285 1627 367 1714 πρδς
382 1627 443 1697 τδν
460 1631 637 1718 ἐπιστάτην
651 1630 711 1698 τόν
728 1628 811 1715 ἐμόν
828 1639 934 1699 οίσειν
948 1633 1001 1699 ἐπὶ
1013 1644 1083 1708 τοῖς

73 1725 186 1803 αὐτοῖς
200 1723 259 1794 τόν
274 1725 400 1812 μισθόν
414 1727 475 1795 τὸν
494 1727 599 1796 αὐτόν
613 1735 671 1813 τῆς
685 1729 814 1805 νυκτός.
844 1726 862 1794 ὁ
881 1731 917 1796 δὲ
932 1727 999 1813 ἅμα
1020 1729 1082 1814 μὲν
1109 1746 1112 1750 ⁴

73 1824 319 1908 πλουσιώτερος
339 1827 463 1892 ἐκτῶν
483 1827 573 1910 ἐμῶν
595 1826 776 1911 γενόμενος
797 1826 916 1915 καὶτῷ
939 1826 1083 1912 δεσπότη

73 1923 271 2006 καινότερον
294 1925 330 1990 ἐν
351 1925 423 2008 ἐμοὶ
445 1923 689 2008 ἐπιδειξόμενος
709 1928 959 2007 συγκατακλείει
980 1948 1021 2007 με
1043 1929 1083 2009 τῆ

7 2067 8 2070 =
71 2026 222 2108 γυναικί·
249 2019 322 2107 ῆδέ
343 2021 566 2107 κατεχρῆσατό
582 2046 639 2107 μοι
654 2025 780 2097 δεινῶς.
802 2026 860 2086 καί
878 2043 956 2085 ποτε
971 2016 1083 2086 ἐλθών

71 2117 90 2187 ὁ
106 2117 279 2203 ἐπιστάτης
291 2117 489 2204 ἀπαγγέλλει
500 2125 546 2208 τῷ
561 2117 705 2206 δεσπότη
718 2115 755 2184 τδ
770 2121 886 2204 ἔργον,
903 2114 947 2195 ὡς
961 2112 1005 2183 ἀν
1020 2115 1080 2183 αύ-

71 2216 127 2296 τός
148 2219 298 2303 διδάξας,
322 2221 377 2286 καὶ
398 2221 481 2303 ἐμοῦ
503 2216 548 2304 μῆ
574 2218 700 2295 είδότος
718 2214 791 2303 ἀγει
814 2213 918 2284 αὐτόν
943 2215 1083 2299 ἑσπέρας

70 2318 134 2404 ἤδη
153 2323 239 2386 ἔνθα
259 2317 504 2403 ἐκαθεύδομεν,
532 2318 587 2385 καὶ
606 2318 662 2383 διά
682 2341 773 2394 τινος
794 2313 876 2400 ὀπῆς
893 2321 951 2401 τῆς
970 2314 1083 2398 θύρας

71 2423 225 2486 δείκνυσί
230 2443 271 2503 με
280 2422 380 2485 ἔνδον
390 2424 430 2505 τῆ
438 2421 568 2501 μείρακι
579 2413 877 2498 συνευναζόμενον.
893 2410 958 2482 ὁδὲ
967 2410 1083 2500 ἡσθεὶς

71 2525 113 2604 τῆ
123 2520 187 2604 θέᾳ
202 2518 257 2584 καλ
271 2520 412 2604 δημοσίᾳ
423 2541 464 2602 με
473 2523 576 2583 ταῦτα
591 2521 754 2583 ποιοῦντα
766 2517 868 2594 δεῖξαι
880 2513 1081 2600 ἐπεθύμησε,

71 2617 127 2682 καὶ
141 2614 270 2682 κελεύει
284 2613 368 2700 πρὸς
382 2618 508 2701 μηδένα
523 2619 584 2695 ἔξω
598 2622 697 2681 τοῦτο
713 2608 933 2699 είπεῑν,Ἵνα,
950 2617 1032 2698 ἔφη,
1046 2614 1083 2680 ἐν

70 2719 111 2800 τῆ
125 2709 232 2800 ἡμέρα
249 2709 306 2798 τῆς
326 2716 408 2790 θέας
423 2714 669 2798 παραγάγωμεν
683 2719 804 2780 τοῦτον
819 2717 865 2791 είς
880 2709 917 2778 τδ
934 2713 1081 2796 θέατρον

71 2811 139 2878 σύν
154 2837 220 2878 τινι
236 2817 305 2878 τόν
318 2815 650 2896 καταδεδικασμένων
664 2817 851 2896 γυναικῶν,
865 2807 930 2878 κάν
945 2808 1081 2875 πάντων

9 2927 10 2940 ’
71 2909 262 2997 ὀφθαλμοῖς
285 2911 337 2977 ἐπὶ
358 2906 419 2995 τῆν
434 2924 578 2995 γυναῖκα
599 2907 810 2997 ἀναβήσεται.
844 2913 903 2976 καί
918 2933 993 2974 τινα
1010 2913 1081 2976 τῶν

70 3015 260 3098 γυναικῶν,
274 3006 347 3094 ἥτις
357 3011 567 3095 κατεκέκριτο
577 3015 711 3096 θηρίοις
721 3005 924 3090 ἀποθανεῖν,
940 3003 1078 3089 ἀγουσιν

71 3113 172 3178 ἔνδον
181 3105 261 3193 παρ’
272 3105 328 3194 ἐμὲ
337 3108 392 3176 καὶ
401 3110 576 3192 προσιέναι
584 3133 620 3176 τε
629 3110 784 3176 ἐκέλευον
793 3107 847 3173 καὶ
859 3103 979 3185 ψαύειν
988 3107 1080 3189 ἐμοῦ.

71 3213 122 3276 53.
140 3205 207 3276 εἶτα
223 3205 260 3274 τὸ
280 3215 472 3275 τελευταῖον
488 3214 545 3294 τῆς
561 3205 685 3293 ῆμέρας
703 3208 830 3290 ε’κείνης
845 3203 1021 3290 ἐνστάσης,
1044 3204 1081 3270 ἐν

70 3298 93 3396 ῆ
104 3303 162 3385 τὰς
173 3314 360 3394 φιλοτιμίας
372 3299 455 3393 ῆγεν
466 3303 484 3373 ὁ
497 3303 574 3392 ἐμός
585 3304 757 3390 δεσπότης,
770 3304 916 3389 εἰσάγειν
927 3301 1080 3389 ἐγνωσάν
1098 3310 1147 3367 621

71 3432 114 3493 με
129 3412 174 3486 είς
186 3405 224 3474 τδ
240 3409 397 3492 θέατρον.
425 3407 479 3475 καὶ
494 3404 618 3495 εἰσῄειν
634 3401 739 3472 οὕτω·
767 3407 864 3489 κλίνη
881 3395 925 3490 ῆν
941 3403 1080 3491 μεγάλη,
