2575 3842
319 178 850 239 AHOKHPYTTOMENOZ.
1049 175 1091 243 87
1118 138 1121 142 ¹

87 332 236 400 συνόντα.
258 335 487 421 προεωρώμην
499 336 536 403 δὲ
547 338 600 403 καὶ
611 336 767 404 τοιοῦτόν
777 363 807 403 τι
822 340 877 403 καὶ
888 336 1091 407 ὑπώπτευον

86 424 144 514 ἤδη
161 427 206 508 ὡς
222 428 264 498 οὐ
278 430 411 518 σφόδρα
426 433 672 517 καθεστηκότος
683 441 744 500 τοῦ
755 431 877 517 πατρὸς
893 432 1014 513 ἀδίκως
1030 435 1089 521 όρ-

85 532 227 609 γιζεσθαι
251 530 307 597 καὶ
331 528 518 614 ἐγκλήματα
540 534 648 615 ψευδῆ
670 526 751 597 καθ’
774 534 852 597 υίοῦ
874 535 1088 600 συντιθέναι·

85 627 134 690 καλ
150 619 239 711 ἦσάν
262 653 350 705 τινες
369 632 403 695 οί
423 635 543 713 μανίας
561 626 667 714 άρχην
683 632 786 694 ταῦτα
802 624 886 693 εἶναι
901 634 1089 711 νομίζοντες

84 723 133 787 καὶ
147 719 288 810 ἀπειλὴν
299 727 355 793 καὶ
366 723 614 812 ἀκροβολισμόν
625 722 687 792 οὐκ
704 730 749 802 είς
764 723 897 810 μακράν
908 728 1087 793 ἐπιπεσου-

83 823 180 901 μένου
201 830 263 890 τοῦ
286 831 393 890 κακοῦ
399 875 408 909 ,
435 838 530 910 μῖσος
550 822 674 908 άλογον
695 825 750 889 καὶ
769 822 877 908 νόμον
898 820 1010 908 ἀπηνῆ
1034 826 1088 892 καὶ

83 923 288 1003 βλασφημίας
305 927 500 1006 προχείρους
514 924 568 988 καί
581 918 795 1004 δικαστήριον
811 918 1017 1006 σκυθρωπόν
1032 922 1086 989 καλ
1106 939 1157 993 162

82 1014 161 1102 βοὴν
183 1020 240 1085 καὶ
260 1016 366 1106 ὀργὴν
386 1022 441 1087 καὶ
463 1019 549 1099 ὅλως
572 1026 670 1105 χολῆς
691 1016 793 1104 μεστά
817 1019 934 1086 πάντα.
972 1016 1023 1085 διδ
1046 1014 1086 1104 δὴ

80 1115 156 1200 τάχα
172 1142 230 1201 μοι
245 1119 301 1185 καὶ
311 1123 460 1207 ἰατρικῆς
473 1118 605 1204 δεήσειν
615 1116 695 1184 ποτὲ
707 1118 932 1201 προσεδόκων.
956 1122 986 1183 4.
999 1114 1085 1183 άπο-

82 1212 227 1297 δημήσας
242 1207 307 1281 οὖν
320 1217 376 1282 καὶ
392 1230 459 1294 τοῖς
472 1215 750 1300 εὐδοκιμωτάτοις
764 1221 832 1281 τῶν
846 1216 897 1283 ἐπὶ
913 1223 969 1299 τῆς
986 1213 1084 1283 άλλο-

80 1312 182 1395 δαπῆς
193 1316 318 1395 ίατρων
330 1314 575 1399 συγγενόμενος
586 1314 641 1380 καὶ
656 1311 750 1400 πόνφ
761 1319 873 1400 πολλῷ
885 1314 939 1379 καλ
953 1322 1086 1393 προθυ-

79 1412 133 1494 μίηι
144 1415 281 1494 λιπαρεῖ
285 1410 492 1495 χρησάμενος
501 1413 664 1496 ἐξέμαθον
675 1405 737 1495 τὴν
747 1412 873 1495 τέχνην.
888 1405 1086 1476 ε’πανελθοδν

79 1503 112 1571 δέ
120 1508 366 1592 καταλαμβάνω
375 1506 436 1575 τόν
445 1511 569 1590 πατέρα
579 1506 767 1593 σαφῶςῆδη
777 1506 945 1592 μεμηνότα
955 1508 1008 1571 καὶ
1019 1501 1085 1570 ὑπὸ

78 1608 141 1668 τῶν
149 1604 336 1688 ἐπιχωρίων
345 1609 468 1689 ίατρωλν
477 1601 808 1690 άπεγνωσμένονούκ
819 1605 851 1681 ἐς
861 1602 969 1688 βάθος
979 1599 1086 1685 ὁρεόν-

77 1724 141 1765 των
161 1697 239 1767 οὐδ’
262 1697 407 1786 ἀκριβῶς
425 1703 726 1788 φυλοκρινούντων
749 1698 806 1778 τάς
826 1700 957 1777 νόσους.
997 1695 1085 1783 πλὴν

78 1792 154 1883 ὅπερ
165 1821 207 1881 γε
219 1794 307 1874 είκὸς
317 1791 360 1882 ἦν
372 1813 480 1867 ποιεῖν
489 1798 633 1885 χρηστὸν
643 1800 737 1883 υίόν,
751 1796 828 1865 οὔτε
839 1795 1085 1883 ἐμνησικάκησα

78 1903 128 1980 τῆς
137 1894 376 1980 ἀποκηρύξεως
386 1895 463 1964 οὔτε
470 1898 700 1982 μετάπεμπτος
709 1898 866 1980 γενέσθαι
876 1898 1083 1980 περιέμεινα·

77 1990 151 2059 οὐδὲ
162 1989 231 2077 γάρ
244 1990 333 2077 εἶχόν
342 2021 373 2060 τι
385 1992 474 2082 αὐτῷ
486 1998 573 2061 ίδιον
584 1996 747 2078 ἐγκαλεῖν,
762 1988 845 2057 άλλδ
856 1990 964 2055 πάντα
975 1993 1085 2056 ἐκεῖνα

76 2082 115 2173 ἦν
135 2089 297 2176 άλλότρια
317 2084 357 2157 τά
378 2090 594 2177 ἁμαρτήματα
614 2092 670 2159 καὶ
692 2088 801 2173 ὥσπερ
818 2092 903 2172 ἔφην
920 2086 1001 2171 ἤδη,
1029 2093 1086 2170 τῆς

78 2188 189 2257 νόσου.
219 2189 400 2273 παρελθόν
415 2185 480 2258 οὖν
499 2189 641 2277 άκλητος
658 2187 721 2256 οὐκ
737 2184 843 2264 εὐθδς
858 2185 1019 2271 ἰασάμην·
1043 2182 1084 2250 οό

76 2285 135 2372 γάρ
154 2285 264 2366 οὕτως
283 2303 393 2357 ποιεῖν
412 2296 492 2368 ἔθος
512 2292 602 2358 ἐστὶν
624 2287 705 2375 ἡμῖν
727 2284 806 2354 οὐδὲ
826 2292 931 2354 ταῦτα
951 2282 972 2371 ἡ
989 2289 1084 2369 τέχνη

75 2399 240 2471 παραινεῖ,
248 2384 331 2454 άλλά
341 2387 480 2455 πάντων
490 2395 624 2473 πρῶτον
634 2395 732 2455 τοῦτο
742 2386 970 2471 διδασκόμεθα
981 2405 1085 2451 συνο-

75 2494 135 2565 ρᾶν
146 2494 213 2552 είτε
224 2484 358 2570 ίάσιμόν
374 2488 442 2553 ἐστι
452 2483 488 2552 τό
506 2487 635 2572 νόσημα
650 2496 714 2555 είτε
723 2484 907 2573 ἀνήκεστον
916 2487 970 2552 καὶ
981 2482 1085 2568 ὑπερ-

75 2578 217 2668 βεβηκδς
232 2580 312 2660 τούς
327 2582 428 2666 ὅρους
442 2592 501 2669 τῆς
515 2589 644 2673 τέχνης
674 2588 729 2655 καὶ
742 2592 941 2672 τηνικαῦτα,
962 2579 1007 2669 ἢν
1023 2582 1085 2667 μὲν

77 2680 361 2766 εὐμεταχείριστον
388 2677 429 2771 η’,
459 2687 689 2770 ἐπιχειροῦμεν
710 2686 765 2751 καὶ
793 2690 903 2749 πᾶσαν
932 2677 1086 2766 σπονδὴν

78 2779 302 2865 είσφερόμεθα
325 2788 430 2848 σῶσαι
455 2780 516 2849 τόν
540 2790 722 2849 νοσοῦντα·
760 2776 805 2866 ἢν
826 2780 862 2847 δὲ
882 2775 1086 2863 κεκρατηκὸς

76 2874 135 2962 ἤδη
154 2879 210 2945 καὶ
234 2878 410 2964 νενικηκός
432 2879 469 2947 τὸ
492 2880 603 2957 πάθος
623 2883 764 2963 ίδωμεν,
797 2877 875 2944 οὐδὲ
896 2874 958 2963 τὴν
979 2873 1085 2961 ἀρχὴν

75 2976 348 3064 προσαπτόμεθα,
359 2979 467 3064 νόμον
477 2976 553 3046 τινόι
564 2974 784 3044 παλαιόντων
794 2977 1016 3059 προπατόρων
1027 2980 1085 3059 τῆς

75 3076 190 3159 τέχνης
205 3080 330 3160 ίατρων
349 3076 588 3163 φυλάττοντες,
612 3079 647 3142 οἵ
660 3096 743 3159 φασι
757 3073 802 3159 μὴ
821 3078 892 3141 δεῖν
909 3076 1086 3158 ἐπιχειρεῖν

74 3186 142 3250 τοῖς
162 3176 426 3259 κεκρατημένοις.
459 3172 542 3242 ίδων
558 3167 622 3242 οὖν
640 3171 701 3241 τόν
715 3175 840 3259 πατέρα
858 3178 904 3240 ἔτι
921 3169 1013 3249 ἐντὸς
1027 3177 1085 3257 τῆς

76 3272 205 3349 ἐλπίδος
219 3272 274 3339 καὶ
287 3271 324 3339 τὸ
338 3272 448 3351 πάθος
459 3270 520 3357 οόχ
534 3270 619 3358 ὑπὲρ
631 3270 694 3359 τὴν
708 3276 843 3359 τέχνην,
859 3272 910 3339 ἐπὶ
926 3268 1013 3339 πολὺ
1025 3297 1084 3356 τη·

76 3367 176 3453 ρήσας
187 3372 242 3438 καὶ
253 3367 397 3458 ἀκριβῶς
406 3372 558 3451 ἐξετάσας
567 3373 687 3439 ἕκαστα
698 3373 891 3458 ἐπεχείρουν
901 3368 965 3459 ἤδη
977 3371 1032 3439 καὶ
1042 3367 1079 3438 τό
1103 3381 1153 3437 16³
