2575 3842
177 166 219 229 86
381 164 385 169 ’
522 168 822 227 ΛΟΥΚΙΑΝΟΥ

174 333 232 412 τῆς
247 324 349 413 ἀργῆς
370 333 498 413 μᾶλλον
518 328 729 394 ἐπιτείνεται·
759 330 814 394 καὶ
831 324 867 393 τό
885 325 1093 409 δεινότατον,
1116 341 1185 404 τοῖς

175 426 238 510 μὲν
249 422 360 502 ἀλλοις
374 423 477 492 άπασι
494 438 678 509 σωφρονεῖ,
694 421 768 491 κατ’
788 426 870 510 ἐμοῦ
886 426 922 491 δὲ
936 431 997 491 τοῦ
1012 424 1186 504 θεραπεύ-

175 543 295 601 σαντος
314 522 424 608 μόνου
440 528 601 608 μαίνεται.
629 519 691 589 τόν
706 524 768 607 μὲν
783 516 847 589 ούν
860 518 988 607 μισθόν
1001 527 1058 606 τῆς
1078 530 1184 606 θερα-

173 627 267 699 πείας
278 618 378 706 ὁρᾶτε
389 615 463 689 οἷον
474 617 712 705 ἀπολαμβάνω,
724 616 1036 705 ἀποκηρυττόμενος
1046 615 1105 685 ὑπ’
1119 614 1183 684 αύ-

172 724 233 785 τοῦ
244 719 346 785 πάλιν
356 719 411 785 καὶ
422 723 483 784 τοῦ
494 718 613 802 γένους
628 713 908 803 ἀλλοτριούμενος
919 716 1096 801 δεύτερον,
1115 712 1183 782 ῶσ-

173 840 234 900 περ
253 812 306 881 διά
322 812 414 882 τοῦτ’
431 811 638 898 ἀναληφθεὶς
661 811 747 899 πρός
766 810 898 898 ὀλίγον,
925 810 972 879 ἵν’
990 810 1184 898 ἀτιμότερος

171 914 319 998 γένωμαι
334 911 494 989 πολλάκις
508 914 657 979 ἐκπεσὼν
673 919 731 997 τῆς
746 918 860 989 οἰκίας.
887 916 916 978 2.
933 910 998 997 ἐγῶ
1016 912 1052 979 δέ
1068 913 1105 978 ἐν
1120 910 1183 996 μὲν

170 1023 240 1087 τοῖς
250 1013 406 1086 δυνατοῖς
417 1006 518 1075 οὐδὲν
529 1016 753 1097 κελευσθῆναι
765 1012 947 1096 περιμένω·
966 1008 1083 1100 πρῴην
1097 1014 1183 1095 γοῦν

171 1104 313 1191 ἄκλητος
331 1097 418 1192 ἧκον
444 1107 496 1172 ἐπὶ
516 1103 578 1191 τὴν
598 1106 773 1192 βοήθειαν.
807 1104 888 1173 ὅταν
910 1108 949 1173 δέ
967 1131 998 1172 τι
1024 1098 1046 1194 ᾖ
1065 1107 1183 1183 τελέως

172 1202 448 1290 ἀπεγνωσμένον,
467 1201 544 1270 οὐδ’
556 1206 733 1291 ἐπιχειρεῖν
743 1205 916 1291 βούλομαι.
938 1206 990 1272 ἐπὶ
1002 1207 1037 1272 δὲ
1051 1212 1108 1289 τῆς
1119 1230 1183 1290 γυ-

82 1381 85 1387 .
172 1298 288 1379 ναικὸς
308 1302 429 1387 ταύτης
449 1302 582 1380 εἰκότως
598 1304 653 1369 καὶ
671 1300 890 1387 ἀτολμότερός
904 1307 985 1388 είμι·
1014 1308 1183 1387 λογίζομαι

172 1398 236 1484 γάρ
252 1393 306 1465 οἷα
320 1396 463 1484 πάθοιμ’
480 1395 524 1465 ἀν
541 1396 608 1465 ὑπό
625 1406 687 1465 τοῦ
702 1396 825 1484 πατρὸς
840 1396 1031 1485 ἀποτυχείν,
1049 1398 1086 1478 δς
1102 1396 1181 1467 οὐδὲ

172 1494 357 1581 ἀρξάμενος
371 1503 428 1580 τῆς
443 1503 624 1580 θεραπείας
644 1493 923 1582 ἀποκηρύττομαι.
956 1498 1102 1584 ἀχθομαι
1117 1499 1181 1583 μὲν

172 1585 252 1676 ούν,
271 1586 431 1678 ῶάνδρες
442 1597 609 1678 δικασταί,
626 1596 678 1661 ἐπὶ
692 1604 732 1683 τῇ
743 1603 888 1685 μητρυιᾷ
901 1604 1050 1681 χαλεπῶς
1060 1597 1180 1683 ἐχούση

170 1730 213 1741 -
225 1686 348 1776 χρηστὴ
363 1688 428 1777 γάρ
442 1684 486 1777 ἦν
501 1736 543 1745 -
554 1694 609 1759 καλ
623 1695 676 1760 ἐπὶ
691 1699 737 1781 τῷ
753 1695 851 1778 πατρὶ
868 1692 914 1761 δι’
930 1697 1060 1780 ἐκείνην
1076 1693 1168 1761 ἀνιω

171 1790 277 1878 μένω,
291 1784 329 1854 τό
342 1790 379 1855 δὲ
393 1791 564 1875 μέγιστον,
583 1787 635 1856 ἐπ’
650 1793 780 1879 ἐμαυτῷ
792 1787 947 1859 ἀπειθεῖν
959 1796 1114 1860 δοκοῦντι
1125 1794 1181 1859 καὶ
1197 1807 1204 1819 “

104 1890 152 1955 1'61
172 1883 194 1953 ά
208 1884 452 1970 προστάττομαι
467 1884 651 1971 ὑπουργεῖν
663 1884 704 1954 ού
718 1891 894 1977 δυναμένῳ
909 1892 964 1957 καὶ
975 1886 1019 1956 δι’
1033 1885 1179 1974 ὑπερβο-

171 1980 235 2069 λην
244 1989 302 2069 τῆς
312 1984 418 2050 νόσον
429 1988 483 2052 καὶ
494 1983 676 2053 ἀσθένειαν
687 1994 743 2071 τῆς
753 1988 876 2072 τέχνης.
898 1984 1039 2072 πλὴνού
1050 1990 1179 2055 δίκαιον

171 2080 261 2167 οἶμαι
279 2079 569 2168 ἀποκηρύττεσθαι
584 2082 644 2150 τόν
656 2080 678 2150 ἀ
688 2082 733 2169 μη
745 2085 886 2152 δύναται
900 2098 1009 2151 ποιεῖν
1025 2084 1107 2170 μηδὲ
1117 2082 1179 2169 τὴν

170 2176 276 2266 ἀρχὴν
292 2176 571 2267 ὑπισχνούμενον.
595 2187 626 2249 3.
643 2179 683 2249 δι’
700 2180 739 2260 ἃς
754 2183 815 2268 μὲν
827 2177 892 2251 οὖν
906 2189 1010 2261 αίτίοις
1024 2185 1078 2251 καί
1093 2182 1179 2265 πρό-

169 2305 268 2361 τερον
282 2276 471 2366 ἀπεκήρυξέ
482 2306 539 2366 με,
555 2281 675 2369 ῥηίδιον
689 2288 840 2349 συνιδεῖν
856 2285 892 2351 ἐκ
908 2290 975 2351 τῶν
989 2282 1178 2368 παρόντων.

170 2373 234 2461 ἐγῶ
252 2377 356 2443 δὲκαὶ
371 2375 454 2460 πρὸς
466 2381 592 2456 ἐκείνας
605 2381 682 2465 μέν,
698 2376 743 2457 ῶς
757 2388 885 2466 οῖομαι,
901 2386 1023 2460 ἱκανῶς
1040 2386 1086 2471 τῷ
1097 2376 1178 2465 μετὰ

169 2481 272 2541 ταῦτα
293 2482 354 2563 βίω
370 2472 644 2563 ἀπελογησάμην,
670 2480 725 2545 καὶ
741 2480 835 2546 ταυτὶ
856 2479 892 2546 δὲ
914 2476 936 2546 δι’
957 2488 1022 2547 νῦν
1037 2481 1178 2563 ἐγκαλεῖ,

170 2573 214 2651 ῶς
230 2569 274 2638 ἀν
289 2567 360 2651 οἷός
374 2599 409 2640 τε
429 2566 472 2659 ῶ,
494 2571 705 2662 ἀπολύσομαι
721 2578 823 2665 μικροὶ
839 2578 919 2667 ὑμῖν
936 2579 1179 2667 διηγησάμενος

168 2678 236 2738 τῶν
248 2673 353 2756 ἐμῶν·
369 2668 463 2756 όγάρ
474 2674 670 2760 δυσάγωγος
681 2678 735 2743 καὶ
745 2676 931 2765 δυσπειθὴς
945 2677 1021 2763 ἐγῶ,
1033 2675 1050 2744 ὁ
1063 2703 1178 2744 καται-

168 2770 302 2854 σχύνων
318 2767 378 2837 τόν
396 2774 520 2853 πατέρα
530 2775 584 2841 καὶ
595 2770 714 2853 ἀνάξια
728 2776 883 2861 πράττων
899 2785 961 2843 τοῦ
973 2778 1094 2863 γένους
1103 2774 1177 2844 τότε

165 2872 228 2955 μὲν
243 2866 333 2959 αύτῷ
344 2867 384 2936 τά
397 2867 502 2937 πολλοὶ
515 2873 625 2939 ἐκεῖνα
635 2880 759 2959 βοῶντι
770 2878 824 2943 καὶ
836 2880 1072 2967 διατεινομένην
1082 2872 1178 2960 ὀλίγα

164 2975 285 3054 χρῆναι
300 2965 486 3055 ἀντιλέγειν
503 2967 629 3059 χάόμην.
652 2970 812 3041 ἀπελθόν
828 2977 864 3042 δὲ
875 2984 931 3063 τῆς
948 2982 1052 3053 οἰκίας
1063 2973 1178 3060 ἐνόμι-

165 3067 223 3146 ζόν
240 3092 297 3152 μοι
313 3068 527 3154 δικαστήριον
542 3076 678 3138 ἔσεσθαι
693 3075 776 3158 μέγα
792 3075 846 3140 καὶ
862 3080 977 3160 ψῆφον
992 3071 1103 3159 ἀληθῆ
1117 3068 1178 3138 τόν

165 3162 247 3249 μετά
262 3171 366 3233 ταῦτα
382 3172 459 3251 βίον
473 3169 528 3235 καὶ
542 3164 579 3234 τό
592 3174 775 3252 φαίνεσθαι
790 3172 949 3257 πάμπολυ
960 3179 1028 3239 τῶν
1038 3177 1099 3238 τοῦ
1111 3192 1179 3235 πα-

164 3260 243 3347 τρός
258 3264 473 3349 ἐγκλημάτων
487 3268 624 3332 ἐκείνων
639 3264 849 3354 ἀφεστηκότα
865 3271 920 3337 καί
937 3271 1013 3354 περὶ
1035 3265 1075 3336 τά
1093 3268 1179 3335 κάλ-

164 3370 259 3428 λιστα
274 3369 342 3429 τῶν
357 3365 628 3450 ἐπιτηδευμάτων
639 3366 868 3435 ἐσπουδακότα
885 3368 939 3435 καί
950 3381 1018 3445 τοῖς
1028 3364 1179 3448 ἀρίστοις
