2575 3842
173 187 234 251 166
530 192 829 251 ΛΟΤΚΙΑΝΟΥ

102 365 154 420 308
175 345 217 426 ως
238 359 272 416 εί
288 375 336 428 τις
358 353 394 418 ἐν
413 356 459 439 τῷ
476 347 566 438 αύτῷ
586 353 640 417 καὶ
660 349 861 436 Ἡρακλέους
881 349 918 418 τό
942 346 1104 434 καρτερόν
1124 352 1180 417 καὶ

168 443 363 532 Ἀφροδίτης
378 445 415 514 τό
431 444 539 535 άβρόν
554 448 712 514 δεικνύοι.

256 548 305 611 74.
327 542 448 613 Ἐθέλω
460 547 497 612 δέ
506 543 570 631 ῇδη
585 547 639 611 καὶ
650 542 822 625 ὑποδεῖξαί
833 565 887 613 σοι
900 554 947 635 τῷ
960 545 1049 635 λόγῳ
1060 542 1180 611 ὁποῖον

170 639 231 728 χρῇ
249 641 330 710 εἶναι
351 641 409 710 τὸν
426 642 563 729 άριστον
581 641 746 728 ὀρχηστὴν
762 649 799 710 ἐν
813 670 848 711 τε
865 651 954 733 ψυχῇ
971 646 1026 711 καὶ
1042 643 1178 727 σάματι.

171 747 277 808 καίτοι
291 750 348 826 τῇς
362 741 424 828 μέν
438 749 545 828 ψυχῆς
559 754 721 827 προεῖπον
735 739 774 807 τά
791 750 941 809 πλείστα·
970 738 1180 827 μνημονικόν

170 864 206 904 τε
225 837 290 923 γάρ
311 843 367 907 καὶ
388 837 499 925 εὐφυᾶ
518 842 572 907 καὶ
595 837 734 920 ξυνετόν
750 843 805 907 καὶ
829 837 910 918 ὀξύν
928 842 1101 924 ἐπινοῆσαι
1123 837 1181 903 καὶ

171 943 291 1020 καιροῦ
305 936 446 1022 μάλιστα
460 936 660 1022 ἐστοχάσθαι
680 939 764 1021 φημὶ
782 939 853 1003 δεῖν
868 933 988 1020 αύτόυ,
1009 941 1056 1002 ἔτι
1072 935 1108 1000 δὲ
1124 932 1180 999 καὶ
1283 1016 1286 1031 ⁴

171 1035 320 1117 κριτικόν
336 1060 371 1102 τε
386 1036 580 1123 ποιημάτων
592 1037 647 1101 καὶ
662 1030 818 1123 ᾀσμάτων
834 1036 888 1102 καὶ
899 1041 1011 1120 μελῶν
1024 1039 1091 1099 τῶν
1104 1028 1179 1115 άρί·

172 1153 260 1200 στων
271 1131 513 1218 διαγνωστικὸν
525 1136 655 1201 καὶτῶν
667 1139 777 1210 κακῶς
787 1134 1023 1218 πεποιημένων
1036 1133 1180 1214 ἐλεγκτι-

171 1231 243 1299 κόν.
267 1236 316 1300 75.
337 1230 373 1299 τό
392 1234 427 1300 δὲ
442 1239 536 1319 σῶμα
551 1230 633 1299 κατά
652 1231 713 1298 τόν
728 1237 958 1299 Πολυκλείτου
972 1231 1101 1296 κανόνα
1114 1226 1179 1313 ἤδη

172 1331 345 1408 ἐπιδείξειν
366 1355 421 1414 μοι
443 1333 548 1396 δοκῶ·
570 1329 653 1414 μῇτε
671 1331 736 1415 γάρ
758 1325 887 1414 ὑψηλός
908 1327 994 1411 άγοιν
1017 1331 1099 1394 ἔστω
1123 1327 1179 1391 καὶ

172 1431 256 1512 πέρα
270 1433 330 1493 τοῦ
345 1433 480 1512 μετρίου
495 1427 653 1512 ἐπιμήκης
669 1426 749 1513 μήτε
762 1423 918 1503 ταπεινὸς
936 1426 991 1492 καὶ
1005 1422 1179 1506 ναυνόδης

172 1522 234 1611 τὴν
249 1526 370 1609 φύσιν,
384 1521 458 1593 ἀλλ’
473 1528 630 1610 ἔμμετρος
644 1523 806 1612 ἀκριβῶς,
822 1523 898 1590 οὔτε
915 1522 1176 1606 πολύσαρκος-

171 1621 341 1689 άπίθανον
355 1620 420 1705 γάρ
434 1661 477 1673 -
488 1619 565 1688 ούτε
577 1620 694 1700 λεπτός
707 1627 739 1700 ἐς
755 1619 947 1708 ὑπερβολήν
961 1663 1003 1672 -
1018 1623 1178 1686 σκελετῶ-

171 1723 227 1796 δες
241 1719 405 1786 τοῦτοκαὶ
419 1719 576 1804 νεκρικόν
588 1760 638 1784 -.
661 1724 710 1789 76.
727 1723 833 1789 ἐθέλω
845 1726 930 1805 γοῦν
941 1736 994 1785 σοι
1003 1718 1057 1784 καὶ
1069 1714 1179 1802 δήμου

170 1813 261 1893 τινός
276 1813 317 1882 ού
329 1815 463 1900 φαύλου
474 1815 514 1884 τά
525 1825 662 1885 τοιαῦτα
677 1819 952 1903 ἐπισημαίνεσθαι
963 1812 1045 1901 βοάς
1057 1817 1177 1880 εἰπεῖν·

172 1917 205 1980 οί
218 1909 282 1999 γάρ
296 1910 469 1999 Ἀντιοχεῖς
486 1911 694 2000 εὐφυεστάτη
711 1916 805 1992 πόλις
815 1916 868 1982 καὶ
884 1913 1021 1999 ὀρχησιν
1035 1910 1178 1996 μάλιστα

171 2011 404 2098 πρεσβεύουσα
428 2010 533 2092 οὕτως
556 2015 704 2098 ἐπιτηρεῖ
725 2019 794 2080 τῶν
816 2014 1006 2098 λεγομένων
1031 2010 1085 2076 καὶ
1110 2013 1176 2074 τῶν

171 2111 382 2195 γιγνομένων
397 2111 534 2196 ἕκαστα,
553 2107 597 2188 ὡς
611 2112 737 2196 μηδένα
751 2109 855 2194 μηδὲν
865 2106 977 2175 αὐτῶν
991 2103 1176 2173 διαλανθά-

102 2226 153 2281 509
173 2235 255 2276 νειν.
295 2215 417 2293 μικροῦ
440 2209 502 2294 μὲν
524 2205 589 2292 γάρ
617 2205 781 2293 ὀρχηστοῦ
805 2205 1015 2283 εἰσελθόντος
1038 2207 1093 2271 καὶ
1117 2200 1177 2269 τόν

172 2304 313 2386 Ἕκτορα
329 2302 535 2391 ὀρχουμένου
556 2313 615 2394 μιᾷ
630 2314 727 2394 φωνῇ
747 2307 869 2383 πάντες
888 2302 1096 2390 άνεβόησαν,
1122 2296 1178 2368 Σύ

168 2400 365 2486 Ἀστυάναξ,
379 2400 504 2488 Ἕκτωρ
519 2405 555 2471 δὲ
570 2412 653 2486 πούς
672 2403 790 2473 άλλοτε
807 2407 846 2471 δέ
857 2428 937 2470 ποτε
951 2407 1113 2488 μηκίστου
1126 2424 1178 2465 τι-

172 2497 231 2578 νός
248 2497 332 2581 ὑπὲρ
344 2497 380 2565 τό
394 2503 528 2585 μέτριον
540 2498 711 2586 ὀρχεῖσθαι
726 2501 786 2569 τόν
797 2503 957 2570 Καπανέα
969 2503 1178 2585 ἐπιχειροῦν-

172 2623 227 2676 τος
243 2598 297 2664 καὶ
317 2598 540 2685 προσβάλλειν
554 2615 621 2680 τοῖς
638 2609 796 2688 Θηβαίων
812 2607 967 2685 τείχεσιν,
983 2595 1176 2682 ’Τπέρβηθα

173 2702 318 2783 ἔφησαν,
335 2694 371 2763 τό
386 2710 507 2781 τεῖχος,
524 2695 624 2766 ούδ-έν
640 2720 693 2767 σοι
708 2706 760 2768 δεῖ
771 2707 937 2785 κλίμακος.
969 2700 1025 2764 καὶ
1045 2697 1098 2762 ἐπὶ
1116 2699 1177 2759 τοῦ

172 2798 290 2882 παχέος
301 2801 336 2864 δὲ
347 2798 402 2864 καὶ
413 2803 571 2881 πιμελοῦς
581 2794 745 2884 ὀρχηστοῦ
754 2802 865 2885 πηδᾶν
873 2796 1000 2884 μεγάλα
1011 2794 1178 2879 πειρωμέ-

172 2922 251 2980 νον,
268 2895 443 2982 Δεόμεθα,
467 2901 612 2982 ἔφησαν,
634 2907 814 2985 πεφεῑσθαι
829 2903 886 2982 τῇς
899 2899 1056 2981 θυμέλης.
1087 2894 1125 2958 τὸ
1141 2893 1178 2958 δέ

171 2997 324 3063 ἐναντίον
338 3002 383 3085 τῷ
398 2995 489 3062 πάνυ
504 3003 611 3085 λεπτῷ
623 2995 823 3083 ἐπεβόησαν,
840 3000 958 3071 Καλῶς
972 2998 1039 3079 ἔχε,
1056 2987 1101 3068 ὡς
1116 3014 1179 3056 νο·

172 3102 297 3162 σοῦντι.
320 3094 450 3162 τούτων
465 3093 506 3162 ού
516 3102 577 3162 τοῦ
593 3102 726 3180 γελοίου
741 3097 837 3162 ἕνεκα
851 3091 1083 3178 ἐπεμνήσθην,
1098 3085 1174 3156 ἀλλ’

172 3190 216 3269 ὡς
232 3196 303 3279 ίδης
318 3192 368 3260 ότι
383 3197 437 3261 καὶ
453 3198 551 3280 δῆμοι
567 3192 639 3262 ὅλοι
651 3194 800 3279 μεγάλην
814 3189 965 3276 σπουδὴν
977 3189 1177 3275 ἐποιήσαντο

172 3291 223 3356 ἐπὶ
236 3297 274 3376 τῇ
286 3288 473 3380 ὀρχηστικῇ,
491 3289 535 3370 τός
546 3295 599 3360 καί
611 3295 785 3379 ῥυθμίζειν
795 3287 835 3357 τά
847 3286 931 3356 καλά
942 3290 995 3356 καὶ
1007 3285 1046 3354 τά
1058 3283 1177 3371 αἰσχρά

171 3385 273 3472 αύτῇς
285 3390 462 3456 δύνασθαι.
486 3395 536 3458 77.
554 3387 727 3476 εὐκίνητος
738 3390 774 3456 δὲ
785 3385 820 3454 τό
836 3385 916 3473 μετὰ
931 3395 1028 3454 τοῦτο
1043 3387 1178 3462 πάντως
