2575 3842
321 201 449 260 ΖΕΤΣ
466 201 862 261 ΕΛΕΓΧΟΜΕΝΟΣ.
1034 201 1097 264 343

85 385 131 446 με
154 359 352 445 πεισόμενον
374 358 393 426 ὅ
415 387 446 426 τι
467 356 510 444 μὴ
529 362 582 426 καὶ
605 367 646 445 τῇ
663 365 779 448 Μοίρᾳ
799 358 863 444 πρὸ
884 370 947 428 σοῦ
968 366 1097 442 ἔδοξεν·

88 458 160 524 ἐπεὶ
175 455 252 524 ούδὲ
267 454 390 534 αύτούς
405 460 553 534 ἐκείνους
568 455 636 541 ὁρῶ
652 455 732 535 τοὺς
745 459 942 541 ἱεροσύλους
959 467 1098 540 κολαζο-

86 555 211 642 μένους
223 554 387 642 άπαντας,
400 553 473 623 ἀλλ’
488 558 569 640 οἵγε
583 564 729 623 πλεῖστοι
742 553 985 640 διαφεύγουσιν
996 554 1096 642 ὑμᾶς·

88 651 132 721 οὑ
147 652 212 740 γάρ
228 657 378 740 εἵμαρτο,
398 653 501 738 οἶμαι,
519 651 645 720 ἁλῶναι
663 649 795 731 αὐτούς.

175 759 299 820 ΖΕΥΣ.
323 749 396 818 Οὐκ
407 757 532 834 ἐλεγον,
551 747 593 827 ὡς
605 747 661 832 ἄρ’
674 753 811 817 ἐκείνων
821 777 870 827 τις
884 747 915 817 εἶ
922 756 990 817 τῶν
1001 747 1098 816 άναι-

89 849 245 932 ρούντων
259 846 320 934 τὴν
334 849 498 933 πρόνοιαν
514 855 560 937 τῷ
576 848 681 937 λόγφ;

177 953 278 1014 KYN.
302 946 417 1030 Πάνυ,
434 939 461 1012 ύ
474 953 557 1029 Ζεῦ,
574 947 685 1022 δέδιας
699 943 838 1029 αὐτούς,
854 945 916 1014 ούκ
928 945 1002 1014 οίδα
1016 943 1097 1012 ὅτου

90 1048 204 1111 ἕνεκα·
225 1043 333 1112 πάντα
349 1051 434 1130 γοῦν
449 1041 556 1111 ὁπόσα
570 1038 614 1110 div
632 1053 729 1130 εἴπω,
746 1041 945 1124 ὑποπτεύεις
961 1049 1098 1113 ἐκείνων

89 1142 296 1227 παιδεύματα
309 1140 402 1212 εἶναι.
420 1147 468 1209 10.
483 1139 545 1227 ἐγω
560 1141 595 1208 δὲ
608 1181 646 1192 -
658 1140 748 1225 παρά
759 1149 850 1221 τίνος
862 1143 927 1229 γάρ
938 1140 982 1210 άν
993 1143 1097 1212 άλλου
1115 1154 1167 1209 634

90 1239 233 1325 τάληθὲς
247 1236 268 1326 ἦ
283 1238 371 1324 παρά
388 1248 451 1306 σοῦ
465 1239 622 1324 μάθοιμις
643 1281 678 1290 -
699 1238 803 1325 ἡδέως
818 1239 850 1308 δ’
867 1238 912 1308 άν
927 1246 980 1310 καὶ
1000 1250 1098 1310 τοῦτο

90 1341 229 1423 ἐροίμην
246 1357 299 1422 σε,
317 1345 365 1416 τίς
378 1335 399 1424 ἡ
414 1338 566 1421 Πρόνοια
581 1335 661 1423 ὑμῖν
678 1335 762 1424 αῦτη
778 1341 861 1423 ἐστί,
884 1342 998 1424 Μοίρά
1014 1367 1063 1418 τις
1077 1335 1099 1425 ἦ

89 1438 144 1503 καὶ
153 1433 238 1518 ὑπὲρ
249 1434 373 1520 ταύτην
384 1433 465 1514 θεὸς
478 1433 588 1521 ὥσπερ
599 1434 748 1521 άρχουσα
759 1439 814 1504 καὶ
825 1435 936 1505 αὑτῶν
947 1441 1099 1513 ἐκείνων;

175 1541 301 1601 zm.
309 1531 395 1617 Ἤδη
407 1554 460 1599 σοι
470 1537 524 1598 καὶ
536 1533 702 1617 πρότερον
712 1539 799 1619 ἐφην
810 1532 851 1601 ού
862 1533 1003 1620 θεμιτὸν
1014 1535 1098 1602 εἶναι

90 1630 200 1697 πάντα
215 1650 253 1696 σε
269 1634 400 1697 εἰδέναι.
430 1630 474 1697 σὺ
491 1631 526 1698 δὲ
547 1635 584 1698 ἐν
600 1659 630 1698 τι
648 1635 684 1698 ἐν
700 1630 784 1721 άρχῇ
799 1633 976 1720 ἐρωτήσειν
992 1634 1100 1721 φήσας

90 1725 133 1794 ού
147 1728 239 1814 παύη
253 1734 396 1794 τοσαῦτα
408 1729 492 1809 πρός
506 1755 546 1813 με
561 1730 880 1815 λεπτολογούμενος·
901 1735 956 1799 καὶ
967 1730 1036 1816 ὁρῶ
1048 1731 1098 1799 ὅτι

91 1851 145 1897 σοι
159 1825 196 1896 τό
212 1827 398 1913 κεφάλαιόν
410 1831 477 1896 ἐστι
489 1834 549 1895 τού
561 1827 681 1913 λόγου,
698 1832 853 1910 ἐπιδείξαι
864 1830 1003 1911 οῦδενὺς
1013 1830 1099 1918 ἡμᾶς

91 1933 321 2013 προνοοῦντας
335 1933 403 1993 νῦν
417 1923 656 2010 ἀνθρωπίνων.

177 2033 280 2095 KYN.
305 2023 378 2094 Ούκ
393 2022 474 2112 ἐμὺν
488 2033 603 2109 τοῦτο,
621 2021 705 2092 άλλά
717 2021 761 2090 σὺ
776 2049 896 2107 μικρον
907 2029 1099 2108 ἔμπροσθεν

92 2130 226 2211 ἔφησθα
240 2123 299 2202 τάς
309 2130 442 2206 Μοίρας
454 2121 537 2192 εἶναι
548 2119 606 2200 τάς
620 2119 752 2188 ἅπαντα
767 2120 988 2203 ἐπιτελούσας,
1006 2121 1098 2198 ἐκτὸς

92 2229 122 2290 εί
143 2219 187 2307 μὴ
210 2225 382 2308 μεταμέλει
402 2241 455 2289 σοι
477 2224 614 2290 ἐκείνων
635 2222 690 2287 καὶ
709 2227 920 2304 μετατίθεσαι
942 2211 1042 2295 αὖθις
1058 2215 1098 2284 τὰ

93 2322 248 2406 εἰρημένα
264 2322 318 2388 καλ
335 2317 570 2407 ἀμφισβητεῖτε
589 2327 646 2404 της
662 2321 846 2403 ἐπιμελείας
865 2317 1099 2402 παρωσάμενοι

91 2419 152 2503 τὴν
167 2422 391 2505 Εἱμαρμένην.

179 2522 227 2584 ll.
243 2525 368 2588 zm.
386 2515 561 2604 Οὐδαμῶς,
571 2514 647 2586 ἀλλ’
658 2513 681 2602 ἡ
692 2523 807 2600 Μοῖρα
819 2512 866 2582 δι’
876 2513 972 2600 ἡμων
982 2516 1100 2580 ἕκαστα

94 2616 241 2682 ἐπιτελεῖ.

178 2718 281 2779 ΚῬΝ.
304 2712 502 2779 Μανθάνω·
525 2708 686 2796 ὑπηρέται
700 2715 755 2778 καὶ
769 2711 923 2778 διάκονοί
933 2735 1020 2788 τινες
1034 2717 1102 2776 τῶν

94 2816 238 2893 Μοιρῶν
250 2807 337 2876 εἶναί
347 2835 440 2894 φατε.
461 2808 550 2895 πλὴν
560 2807 644 2878 ἀλλὰ
655 2812 710 2878 καλ
721 2808 828 2887 οὕτως
841 2812 963 2877 ἐκεῖναι
975 2805 1019 2875 άν
1034 2807 1100 2875 είεν

95 2911 130 2976 αί
144 2914 365 2994 προνοοῦσαι,
380 2905 473 2994 ὑμεῖς
491 2913 526 2976 δὲ
544 2907 656 2989 ύσκερ
669 2909 772 2993 σκεύη
789 2906 933 2975 τινὰκαὶ
949 2907 1100 2992 ἐργαλεῖά

94 3009 166 3076 ἐστε
181 3005 301 3073 αὑτων.

178 3112 303 3173 zm.
326 3113 404 3184 Πῶς
421 3109 541 3192 λέγειςς

178 3210 281 3272 ΚῬΝ.
297 3202 442 3290 Ὥσπερ,
457 3202 564 3290 οἶμαι,
583 3207 637 3272 καί
650 3205 688 3273 τὸ
705 3209 896 3289 σκέπαρνον
910 3211 956 3290 τῷ
973 3207 1102 3271 τέκτονι

95 3305 148 3370 καὶ
158 3300 194 3369 τὸ
207 3304 381 3386 τρύπανον
392 3304 618 3389 συνεργεϊμίν
634 3329 665 3372 τι
677 3301 761 3388 πρὸς
772 3301 834 3388 τὴν
843 3304 977 3388 τέχνην,
994 3299 1104 3380 οὐδεὶς

2 3477 6 3494 .
95 3399 125 3468 δ’
143 3395 187 3468 άν
200 3411 287 3470 είποι
302 3400 345 3481 ὡς
356 3409 458 3470 ταῦτα
473 3398 490 3469 ὁ
504 3407 650 3488 τεχνίτης
662 3405 762 3487 ἐστίν,
781 3397 859 3468 ούδέ
874 3400 894 3489 ἡ
908 3408 990 3479 ναῦς
1002 3405 1100 3487 ἔργον
1120 3413 1171 3467 635
