2575 3842
132 173 254 251 ἐοο
539 190 854 268 [Λοναικαοιη

192 347 314 427 αὐτους
336 352 481 438 ἐραστάς.
512 346 565 435 ἐφ’
584 343 632 424 οἷς
655 373 711 433 μοι
732 347 891 425 πολλάκις
911 345 1084 432 καγχάζειν
1100 358 1201 428 έπέρ-

191 473 289 532 χεται.
312 453 345 514 τί
352 446 416 533 γάρ
428 448 610 529 παθόντες,
630 437 784 529 ὦσεμνοὶ
796 443 996 528 φιλόσοφοι,
1012 442 1049 510 τό
1061 442 1124 528 μὲν
1133 441 1201 527 ἤδη

192 553 308 632 μακρῷ
329 545 439 634 χρόνῳ
462 541 606 620 δεδωκδς
623 545 744 610 ἑαυτοῦ
761 556 879 626 πείραν
899 539 1017 610 ὁποῖόν
1038 544 1146 626 ἐστιν,
1173 533 1202 630 ᾧ

193 639 291 707 πολιά
306 642 521 726 προσήκουσα
536 642 590 708 καλ
605 647 709 725 γῆρας
728 637 850 724 ἀρετὴν
865 654 1040 724 μαρτυρεῖ,
1065 636 1110 706 δι’
1127 635 1201 706 όλι-

193 744 315 824 γωρίας
330 739 577 822 παραπέμπετε,
597 743 661 815 πάς
677 737 713 804 δὲ
729 733 747 803 ὁ
764 734 870 821 σοφός
891 742 973 820 ἔρως
994 738 1046 803 ἐπὶ
1063 732 1100 802 τό
1119 737 1201 802 νέον

193 835 364 920 ἐπτόηται,
381 836 516 920 μηδέπω
531 840 599 899 τῶν
614 840 782 918 λογισμῶν
799 835 836 901 ἐν
854 831 961 922 αὐτῷ,
982 829 1066 915 πρός
1080 829 1103 897 ἀ
1117 857 1202 917 τρα-

192 931 370 1015 πησονται,
402 937 513 1016 κρίσιν
532 931 691 1014 έχόντων;
718 926 739 1015 ἢ
765 931 868 1016 νόμος
889 933 959 997 ἐστί
966 981 976 1014 ,
1002 935 1113 995 πᾶσαν
1136 929 1202 1013 μὲν

192 1024 362 1112 ἀμορφίαν
378 1034 539 1113 πονηρίας
560 1025 644 1094 εἶναι
659 1028 873 1112 κατάκριτον,
894 1023 982 1094 εὐθὺ
1002 1022 1035 1092 δ’
1051 1021 1096 1102 ὡς
1113 1021 1201 1110 ἀγα-

142 1170 148 1178 -
191 1121 259 1190 θόν
280 1128 488 1192 ἐπαινεῖσθαι
509 1121 569 1191 τόν
589 1125 710 1204 καλόνς
738 1123 821 1192 ἀλλά
839 1151 890 1192 τοι
910 1121 993 1191 κατά
1009 1121 1069 1190 τόν
1091 1123 1201 1207 μέγαν

193 1218 352 1306 ἀληθείας
369 1223 543 1308 προφήτην
552 1220 701 1308 Ὅμηρον

320 1317 405 1396 είδός
419 1346 467 1397 τις
481 1319 695 1400 ἀκιδνότερος
709 1321 799 1386 πέλει
814 1316 911 1405 ἀνήρ,

235 1413 318 1482 ἀλλά
331 1413 411 1492 θεὸς
425 1413 560 1500 μορφὴν
576 1419 667 1481 ἔπεσι
681 1417 809 1499 στέφει,
826 1420 859 1482 ολ
872 1415 910 1481 δέ
920 1412 950 1481 τ’
970 1416 1002 1490 ές
1018 1410 1123 1478 αὐτόν

235 1510 431 1595 τερπόμενοι
447 1511 665 1592 λεύσσουσιν,
683 1508 746 1576 ὁδ’
763 1510 936 1597 ἀσφαλέως
950 1508 1105 1596 ἀγορεύει

236 1610 324 1674 αίδοῑ
334 1614 491 1693 μειλιχίη,
506 1604 586 1691 μετὰ
606 1608 642 1673 δὲ
657 1612 773 1690 πρέπει
788 1607 1036 1695 ἀγρομένοισιν·

125 1717 175 1770 424
236 1701 415 1786 ἐρχόμενον
430 1701 461 1768 δ’
478 1701 542 1770 ἀνά
560 1702 643 1770 ἀστυ
657 1702 742 1772 θεὸν
759 1703 803 1784 ὡς
818 1707 1022 1791 εἰσορόωσιν,

192 1800 245 1866 καὶ
261 1798 362 1865 πόλιν
377 1796 448 1866 εἶπέ
460 1824 526 1865 που
541 1801 667 1884 λέγων·

323 1892 385 1960 οὐκ
399 1893 463 1980 ἀρα
481 1902 536 1962 σοί
547 1893 579 1981 γ’
595 1897 647 1962 ἐπὶ
663 1900 745 1962 εῖδει·
759 1899 814 1963 καλ
828 1901 948 1981 φρένες
961 1890 1057 1982 ἦσαν.

192 1991 304 2079 ἀμέλει
315 1997 376 2058 τοῦ
391 2001 497 2060 καλοῦ
505 1995 636 2076 Νιρέως
648 1990 666 2058 ό
682 1989 788 2078 σοφός
798 1991 977 2071 Ὀδυσσεὺς
990 1996 1092 2062 πλέον
1102 1995 1198 2060 ἐπαι-

192 2105 305 2159 νεῖται.
328 2094 377 2158 24.
396 2098 465 2168 πῶς
484 2084 549 2158 οὖν
566 2091 762 2176 φρονήσεως
779 2088 876 2178 μὲνῆ
899 2091 1112 2177 δικαιοσύνης
1128 2099 1198 2159 τῶν

192 2216 226 2257 τε
244 2195 371 2257 λοιπῶν
385 2185 529 2273 ἀρετῶν,
546 2193 583 2254 αλ
595 2194 730 2266 τελείοις
745 2186 886 2274 ἀνδράσι
901 2189 1091 2277 ου’γκληρον
1106 2191 1197 2276 είλή-

191 2308 265 2374 χασι
282 2288 394 2370 τάξιν,
410 2284 519 2364 οὐδεὶς
534 2291 615 2370 ἔρως
632 2287 791 2370 ἐντρέχει,
812 2285 849 2353 τό
863 2285 894 2354 δ’
910 2291 948 2354 ἐν
968 2290 1059 2356 παισὶ
1074 2288 1196 2366 κάλλος

192 2383 350 2464 ὀξυτάτας
370 2382 475 2468 ὁρμὰς
503 2392 625 2452 παίδων
646 2388 779 2468 ε’γείρεις
808 2383 899 2450 πάνυ
921 2392 1006 2470 γοῦν
1026 2387 1106 2470 ἐρᾶν
1127 2390 1195 2452 ἔδει

191 2485 341 2565 Φαίδρου
356 2479 410 2548 διά
426 2489 571 2565 Λυσίαν,
597 2475 622 2547 οἷ
637 2481 795 2566 Πλάτων,
814 2478 854 2548 ὃν
870 2482 1073 2569 προῦδωκεν.
1097 2479 1118 2568 ἢ
1132 2480 1196 2568 τὴν

191 2577 312 2663 ἀρετὴν
327 2587 438 2662 φιλεῖν
456 2575 669 2666 Ἀλκιβιάδου
684 2577 770 2656 είκὸς
789 2571 850 2664 ἦν,
874 2580 960 2648 διότι
973 2578 1195 2667 ἠκρωτηρίαζε

190 2674 229 2743 τά
244 2682 336 2743 θεῶν
351 2674 523 2762 ἀγάλματα
537 2679 591 2744 καὶ
605 2674 668 2763 τὴν
682 2679 718 2744 έν
729 2673 889 2745 Ἐλευσῖνι
905 2678 1040 2765 τελετὴν
1056 2685 1092 2748 αί
1104 2679 1194 2765 παρὰ

189 2775 295 2842 πότον
317 2777 528 2859 ἐξορχοῦνται
549 2782 675 2861 φωναίς
705 2782 753 2852 τίς
772 2775 910 2862 ἐραστὴς
931 2776 1088 2864 ὁμολογεῖ
1099 2782 1196 2864 γενέ-

189 2884 270 2941 σθαι
287 2877 539 2959 προδιδομένων
550 2872 704 2961 Ἀθηνῶν
715 2875 769 2941 καὶ
778 2883 955 2955 Δεκελείας
967 2881 1195 2964 έπιτειχιζομέ-

189 2998 249 3057 νης
264 2975 317 3039 καὶ
338 2978 415 3059 βίου
436 2977 618 3057 τυραννίδα
640 2973 838 3058 βλέποντος;
864 2973 937 3042 ἀλλ’
959 2974 1034 3060 ἀχρι
1058 2975 1119 3060 μὲν
1134 2971 1195 3041 οὐ-

190 3073 278 3137 δέπω
290 3068 371 3135 κατά
387 3067 447 3137 τόν
459 3068 552 3155 ίερόν
563 3070 729 3139 Πλάτωνα
740 3072 901 3157 πώγωνος
912 3076 1113 3159 ἐπίμπλατο,
1128 3079 1195 3138 πά-

119 3183 170 3236 425
190 3190 244 3233 σιν
261 3171 437 3250 ἐπέραστος
455 3161 513 3254 ἦν·
542 3168 686 3254 μεταβὰς
708 3166 740 3235 δ’
763 3169 828 3236 ἀπὸ
849 3177 910 3238 τοῦ
930 3168 1048 3247 παιδός
1070 3175 1115 3246 είς
1134 3166 1196 3235 τόν

189 3261 311 3350 ἀνδρα,
327 3262 406 3332 καθ’
424 3263 467 3350 ἣν
481 3265 640 3353 ἡλικίανὴ
656 3272 736 3344 τέως
747 3265 864 3354 ἀτελὴς
878 3267 1040 3353 φρόνησις
1054 3265 1195 3349 ὁλόκλη-

188 3385 250 3432 ρον
266 3359 327 3445 εἶχε
341 3360 402 3428 τὸν
416 3364 593 3449 λογισμόν,
609 3361 676 3432 ὑπό
689 3365 825 3434 πάντων
837 3368 986 3450 ἐμισεῖτο.
1008 3372 1041 3432 τί
1053 3363 1111 3450 δή;
1129 3363 1196 3430 πά-
