2575 3842
377 234 497 290 ΠΕΡΙ
517 235 786 292 ΟΡΧΗΣΕΩΣ.
1022 231 1083 296 157

71 418 129 458 ναι
145 389 220 476 ἀχρι
228 397 297 457 τῶν
308 387 390 457 κατά
405 388 468 476 τήν
479 393 699 478 Κλεοπάτραν
710 391 772 480 τήν
782 400 979 480 Αἰγυπτίαν.
1003 394 1083 462 τού-

70 515 118 577 τῳ
133 487 197 574 γάρ
212 495 258 578 τῷ
274 487 466 576 διαστήματι
487 499 702 578 περιωρίσθω
717 490 830 578 ήμῑνὴ
845 500 906 559 τοῦ
920 489 1082 577 ὀρχηστοῦ

71 584 288 672 πολυμάθεια
305 589 360 656 καὶ
381 585 420 654 τά
439 586 493 654 διά
516 592 619 675 μέσον
636 590 778 674 μάλιστα
798 598 894 673 ίστω,
922 587 1082 676 Οὐρανοῦ

70 685 196 769 τομήν,
209 681 403 770 Ἀφροδίτης
413 685 533 770 γονάς,
555 687 707 754 Τιτάνων
720 687 847 773 μάχην,
864 684 948 764 Διός
961 689 1083 771 γέννη-

71 799 147 865 σιν,
159 778 246 859 Ῥέας
259 778 408 867 ἀπάτην,
424 790 526 850 λίθου
536 780 725 869 ὑποβολήν,
743 785 880 870 Κρόνου
892 784 1007 869 δεσμά,
1022 780 1082 849 τόν

71 885 143 944 τῶν
164 886 266 966 τριῶν
290 876 446 965 ἀδελφῶν
469 887 604 966 κλήρου.
642 887 693 950 38.
720 879 787 948 εἶτα
815 883 887 966 ἑξῆς
906 880 1082 965 Γιγάντων

71 975 315 1063 ἐπανάστασιν,
331 975 438 1058 πυρός
452 977 597 1064 κλοπήν,
622 977 816 1061 ἀνθρῶπων
832 976 971 1062 πλάσιν,
989 985 1081 1061 Προ-
1098 997 1148 1052 291

72 1076 207 1158 μηθέως
229 1072 383 1158 κόλασιν,
398 1074 542 1159 Ἔρωτος
569 1073 666 1161 ίσχῦν
687 1073 894 1162 ἀμφοτέρου,
923 1076 978 1141 καὶ
1000 1070 1081 1159 μετά

71 1177 177 1238 ταῦτα
193 1171 311 1256 Δήλου
332 1172 464 1257 πλάνην
480 1174 534 1241 καὶ
548 1181 679 1258 Λητοῦς
702 1171 821 1250 ῶδίνας
841 1174 896 1240 καὶ
912 1171 1082 1246 Πύθωνος

72 1268 247 1354 ἀναίρεσιν
266 1273 321 1339 καὶ
345 1266 469 1339 Τιτυοῦ
489 1270 670 1358 ἐπιβουλήν
690 1274 744 1339 καί
765 1268 802 1337 τό
824 1271 926 1354 μέσον
941 1275 999 1354 τῆς
1020 1275 1081 1354 γῆς

73 1364 315 1451 εὑρισκόμενον
335 1370 451 1462 πτήσει
476 1376 543 1436 τῶν
559 1366 674 1436 ἀετῶν.
712 1373 762 1436 39.
783 1372 1005 1436 Δευκαλίωνα
1029 1365 1082 1432 ἐπὶ

71 1465 203 1541 τούτοις
218 1467 271 1532 καί
285 1463 347 1551 τήν
360 1466 510 1553 μεγάλην
524 1464 575 1533 ἐπ’
594 1469 725 1534 ἐκείνου
741 1472 802 1534 τοῦ
819 1471 896 1552 βίον
913 1470 1080 1548 ναυαγίαν

72 1562 129 1627 καὶ
143 1561 293 1645 λάρνακα
309 1570 389 1648 μίαν
404 1569 563 1644 λείψανον
577 1572 637 1631 τοῦ
649 1561 864 1646 ἀνθρωπείου
877 1567 997 1648 γένους
1012 1587 1060 1647 φυ

74 1657 261 1725 λάττουσαν
274 1662 329 1726 καὶ
343 1663 379 1727 έκ
396 1667 503 1728 λίθων
514 1659 719 1746 ἀνθρώπους
736 1659 853 1744 πάλιν,
872 1657 939 1726 εἶτα
950 1657 1079 1743 Ἰάκχου

73 1754 272 1842 σπαραγμόν
288 1756 453 1843 καὶἭρας
470 1758 572 1827 δόλον
586 1761 641 1826 καὶ
651 1762 800 1844 Σεμέλης
813 1757 1013 1843 κατάφλεξιν
1024 1758 1080 1822 καὶ

73 1851 248 1920 Διονύσου
259 1852 447 1941 ἀμφοτέρας
460 1853 519 1934 τάς
529 1852 631 1941 γονάς
642 1857 697 1922 καὶ
708 1854 769 1922 όσα
781 1859 854 1938 περὶ
867 1854 1010 1939 Ἀθηνᾶς
1024 1854 1079 1920 καὶ

2 1951 6 1960 “
73 1946 136 2015 όσα
148 1951 222 2030 περὶ
233 1946 414 2036 Ἡφαίστου
426 1955 480 2020 καὶ
493 1950 702 2038 Ἐριχθονίου
713 1952 768 2018 καὶ
777 1949 839 2034 τήν
850 1956 922 2033 ἔριν
932 1949 993 2034 τήν
1004 1952 1079 2034 περὶ

2 2089 3 2146 χ
72 2053 130 2130 τής
146 2043 290 2134 Ἀττικής
304 2052 357 2116 καὶ
375 2048 588 2136 Ἁλιρρόθιον
605 2051 661 2116 καὶ
676 2046 738 2134 τήν
759 2048 896 2133 πρῶτην
911 2050 948 2114 έν
966 2045 1078 2134 Ἀρείφ

2 2215 3 2222 χ
73 2143 168 2233 πάγῳ
182 2151 309 2232 κρίσιν,
330 2150 386 2214 καὶ
399 2145 484 2226 ὅλως
496 2144 558 2233 τήν
570 2143 718 2231 Ἀττικήν
733 2154 844 2212 πάσαν
858 2148 1080 2230 μυθολογίαν..

2 2235 3 2260 ³
72 2247 123 2309 40.
139 2245 309 2327 ἐξαιρέτως
322 2245 358 2313 δέ
373 2244 436 2331 τήν
452 2247 629 2332 Δήμητρος
643 2243 775 2330 πλάνην
791 2246 846 2311 καὶ
855 2243 967 2328 Κόρης
982 2237 1079 2323 εὕρε-

74 2360 128 2408 σιν
149 2344 203 2408 καὶ
226 2349 353 2410 Κελεοῦ
376 2347 487 2422 ξενίαν
511 2346 566 2411 καὶ
586 2346 813 2430 Τριπτολέμου
836 2346 1001 2427 γεωργίαν
1024 2339 1079 2406 καὶ

3 2437 4 2442 ’
69 2436 211 2520 Ἰκαρίον
225 2437 473 2526 ἀμπελουργίαν
484 2447 538 2511 καὶ
549 2440 611 2527 τήν
624 2441 798 2527 Ἠριγόνης
811 2438 1006 2525 συμφοράν,
1022 2440 1078 2505 καὶ
1096 2455 1146 2510 292

73 2536 136 2605 ὅσα
151 2539 226 2621 περὶ
236 2543 364 2623 Βορέου
379 2543 434 2608 καὶ
450 2539 512 2608 ὅσα
526 2544 600 2623 περὶ
611 2539 804 2628 Ὠρειθυίας
815 2542 868 2606 καὶ
880 2541 1014 2624 Θησέως
1024 2539 1078 2604 καὶ

73 2638 215 2720 Αἰγέως·
238 2642 285 2703 ἔτι
296 2638 332 2704 δὲ
343 2637 405 2724 τήν
416 2645 566 2726 Μηδείας
577 2636 747 2724 ὑποδοχήν
760 2641 815 2705 καὶ
830 2629 931 2714 αὖθις
947 2638 979 2714 ές
989 2639 1078 2717 Πέρ-

73 2755 133 2811 σας
149 2731 263 2820 φνγήν
282 2737 336 2802 καὶ
353 2735 411 2814 τάς
427 2734 605 2823 Ἐρεχθέως
620 2738 809 2821 θυγατέρας
831 2738 886 2802 καὶ
906 2732 964 2812 τάς
984 2743 1077 2800 Παν-

4 2883 5 2898 ,
74 2836 201 2916 δίονος,
217 2831 239 2898 ἀ
253 2859 287 2900 τε
302 2837 339 2901 έν
354 2836 469 2926 Θρᾴκη
481 2843 610 2905 ἔπαθον
620 2838 676 2902 καὶ
687 2838 847 2920 ἔπραξαν·
868 2831 938 2918 dtu
950 2829 968 2899 ὁ
980 2830 1077 2897 Ἀκά-

73 2957 135 3017 μας
149 2933 204 2999 καὶ
227 2929 247 3017 ἡ
262 2937 385 3011 Φυλλὶς
401 2938 455 3002 καί
475 2933 495 3020 ή
512 2936 656 3019 προτέρα
674 2932 710 3000 δέ
724 2941 781 3018 τῆς
797 2931 927 3017 Ἑλένης
942 2927 1074 3015 ἁρπαγή

73 3032 127 3098 καὶ
147 3027 168 3115 ἡ
190 3040 341 3115 στρατεία
361 3041 428 3100 τῶν
448 3033 672 3118 Διοσκούρων
692 3031 743 3097 ἐπὶ
764 3025 825 3115 τήν
845 3028 946 3096 πόλιν
966 3030 1021 3095 καὶ
1039 3025 1075 3095 τό

68 3127 265 3196 Ἱππολύτου
276 3130 387 3209 πάθος
398 3132 453 3198 καὶ
462 3130 688 3215 Ἡρακλειδῶν
697 3127 861 3205 κάθοδος·
872 3124 999 3194 Ἀττικά
1011 3124 1076 3213 γάρ

73 3230 126 3295 καὶ
136 3253 240 3294 ταυτα
255 3229 388 3307 εἰκότως
399 3225 443 3295 ἀν
453 3235 627 3316 νομίζοιτο.
650 3235 752 3294 ταῦτα
763 3229 825 3311 μὲν
836 3223 875 3292 τά
889 3223 1076 3310 Ἀθηναίων

72 3324 166 3412 όλίγα
181 3325 273 3394 πάνυ
283 3330 455 3413 δείγματος
470 3329 567 3395 ἕνεκα
583 3329 618 3395 έκ
630 3334 764 3394 πολλῶν
777 3333 846 3392 τῶν
856 3333 1077 3412 παραλελειμ-

71 3427 182 3510 μένων
192 3429 344 3510 διῆλθον.
360 3429 410 3493 41.
423 3425 494 3510 ἑξῆς
505 3426 541 3492 δὲ
551 3428 693 3514 Μέγαρα
702 3428 757 3494 καὶ
765 3432 869 3505 Νῖσος
878 3426 1076 3494 καὶΣκύλλα
