<?xml version="1.0" encoding="UTF-8"?>
<!DOCTYPE html PUBLIC "-//W3C//DTD XHTML 1.0 Transitional//EN"
    "http://www.w3.org/TR/xhtml1/DTD/xhtml1-transitional.dtd">
<html xmlns="http://www.w3.org/1999/xhtml" xml:lang="en" lang="en">
 <head>
  <title>
</title>
<meta http-equiv="Content-Type" content="text/html;charset=utf-8" />
  <meta name='ocr-system' content='tesseract 3.04.00' />
  <meta name='ocr-capabilities' content='ocr_page ocr_carea ocr_par ocr_line ocrx_word'/>
</head>
<body>
  <div class='ocr_page' id='page_1' title='image "./operaadoptimoru00jacogoog/operaadoptimoru00jacogoog_0242.png"; bbox 0 0 2575 3842; ppageno 0'>
   <div class='ocr_carea' id='block_1_1' title="bbox 189 198 865 262">
    <p class='ocr_par' dir='ltr' id='par_1_1' title="bbox 189 198 865 262">
     <span class='ocr_line' id='line_1_1' title="bbox 189 198 865 262; baseline -0.012 0"><span class='ocrx_word' id='word_1_1' title='bbox 189 201 249 262; x_wconf 75' lang='lat'><em>196</em></span> <span class='ocrx_word' id='word_1_2' title='bbox 561 198 865 256; x_wconf 81' lang='lat' dir='ltr'><em>AOYKIANOT</em></span> 
     </span>
    </p>
   </div>
   <div class='ocr_carea' id='block_1_2' title="bbox 121 353 1286 3483">
    <p class='ocr_par' dir='ltr' id='par_1_2' title="bbox 121 353 1286 3483">
     <span class='ocr_line' id='line_1_2' title="bbox 187 353 1201 446; baseline -0.006 -18"><span class='ocrx_word' id='word_1_3' title='bbox 187 367 268 428; x_wconf 83' lang='grc' dir='ltr'><em>πᾶσι</em></span> <span class='ocrx_word' id='word_1_4' title='bbox 280 359 340 445; x_wconf 74' lang='grc' dir='ltr'><em>μέν</em></span> <span class='ocrx_word' id='word_1_5' title='bbox 352 362 548 445; x_wconf 87' lang='grc' dir='ltr'><em>συνεγένετο</em></span> <span class='ocrx_word' id='word_1_6' title='bbox 559 357 691 434; x_wconf 82' lang='grc' dir='ltr'><strong><em>τούτοις</em></strong></span> <span class='ocrx_word' id='word_1_7' title='bbox 703 357 757 423; x_wconf 81' lang='grc' dir='ltr'><em>καὶ</em></span> <span class='ocrx_word' id='word_1_8' title='bbox 770 360 816 422; x_wconf 81' lang='grc' dir='ltr'><em>ἔτι</em></span> <span class='ocrx_word' id='word_1_9' title='bbox 828 357 1026 441; x_wconf 78' lang='grc' dir='ltr'><em>Τιμοκράτει</em></span> <span class='ocrx_word' id='word_1_10' title='bbox 1039 363 1084 446; x_wconf 77' lang='grc' dir='ltr'><em>τῷ</em></span> <span class='ocrx_word' id='word_1_11' title='bbox 1094 353 1201 441; x_wconf 89' lang='grc' dir='ltr'><em>Ἡρα-</em></span> 
     </span>
     <span class='ocr_line' id='line_1_3' title="bbox 188 454 1200 545; baseline -0.006 -19"><span class='ocrx_word' id='word_1_12' title='bbox 188 457 313 544; x_wconf 87' lang='grc' dir='ltr'><em>κλεώτη</em></span> <span class='ocrx_word' id='word_1_13' title='bbox 333 465 428 545; x_wconf 76' lang='grc' dir='ltr'><em>σοφώ</em></span> <span class='ocrx_word' id='word_1_14' title='bbox 443 455 539 540; x_wconf 83' lang='grc' dir='ltr'><em>ἀνδρὶ</em></span> <span class='ocrx_word' id='word_1_15' title='bbox 562 455 681 540; x_wconf 89' lang='grc' dir='ltr'><em>φωνήν</em></span> <span class='ocrx_word' id='word_1_16' title='bbox 695 479 733 520; x_wconf 89' lang='grc' dir='ltr'><em>-τε</em></span> <span class='ocrx_word' id='word_1_17' title='bbox 751 455 806 520; x_wconf 83' lang='grc' dir='ltr'><em>καὶ</em></span> <span class='ocrx_word' id='word_1_18' title='bbox 825 454 964 539; x_wconf 92' lang='grc' dir='ltr'><em>γνώμην</em></span> <span class='ocrx_word' id='word_1_19' title='bbox 980 455 1121 539; x_wconf 87' lang='grc' dir='ltr'><em>μάλιστα</em></span> <span class='ocrx_word' id='word_1_20' title='bbox 1141 479 1200 520; x_wconf 87' lang='grc' dir='ltr'><em>κε-</em></span> 
     </span>
     <span class='ocr_line' id='line_1_4' title="bbox 188 548 1199 644; baseline -0.007 -22"><span class='ocrx_word' id='word_1_21' title='bbox 188 557 400 644; x_wconf 79' lang='grc' dir='ltr'><em>κοσμημένῳ·</em></span> <span class='ocrx_word' id='word_1_22' title='bbox 424 551 496 620; x_wconf 90' lang='grc' dir='ltr'><em>ἀλλ’</em></span> <span class='ocrx_word' id='word_1_23' title='bbox 511 550 529 619; x_wconf 85' lang='grc' dir='ltr'><em>ὀ</em></span> <span class='ocrx_word' id='word_1_24' title='bbox 544 550 609 637; x_wconf 89' lang='grc' dir='ltr'><em>γάρ</em></span> <span class='ocrx_word' id='word_1_25' title='bbox 619 555 787 636; x_wconf 78' lang='grc' dir='ltr'><em>Δημῶναξ</em></span> <span class='ocrx_word' id='word_1_26' title='bbox 802 548 863 635; x_wconf 86' lang='grc' dir='ltr'><em>οὐχ</em></span> <span class='ocrx_word' id='word_1_27' title='bbox 877 548 943 618; x_wconf 86' lang='grc' dir='ltr'><em>ὑπό</em></span> <span class='ocrx_word' id='word_1_28' title='bbox 956 551 1085 643; x_wconf 82' lang='grc' dir='ltr'><em>τούτων</em></span> <span class='ocrx_word' id='word_1_29' title='bbox 1096 549 1199 634; x_wconf 89' lang='grc' dir='ltr'><em>τινός,</em></span> 
     </span>
     <span class='ocr_line' id='line_1_5' title="bbox 190 646 1201 738; baseline -0.006 -19"><span class='ocrx_word' id='word_1_30' title='bbox 190 649 233 730; x_wconf 89' lang='grc' dir='ltr'><em>ῶς</em></span> <span class='ocrx_word' id='word_1_31' title='bbox 247 659 348 738; x_wconf 88' lang='grc' dir='ltr'><em>ἐφην,</em></span> <span class='ocrx_word' id='word_1_32' title='bbox 365 657 608 736; x_wconf 87' lang='grc' dir='ltr'><em>παρακληθείς,</em></span> <span class='ocrx_word' id='word_1_33' title='bbox 626 646 699 715; x_wconf 89' lang='grc' dir='ltr'><em>ἀλλ’</em></span> <span class='ocrx_word' id='word_1_34' title='bbox 714 654 836 726; x_wconf 80' lang='grc' dir='ltr'><strong><em>οἰκείας</em></strong></span> <span class='ocrx_word' id='word_1_35' title='bbox 848 647 931 733; x_wconf 82' lang='grc' dir='ltr'><em>πρὸς</em></span> <span class='ocrx_word' id='word_1_36' title='bbox 944 648 983 715; x_wconf 90' lang='grc' dir='ltr'><em>τά</em></span> <span class='ocrx_word' id='word_1_37' title='bbox 995 646 1080 716; x_wconf 89' lang='grc' dir='ltr'><em>καλά</em></span> <span class='ocrx_word' id='word_1_38' title='bbox 1094 646 1201 733; x_wconf 80' lang='grc' dir='ltr'><em>ὁρμῆς</em></span> 
     </span>
     <span class='ocr_line' id='line_1_6' title="bbox 188 744 1200 835; baseline -0.006 -18"><span class='ocrx_word' id='word_1_39' title='bbox 188 753 243 818; x_wconf 87' lang='grc' dir='ltr'><em>καὶ</em></span> <span class='ocrx_word' id='word_1_40' title='bbox 266 749 418 835; x_wconf 83' lang='grc' dir='ltr'><em>ἐμφύτου</em></span> <span class='ocrx_word' id='word_1_41' title='bbox 444 746 528 833; x_wconf 83' lang='grc' dir='ltr'><em>πρὸς</em></span> <span class='ocrx_word' id='word_1_42' title='bbox 551 753 755 833; x_wconf 83' lang='grc' dir='ltr'><em>φιλοσοφίαν</em></span> <span class='ocrx_word' id='word_1_43' title='bbox 783 752 903 830; x_wconf 80' lang='grc' dir='ltr'><em>ἔρωτος</em></span> <span class='ocrx_word' id='word_1_44' title='bbox 927 750 962 813; x_wconf 85' lang='grc' dir='ltr'><em>ἐκ</em></span> <span class='ocrx_word' id='word_1_45' title='bbox 985 752 1115 814; x_wconf 91' lang='grc' dir='ltr'><em>παίδων</em></span> <span class='ocrx_word' id='word_1_46' title='bbox 1142 744 1200 812; x_wconf 88' lang='grc' dir='ltr'><em>εύ-</em></span> 
     </span>
     <span class='ocr_line' id='line_1_7' title="bbox 188 842 1286 932; baseline -0.007 -17"><span class='ocrx_word' id='word_1_47' title='bbox 188 847 256 926; x_wconf 88' lang='grc' dir='ltr'><em>θύς</em></span> <span class='ocrx_word' id='word_1_48' title='bbox 269 851 485 932; x_wconf 82' lang='grc' dir='ltr'><em>κεκινημένος</em></span> <span class='ocrx_word' id='word_1_49' title='bbox 501 843 655 928; x_wconf 76' lang='grc' dir='ltr'><em>ὑπερεῖδε</em></span> <span class='ocrx_word' id='word_1_50' title='bbox 669 844 729 929; x_wconf 73' lang='grc' dir='ltr'><em>μέν</em></span> <span class='ocrx_word' id='word_1_51' title='bbox 743 851 811 910; x_wconf 93' lang='grc' dir='ltr'><em>τῶν</em></span> <span class='ocrx_word' id='word_1_52' title='bbox 822 842 1044 929; x_wconf 83' lang='grc' dir='ltr'><em>ἀνθρωπείων</em></span> <span class='ocrx_word' id='word_1_53' title='bbox 1059 843 1200 929; x_wconf 88' lang='grc' dir='ltr'><em>ἀγαθῶν</em></span> <span class='ocrx_word' id='word_1_54' title='bbox 1285 858 1286 863; x_wconf 77' lang='grc'>’</span> 
     </span>
     <span class='ocr_line' id='line_1_8' title="bbox 189 939 1200 1030; baseline -0.007 -17"><span class='ocrx_word' id='word_1_55' title='bbox 189 942 364 1030; x_wconf 88' lang='grc' dir='ltr'><em>ἀπάντων,</em></span> <span class='ocrx_word' id='word_1_56' title='bbox 381 943 462 1012; x_wconf 85' lang='grc' dir='ltr'><em>ὅλον</em></span> <span class='ocrx_word' id='word_1_57' title='bbox 480 943 515 1010; x_wconf 77' lang='grc' dir='ltr'><em>δὲ</em></span> <span class='ocrx_word' id='word_1_58' title='bbox 533 940 705 1027; x_wconf 83' lang='grc' dir='ltr'><em>παραδούς</em></span> <span class='ocrx_word' id='word_1_59' title='bbox 719 939 839 1009; x_wconf 84' lang='grc' dir='ltr'><em>έαυτόν</em></span> <span class='ocrx_word' id='word_1_60' title='bbox 855 944 1030 1029; x_wconf 80' lang='grc' dir='ltr'><em>ἐλευθερίᾳ</em></span> <span class='ocrx_word' id='word_1_61' title='bbox 1044 944 1099 1009; x_wconf 82' lang='grc' dir='ltr'><em>καὶ</em></span> <span class='ocrx_word' id='word_1_62' title='bbox 1113 965 1200 1024; x_wconf 91' lang='grc' dir='ltr'><em>παρ-</em></span> 
     </span>
     <span class='ocr_line' id='line_1_9' title="bbox 188 1037 1200 1131; baseline -0.009 -20"><span class='ocrx_word' id='word_1_63' title='bbox 188 1049 288 1131; x_wconf 80' lang='grc' dir='ltr'><em>ρησίᾳ</em></span> <span class='ocrx_word' id='word_1_64' title='bbox 300 1047 481 1110; x_wconf 76' lang='grc' dir='ltr'><em>διετέλεσεν</em></span> <span class='ocrx_word' id='word_1_65' title='bbox 494 1039 593 1118; x_wconf 85' lang='grc' dir='ltr'><em>αύτός</em></span> <span class='ocrx_word' id='word_1_66' title='bbox 603 1065 637 1107; x_wconf 89' lang='grc' dir='ltr'><em>τε</em></span> <span class='ocrx_word' id='word_1_67' title='bbox 653 1038 747 1129; x_wconf 77' lang='grc' dir='ltr'><em>ὀρθῷ</em></span> <span class='ocrx_word' id='word_1_68' title='bbox 759 1041 813 1106; x_wconf 85' lang='grc' dir='ltr'><em>καλ</em></span> <span class='ocrx_word' id='word_1_69' title='bbox 824 1039 914 1125; x_wconf 84' lang='grc' dir='ltr'><em>ὑγιεί</em></span> <span class='ocrx_word' id='word_1_70' title='bbox 922 1041 977 1106; x_wconf 82' lang='grc' dir='ltr'><em>καλ</em></span> <span class='ocrx_word' id='word_1_71' title='bbox 988 1037 1200 1126; x_wconf 76' lang='grc' dir='ltr'><em>ἀνεπιλήπτῳ</em></span> 
     </span>
     <span class='ocr_line' id='line_1_10' title="bbox 190 1134 1200 1231; baseline -0.006 -23"><span class='ocrx_word' id='word_1_72' title='bbox 190 1147 251 1231; x_wconf 74' lang='grc' dir='ltr'><em>βίῳ</em></span> <span class='ocrx_word' id='word_1_73' title='bbox 267 1139 436 1226; x_wconf 91' lang='grc' dir='ltr'><em>χρώμενος</em></span> <span class='ocrx_word' id='word_1_74' title='bbox 456 1142 510 1206; x_wconf 83' lang='grc' dir='ltr'><em>καὶ</em></span> <span class='ocrx_word' id='word_1_75' title='bbox 530 1153 597 1216; x_wconf 83' lang='grc' dir='ltr'><em>τοϊς</em></span> <span class='ocrx_word' id='word_1_76' title='bbox 619 1136 720 1221; x_wconf 88' lang='grc' dir='ltr'><em>ὁρῶσι</em></span> <span class='ocrx_word' id='word_1_77' title='bbox 742 1139 795 1204; x_wconf 85' lang='grc' dir='ltr'><em>καὶ</em></span> <span class='ocrx_word' id='word_1_78' title='bbox 812 1134 974 1205; x_wconf 77' lang='grc' dir='ltr'><em>ἀκούουσι</em></span> <span class='ocrx_word' id='word_1_79' title='bbox 991 1137 1200 1225; x_wconf 91' lang='grc' dir='ltr'><em>παράδειγμα</em></span> 
     </span>
     <span class='ocr_line' id='line_1_11' title="bbox 190 1232 1200 1324; baseline -0.005 -20"><span class='ocrx_word' id='word_1_80' title='bbox 190 1239 343 1322; x_wconf 83' lang='grc' dir='ltr'><em>παρέχων</em></span> <span class='ocrx_word' id='word_1_81' title='bbox 359 1234 421 1322; x_wconf 88' lang='grc' dir='ltr'><em>τήν</em></span> <span class='ocrx_word' id='word_1_82' title='bbox 436 1240 557 1304; x_wconf 84' lang='grc' dir='ltr'><em>ἑαυτοῦ</em></span> <span class='ocrx_word' id='word_1_83' title='bbox 578 1236 717 1321; x_wconf 87' lang='grc' dir='ltr'><em>γνώμην</em></span> <span class='ocrx_word' id='word_1_84' title='bbox 731 1237 786 1302; x_wconf 85' lang='grc' dir='ltr'><em>καὶ</em></span> <span class='ocrx_word' id='word_1_85' title='bbox 803 1232 865 1320; x_wconf 88' lang='grc' dir='ltr'><em>τήν</em></span> <span class='ocrx_word' id='word_1_86' title='bbox 885 1237 922 1302; x_wconf 93' lang='grc' dir='ltr'><em>ἐν</em></span> <span class='ocrx_word' id='word_1_87' title='bbox 937 1243 984 1324; x_wconf 80' lang='grc' dir='ltr'><em>τῷ</em></span> <span class='ocrx_word' id='word_1_88' title='bbox 1001 1244 1200 1320; x_wconf 81' lang='grc' dir='ltr'><em>φιλοσοφεῖν</em></span> 
     </span>
     <span class='ocr_line' id='line_1_12' title="bbox 191 1330 1199 1422; baseline -0.006 -19"><span class='ocrx_word' id='word_1_89' title='bbox 191 1334 363 1422; x_wconf 86' lang='grc' dir='ltr'><em>ἀλήθειαν.</em></span> <span class='ocrx_word' id='word_1_90' title='bbox 398 1341 427 1403; x_wconf 86' lang='grc'><em>4.</em></span> <span class='ocrx_word' id='word_1_91' title='bbox 453 1334 494 1401; x_wconf 92' lang='grc' dir='ltr'><em>ού</em></span> <span class='ocrx_word' id='word_1_92' title='bbox 513 1332 579 1419; x_wconf 89' lang='grc' dir='ltr'><em>μήν</em></span> <span class='ocrx_word' id='word_1_93' title='bbox 601 1331 751 1411; x_wconf 84' lang='grc' dir='ltr'><em>ἀνίπτοις</em></span> <span class='ocrx_word' id='word_1_94' title='bbox 771 1359 808 1418; x_wconf 92' lang='grc' dir='ltr'><em>γε</em></span> <span class='ocrx_word' id='word_1_95' title='bbox 829 1340 923 1418; x_wconf 88' lang='grc' dir='ltr'><em>ποσί,</em></span> <span class='ocrx_word' id='word_1_96' title='bbox 951 1330 988 1399; x_wconf 87' lang='grc' dir='ltr'><em>τό</em></span> <span class='ocrx_word' id='word_1_97' title='bbox 1009 1332 1199 1416; x_wconf 85' lang='grc' dir='ltr'><em>τοῦλόγου,</em></span> 
     </span>
     <span class='ocr_line' id='line_1_13' title="bbox 190 1425 1200 1519; baseline -0.006 -19"><span class='ocrx_word' id='word_1_98' title='bbox 190 1433 274 1518; x_wconf 89' lang='grc' dir='ltr'><em>πρός</em></span> <span class='ocrx_word' id='word_1_99' title='bbox 289 1440 391 1500; x_wconf 81' lang='grc' dir='ltr'><em>ταῦτα</em></span> <span class='ocrx_word' id='word_1_100' title='bbox 406 1425 501 1519; x_wconf 79' lang='grc' dir='ltr'><em>ᾖξεν,</em></span> <span class='ocrx_word' id='word_1_101' title='bbox 525 1429 608 1498; x_wconf 89' lang='grc' dir='ltr'><em>ἀλλά</em></span> <span class='ocrx_word' id='word_1_102' title='bbox 626 1432 680 1496; x_wconf 82' lang='grc' dir='ltr'><em>καὶ</em></span> <span class='ocrx_word' id='word_1_103' title='bbox 702 1446 851 1517; x_wconf 78' lang='grc' dir='ltr'><em>ποιηταῖς</em></span> <span class='ocrx_word' id='word_1_104' title='bbox 866 1431 1056 1515; x_wconf 81' lang='grc' dir='ltr'><em>σύντροφος</em></span> <span class='ocrx_word' id='word_1_105' title='bbox 1070 1430 1200 1514; x_wconf 84' lang='grc' dir='ltr'><em>ἐγένετο</em></span> 
     </span>
     <span class='ocr_line' id='line_1_14' title="bbox 121 1524 1200 1615; baseline -0.009 -13"><span class='ocrx_word' id='word_1_106' title='bbox 121 1548 172 1605; x_wconf 80' lang='grc'><em>377</em></span> <span class='ocrx_word' id='word_1_107' title='bbox 191 1537 326 1601; x_wconf 78' lang='grc' dir='ltr'><em>καὶτῶν</em></span> <span class='ocrx_word' id='word_1_108' title='bbox 344 1539 505 1598; x_wconf 84' lang='grc' dir='ltr'><em>πλείστων</em></span> <span class='ocrx_word' id='word_1_109' title='bbox 520 1532 680 1615; x_wconf 85' lang='grc' dir='ltr'><em>ἐμέμνητο</em></span> <span class='ocrx_word' id='word_1_110' title='bbox 697 1531 751 1596; x_wconf 79' lang='grc' dir='ltr'><em>καί</em></span> <span class='ocrx_word' id='word_1_111' title='bbox 765 1534 876 1614; x_wconf 87' lang='grc' dir='ltr'><em>λέγειν</em></span> <span class='ocrx_word' id='word_1_112' title='bbox 889 1527 1012 1614; x_wconf 79' lang='grc' dir='ltr'><em>ἤσκητο</em></span> <span class='ocrx_word' id='word_1_113' title='bbox 1028 1528 1081 1594; x_wconf 81' lang='grc' dir='ltr'><em>καὶ</em></span> <span class='ocrx_word' id='word_1_114' title='bbox 1093 1524 1151 1603; x_wconf 87' lang='grc' dir='ltr'><em>τάς</em></span> <span class='ocrx_word' id='word_1_115' title='bbox 1163 1529 1200 1592; x_wconf 91' lang='grc' dir='ltr'><em>ἐν</em></span> 
     </span>
     <span class='ocr_line' id='line_1_15' title="bbox 192 1622 1200 1716; baseline -0.006 -21"><span class='ocrx_word' id='word_1_116' title='bbox 192 1634 374 1716; x_wconf 79' lang='grc' dir='ltr'><em>φιλοσοφίᾳ</em></span> <span class='ocrx_word' id='word_1_117' title='bbox 400 1629 607 1712; x_wconf 86' lang='grc' dir='ltr'><em>προαιρέσεις</em></span> <span class='ocrx_word' id='word_1_118' title='bbox 629 1625 692 1694; x_wconf 90' lang='grc' dir='ltr'><em>ούκ</em></span> <span class='ocrx_word' id='word_1_119' title='bbox 716 1625 766 1694; x_wconf 86' lang='grc' dir='ltr'><em>ἐπ’</em></span> <span class='ocrx_word' id='word_1_120' title='bbox 794 1626 908 1712; x_wconf 82' lang='grc' dir='ltr'><em>ὀλίγον</em></span> <span class='ocrx_word' id='word_1_121' title='bbox 934 1623 1012 1692; x_wconf 72' lang='grc' dir='ltr'><em>οὐδὲ</em></span> <span class='ocrx_word' id='word_1_122' title='bbox 1032 1622 1114 1691; x_wconf 91' lang='grc' dir='ltr'><em>κατά</em></span> <span class='ocrx_word' id='word_1_123' title='bbox 1139 1622 1200 1708; x_wconf 88' lang='grc' dir='ltr'><em>τήν</em></span> 
     </span>
     <span class='ocr_line' id='line_1_16' title="bbox 192 1723 1197 1814; baseline -0.007 -20"><span class='ocrx_word' id='word_1_124' title='bbox 192 1730 373 1810; x_wconf 89' lang='grc' dir='ltr'><em>παροιμίαν</em></span> <span class='ocrx_word' id='word_1_125' title='bbox 387 1723 479 1814; x_wconf 83' lang='grc' dir='ltr'><em>ἀκρφ</em></span> <span class='ocrx_word' id='word_1_126' title='bbox 491 1733 537 1814; x_wconf 77' lang='grc' dir='ltr'><em>τῶ</em></span> <span class='ocrx_word' id='word_1_127' title='bbox 552 1724 705 1812; x_wconf 81' lang='grc' dir='ltr'><em>δακτύλῳ</em></span> <span class='ocrx_word' id='word_1_128' title='bbox 720 1723 891 1810; x_wconf 79' lang='grc' dir='ltr'><em>ἁψάμενος</em></span> <span class='ocrx_word' id='word_1_129' title='bbox 905 1723 1079 1810; x_wconf 88' lang='grc' dir='ltr'><em>ήπίστατο,</em></span> <span class='ocrx_word' id='word_1_130' title='bbox 1095 1724 1149 1789; x_wconf 83' lang='grc' dir='ltr'><em>καὶ</em></span> <span class='ocrx_word' id='word_1_131' title='bbox 1163 1746 1197 1787; x_wconf 91' lang='grc' dir='ltr'><em>το</em></span> 
     </span>
     <span class='ocr_line' id='line_1_17' title="bbox 194 1822 1196 1910; baseline -0.006 -19"><span class='ocrx_word' id='word_1_132' title='bbox 194 1831 288 1908; x_wconf 89' lang='grc' dir='ltr'><em>σῶμα</em></span> <span class='ocrx_word' id='word_1_133' title='bbox 306 1822 341 1889; x_wconf 76' lang='grc' dir='ltr'><em>δὲ</em></span> <span class='ocrx_word' id='word_1_134' title='bbox 362 1823 586 1909; x_wconf 71' lang='grc' dir='ltr'><em>ἐγεγύμναστο</em></span> <span class='ocrx_word' id='word_1_135' title='bbox 604 1822 758 1907; x_wconf 85' lang='grc' dir='ltr'><em>καὶπρὸς</em></span> <span class='ocrx_word' id='word_1_136' title='bbox 776 1831 952 1910; x_wconf 90' lang='grc' dir='ltr'><em>καρτερίαν</em></span> <span class='ocrx_word' id='word_1_137' title='bbox 971 1823 1196 1906; x_wconf 74' lang='grc' dir='ltr'><em>διεπεπόνητο,</em></span> 
     </span>
     <span class='ocr_line' id='line_1_18' title="bbox 192 1916 1193 2011; baseline -0.005 -22"><span class='ocrx_word' id='word_1_138' title='bbox 192 1924 247 1989; x_wconf 81' lang='grc' dir='ltr'><em>καὶ</em></span> <span class='ocrx_word' id='word_1_139' title='bbox 261 1917 297 1986; x_wconf 90' lang='grc' dir='ltr'><em>τό</em></span> <span class='ocrx_word' id='word_1_140' title='bbox 314 1917 394 1988; x_wconf 86' lang='grc' dir='ltr'><em>ὅλον</em></span> <span class='ocrx_word' id='word_1_141' title='bbox 413 1923 602 2008; x_wconf 80' lang='grc' dir='ltr'><em>ἐμεμελήκει</em></span> <span class='ocrx_word' id='word_1_142' title='bbox 614 1919 705 2011; x_wconf 78' lang='grc' dir='ltr'><em>αύτῷ</em></span> <span class='ocrx_word' id='word_1_143' title='bbox 720 1920 862 2008; x_wconf 85' lang='grc' dir='ltr'><em>μηδενός</em></span> <span class='ocrx_word' id='word_1_144' title='bbox 872 1921 977 1990; x_wconf 89' lang='grc' dir='ltr'><em>ἀλλον</em></span> <span class='ocrx_word' id='word_1_145' title='bbox 989 1925 1136 2004; x_wconf 83' lang='grc' dir='ltr'><em>προσδεᾶ</em></span> <span class='ocrx_word' id='word_1_146' title='bbox 1154 1916 1193 1984; x_wconf 48' lang='grc' dir='ltr'><em>εἶν</em></span> 
     </span>
     <span class='ocr_line' id='line_1_19' title="bbox 191 2014 1200 2108; baseline -0.006 -21"><span class='ocrx_word' id='word_1_147' title='bbox 191 2042 266 2087; x_wconf 92' lang='grc' dir='ltr'><em>ναι·</em></span> <span class='ocrx_word' id='word_1_148' title='bbox 291 2015 374 2084; x_wconf 87' lang='grc' dir='ltr'><em>ῶστε</em></span> <span class='ocrx_word' id='word_1_149' title='bbox 390 2020 459 2087; x_wconf 80' lang='grc' dir='ltr'><em>ἐπεὶ</em></span> <span class='ocrx_word' id='word_1_150' title='bbox 473 2023 527 2086; x_wconf 81' lang='grc' dir='ltr'><em>καί</em></span> <span class='ocrx_word' id='word_1_151' title='bbox 543 2026 670 2105; x_wconf 83' lang='grc' dir='ltr'><em>ἔμαθεν</em></span> <span class='ocrx_word' id='word_1_152' title='bbox 687 2017 797 2086; x_wconf 89' lang='grc' dir='ltr'><em>ούκέτι</em></span> <span class='ocrx_word' id='word_1_153' title='bbox 815 2023 920 2108; x_wconf 81' lang='grc' dir='ltr'><em>ἕαυτῶ</em></span> <span class='ocrx_word' id='word_1_154' title='bbox 933 2024 1096 2103; x_wconf 82' lang='grc' dir='ltr'><em>διαρκῶν,</em></span> <span class='ocrx_word' id='word_1_155' title='bbox 1115 2014 1200 2083; x_wconf 86' lang='grc' dir='ltr'><em>έκῶν</em></span> 
     </span>
     <span class='ocr_line' id='line_1_20' title="bbox 192 2113 1202 2203; baseline -0.003 -20"><span class='ocrx_word' id='word_1_156' title='bbox 192 2116 322 2203; x_wconf 81' lang='grc' dir='ltr'><em>ἀπῆλθε</em></span> <span class='ocrx_word' id='word_1_157' title='bbox 338 2123 399 2183; x_wconf 85' lang='grc' dir='ltr'><em>τοῦ</em></span> <span class='ocrx_word' id='word_1_158' title='bbox 414 2122 491 2203; x_wconf 84' lang='grc' dir='ltr'><em>βίον</em></span> <span class='ocrx_word' id='word_1_159' title='bbox 508 2113 616 2184; x_wconf 88' lang='grc' dir='ltr'><em>πολύν</em></span> <span class='ocrx_word' id='word_1_160' title='bbox 634 2113 718 2202; x_wconf 76' lang='grc' dir='ltr'><em>ὑπὲρ</em></span> <span class='ocrx_word' id='word_1_161' title='bbox 734 2114 840 2184; x_wconf 81' lang='grc' dir='ltr'><em>αὑτοῦ</em></span> <span class='ocrx_word' id='word_1_162' title='bbox 855 2118 958 2203; x_wconf 92' lang='grc' dir='ltr'><em>λόγον</em></span> <span class='ocrx_word' id='word_1_163' title='bbox 974 2133 1041 2194; x_wconf 80' lang='grc' dir='ltr'><em>τοῖς</em></span> <span class='ocrx_word' id='word_1_164' title='bbox 1056 2114 1202 2200; x_wconf 90' lang='grc' dir='ltr'><em>ἀρίστοις</em></span> 
     </span>
     <span class='ocr_line' id='line_1_21' title="bbox 191 2210 1201 2302; baseline -0.007 -18"><span class='ocrx_word' id='word_1_165' title='bbox 191 2214 435 2302; x_wconf 84' lang='grc' dir='ltr'><em>τῶνἙλλήνων</em></span> <span class='ocrx_word' id='word_1_166' title='bbox 450 2215 648 2284; x_wconf 87' lang='grc' dir='ltr'><em>καταλιπών.</em></span> <span class='ocrx_word' id='word_1_167' title='bbox 673 2221 701 2282; x_wconf 86' lang='grc'><em>5.</em></span> <span class='ocrx_word' id='word_1_168' title='bbox 720 2222 919 2300; x_wconf 86' lang='grc' dir='ltr'><em>φιλοσοφίας</em></span> <span class='ocrx_word' id='word_1_169' title='bbox 936 2218 971 2282; x_wconf 79' lang='grc' dir='ltr'><em>δέ</em></span> <span class='ocrx_word' id='word_1_170' title='bbox 988 2213 1073 2291; x_wconf 80' lang='grc' dir='ltr'><em>εἶδος</em></span> <span class='ocrx_word' id='word_1_171' title='bbox 1088 2210 1148 2297; x_wconf 82' lang='grc' dir='ltr'><em>οὐχ</em></span> <span class='ocrx_word' id='word_1_172' title='bbox 1164 2215 1201 2278; x_wconf 76' lang='grc' dir='ltr'><em>ἐν</em></span> 
     </span>
     <span class='ocr_line' id='line_1_22' title="bbox 193 2309 1240 2399; baseline -0.007 -16"><span class='ocrx_word' id='word_1_173' title='bbox 193 2314 454 2399; x_wconf 88' lang='grc' dir='ltr'><em>ἀποτεμόμενος,</em></span> <span class='ocrx_word' id='word_1_174' title='bbox 472 2312 555 2382; x_wconf 90' lang='grc' dir='ltr'><em>ἀλλά</em></span> <span class='ocrx_word' id='word_1_175' title='bbox 573 2311 679 2381; x_wconf 90' lang='grc' dir='ltr'><em>πολλά</em></span> <span class='ocrx_word' id='word_1_176' title='bbox 697 2316 729 2390; x_wconf 90' lang='grc' dir='ltr'><em>ἐς</em></span> <span class='ocrx_word' id='word_1_177' title='bbox 743 2311 842 2380; x_wconf 87' lang='grc' dir='ltr'><em>ταύτό</em></span> <span class='ocrx_word' id='word_1_178' title='bbox 864 2316 1041 2398; x_wconf 83' lang='grc' dir='ltr'><em>καταμίξας</em></span> <span class='ocrx_word' id='word_1_179' title='bbox 1056 2309 1098 2378; x_wconf 88' lang='grc' dir='ltr'><em>ού</em></span> <span class='ocrx_word' id='word_1_180' title='bbox 1110 2310 1202 2377; x_wconf 92' lang='grc' dir='ltr'><em>πάνυ</em></span> <span class='ocrx_word' id='word_1_181' title='bbox 1236 2325 1240 2333; x_wconf 92' lang='grc'><strong>“</strong></span> 
     </span>
     <span class='ocr_line' id='line_1_23' title="bbox 192 2409 1202 2502; baseline -0.005 -23"><span class='ocrx_word' id='word_1_182' title='bbox 192 2441 223 2479; x_wconf 92' lang='grc' dir='ltr'><em>τι</em></span> <span class='ocrx_word' id='word_1_183' title='bbox 240 2414 391 2496; x_wconf 84' lang='grc' dir='ltr'><em>ἐξέφαινε</em></span> <span class='ocrx_word' id='word_1_184' title='bbox 412 2419 476 2478; x_wconf 89' lang='grc' dir='ltr'><em>τίνι</em></span> <span class='ocrx_word' id='word_1_185' title='bbox 494 2411 605 2478; x_wconf 84' lang='grc' dir='ltr'><em>αὐτῶν</em></span> <span class='ocrx_word' id='word_1_186' title='bbox 621 2419 766 2497; x_wconf 81' lang='grc' dir='ltr'><em>ἔχαιρεν·</em></span> <span class='ocrx_word' id='word_1_187' title='bbox 800 2412 894 2502; x_wconf 79' lang='grc' dir='ltr'><em>ἐφ’κει</em></span> <span class='ocrx_word' id='word_1_188' title='bbox 916 2410 952 2478; x_wconf 75' lang='grc' dir='ltr'><em>δὲ</em></span> <span class='ocrx_word' id='word_1_189' title='bbox 967 2419 1012 2501; x_wconf 80' lang='grc' dir='ltr'><em>τῶ</em></span> <span class='ocrx_word' id='word_1_190' title='bbox 1029 2409 1202 2494; x_wconf 89' lang='grc' dir='ltr'><em>Σωκράτει</em></span> 
     </span>
     <span class='ocr_line' id='line_1_24' title="bbox 193 2506 1202 2599; baseline -0.002 -23"><span class='ocrx_word' id='word_1_191' title='bbox 193 2516 320 2596; x_wconf 79' lang='grc' dir='ltr'><em>μᾶλλον</em></span> <span class='ocrx_word' id='word_1_192' title='bbox 339 2506 544 2598; x_wconf 75' lang='grc' dir='ltr'><em>ᾠκειῶσθαι,</em></span> <span class='ocrx_word' id='word_1_193' title='bbox 568 2515 597 2576; x_wconf 83' lang='grc' dir='ltr'><em>εἰ</em></span> <span class='ocrx_word' id='word_1_194' title='bbox 618 2513 673 2577; x_wconf 81' lang='grc' dir='ltr'><em>καὶ</em></span> <span class='ocrx_word' id='word_1_195' title='bbox 691 2517 736 2599; x_wconf 81' lang='grc' dir='ltr'><em>τῶ</em></span> <span class='ocrx_word' id='word_1_196' title='bbox 753 2510 892 2596; x_wconf 88' lang='grc' dir='ltr'><em>σχήματι</em></span> <span class='ocrx_word' id='word_1_197' title='bbox 912 2512 967 2577; x_wconf 77' lang='grc' dir='ltr'><em>καὶ</em></span> <span class='ocrx_word' id='word_1_198' title='bbox 988 2517 1026 2597; x_wconf 84' lang='grc' dir='ltr'><em>τή</em></span> <span class='ocrx_word' id='word_1_199' title='bbox 1047 2517 1108 2576; x_wconf 78' lang='grc' dir='ltr'><em>τοῦ</em></span> <span class='ocrx_word' id='word_1_200' title='bbox 1124 2515 1202 2595; x_wconf 84' lang='grc' dir='ltr'><em>βίου</em></span> 
     </span>
     <span class='ocr_line' id='line_1_25' title="bbox 194 2605 1202 2696; baseline -0.001 -23"><span class='ocrx_word' id='word_1_201' title='bbox 194 2606 347 2696; x_wconf 78' lang='grc' dir='ltr'><em>ῥᾳστώνη</em></span> <span class='ocrx_word' id='word_1_202' title='bbox 358 2605 419 2674; x_wconf 85' lang='grc' dir='ltr'><em>τόν</em></span> <span class='ocrx_word' id='word_1_203' title='bbox 430 2610 588 2675; x_wconf 90' lang='grc' dir='ltr'><em>Σινωπέα</em></span> <span class='ocrx_word' id='word_1_204' title='bbox 604 2614 725 2694; x_wconf 82' lang='grc' dir='ltr'><em>ζηλοῦν</em></span> <span class='ocrx_word' id='word_1_205' title='bbox 737 2612 866 2691; x_wconf 83' lang='grc' dir='ltr'><em>ἔδοξεν,</em></span> <span class='ocrx_word' id='word_1_206' title='bbox 883 2606 924 2675; x_wconf 88' lang='grc' dir='ltr'><em>ού</em></span> <span class='ocrx_word' id='word_1_207' title='bbox 940 2608 1202 2693; x_wconf 82' lang='grc' dir='ltr'><em>παραχαράττων</em></span> 
     </span>
     <span class='ocr_line' id='line_1_26' title="bbox 192 2702 1200 2794; baseline -0.016 -9"><span class='ocrx_word' id='word_1_208' title='bbox 192 2704 232 2773; x_wconf 71' lang='grc' dir='ltr'><em>τὰ</em></span> <span class='ocrx_word' id='word_1_209' title='bbox 251 2711 297 2783; x_wconf 68' lang='grc' dir='ltr'><em>δίς</em></span> <span class='ocrx_word' id='word_1_210' title='bbox 313 2702 374 2790; x_wconf 82' lang='grc' dir='ltr'><em>τήν</em></span> <span class='ocrx_word' id='word_1_211' title='bbox 392 2709 535 2792; x_wconf 88' lang='grc' dir='ltr'><em>δίαιταν,</em></span> <span class='ocrx_word' id='word_1_212' title='bbox 554 2705 597 2786; x_wconf 89' lang='grc' dir='ltr'><em>ῶς</em></span> <span class='ocrx_word' id='word_1_213' title='bbox 612 2708 817 2794; x_wconf 77' lang='grc' dir='ltr'><em>θαυμάζοιτο</em></span> <span class='ocrx_word' id='word_1_214' title='bbox 833 2710 887 2775; x_wconf 80' lang='grc' dir='ltr'><em>καὶ</em></span> <span class='ocrx_word' id='word_1_215' title='bbox 901 2705 1122 2792; x_wconf 86' lang='grc' dir='ltr'><em>ἀποβλέποιτο</em></span> <span class='ocrx_word' id='word_1_216' title='bbox 1134 2702 1200 2770; x_wconf 82' lang='grc' dir='ltr'><em>ὑπὸ</em></span> 
     </span>
     <span class='ocr_line' id='line_1_27' title="bbox 192 2800 1202 2893; baseline -0.004 -21"><span class='ocrx_word' id='word_1_217' title='bbox 192 2813 260 2872; x_wconf 88' lang='grc' dir='ltr'><em>τῶν</em></span> <span class='ocrx_word' id='word_1_218' title='bbox 275 2805 563 2891; x_wconf 86' lang='grc' dir='ltr'><em>ἐντυγχανόντων,</em></span> <span class='ocrx_word' id='word_1_219' title='bbox 580 2804 655 2873; x_wconf 86' lang='grc' dir='ltr'><em>ἀλλ’</em></span> <span class='ocrx_word' id='word_1_220' title='bbox 673 2805 860 2893; x_wconf 85' lang='grc' dir='ltr'><em>ὁμοδίαιτος</em></span> <span class='ocrx_word' id='word_1_221' title='bbox 875 2804 999 2872; x_wconf 85' lang='grc' dir='ltr'><em>ἀπασιν</em></span> <span class='ocrx_word' id='word_1_222' title='bbox 1014 2800 1062 2870; x_wconf 89' lang='grc' dir='ltr'><em>ῶν</em></span> <span class='ocrx_word' id='word_1_223' title='bbox 1077 2806 1130 2870; x_wconf 85' lang='grc' dir='ltr'><em>καὶ</em></span> <span class='ocrx_word' id='word_1_224' title='bbox 1142 2828 1202 2868; x_wconf 90' lang='grc' dir='ltr'><em>πε-</em></span> 
     </span>
     <span class='ocr_line' id='line_1_28' title="bbox 194 2902 1203 2995; baseline -0.003 -25"><span class='ocrx_word' id='word_1_225' title='bbox 194 2902 245 2985; x_wconf 79' lang='grc' dir='ltr'><em>ζός</em></span> <span class='ocrx_word' id='word_1_226' title='bbox 260 2907 314 2971; x_wconf 86' lang='grc' dir='ltr'><em>καὶ</em></span> <span class='ocrx_word' id='word_1_227' title='bbox 335 2902 412 2970; x_wconf 83' lang='grc' dir='ltr'><em>οὐδ’</em></span> <span class='ocrx_word' id='word_1_228' title='bbox 432 2903 484 2970; x_wconf 79' lang='grc' dir='ltr'><em>ἐπ’</em></span> <span class='ocrx_word' id='word_1_229' title='bbox 506 2904 620 2990; x_wconf 90' lang='grc' dir='ltr'><em>ὀλίγον</em></span> <span class='ocrx_word' id='word_1_230' title='bbox 641 2907 738 2995; x_wconf 84' lang='grc' dir='ltr'><em>τύφφ</em></span> <span class='ocrx_word' id='word_1_231' title='bbox 754 2903 891 2988; x_wconf 86' lang='grc' dir='ltr'><em>κάτοχος</em></span> <span class='ocrx_word' id='word_1_232' title='bbox 908 2910 1015 2989; x_wconf 81' lang='grc' dir='ltr'><em>συνῆν</em></span> <span class='ocrx_word' id='word_1_233' title='bbox 1031 2904 1085 2970; x_wconf 82' lang='grc' dir='ltr'><em>καί</em></span> <span class='ocrx_word' id='word_1_234' title='bbox 1105 2906 1203 2981; x_wconf 84' lang='grc' dir='ltr'><em>ξυνε-</em></span> 
     </span>
     <span class='ocr_line' id='line_1_29' title="bbox 124 2997 1202 3091; baseline -0.009 -15"><span class='ocrx_word' id='word_1_235' title='bbox 124 3021 176 3078; x_wconf 79' lang='grc'><em>378</em></span> <span class='ocrx_word' id='word_1_236' title='bbox 194 3004 401 3089; x_wconf 89' lang='grc' dir='ltr'><em>πολιτεύετο,</em></span> <span class='ocrx_word' id='word_1_237' title='bbox 434 3010 463 3071; x_wconf 94' lang='grc'><em>6.</em></span> <span class='ocrx_word' id='word_1_238' title='bbox 486 3001 548 3089; x_wconf 87' lang='grc' dir='ltr'><em>τήν</em></span> <span class='ocrx_word' id='word_1_239' title='bbox 571 3003 631 3088; x_wconf 68' lang='grc' dir='ltr'><em>μέν</em></span> <span class='ocrx_word' id='word_1_240' title='bbox 655 3012 715 3070; x_wconf 77' lang='grc' dir='ltr'><em>τοῦ</em></span> <span class='ocrx_word' id='word_1_241' title='bbox 735 3003 939 3091; x_wconf 80' lang='grc' dir='ltr'><em>Σωκράτους</em></span> <span class='ocrx_word' id='word_1_242' title='bbox 961 3009 1134 3086; x_wconf 75' lang='grc' dir='ltr'><em>εἰρωνείαν</em></span> <span class='ocrx_word' id='word_1_243' title='bbox 1160 2997 1202 3067; x_wconf 90' lang='grc' dir='ltr'><em>ού</em></span> 
     </span>
     <span class='ocr_line' id='line_1_30' title="bbox 192 3097 1203 3188; baseline -0.006 -18"><span class='ocrx_word' id='word_1_244' title='bbox 192 3105 425 3187; x_wconf 87' lang='grc' dir='ltr'><em>προσιέμενος,</em></span> <span class='ocrx_word' id='word_1_245' title='bbox 440 3103 573 3186; x_wconf 88' lang='grc' dir='ltr'><em>χάριτος</em></span> <span class='ocrx_word' id='word_1_246' title='bbox 588 3101 623 3168; x_wconf 76' lang='grc' dir='ltr'><em>δὲ</em></span> <span class='ocrx_word' id='word_1_247' title='bbox 638 3100 782 3187; x_wconf 83' lang='grc' dir='ltr'><em>Ἀττικῆς</em></span> <span class='ocrx_word' id='word_1_248' title='bbox 797 3099 917 3188; x_wconf 87' lang='grc' dir='ltr'><em>μεστάς</em></span> <span class='ocrx_word' id='word_1_249' title='bbox 931 3099 1130 3186; x_wconf 88' lang='grc' dir='ltr'><em>ἀποφαίνων</em></span> <span class='ocrx_word' id='word_1_250' title='bbox 1143 3097 1203 3176; x_wconf 88' lang='grc' dir='ltr'><em>τάς</em></span> 
     </span>
     <span class='ocr_line' id='line_1_31' title="bbox 194 3195 1203 3287; baseline -0.004 -20"><span class='ocrx_word' id='word_1_251' title='bbox 194 3206 383 3284; x_wconf 87' lang='grc' dir='ltr'><em>συνουσίας,</em></span> <span class='ocrx_word' id='word_1_252' title='bbox 401 3195 444 3276; x_wconf 89' lang='grc' dir='ltr'><em>ῶς</em></span> <span class='ocrx_word' id='word_1_253' title='bbox 456 3197 533 3277; x_wconf 85' lang='grc' dir='ltr'><em>τούς</em></span> <span class='ocrx_word' id='word_1_254' title='bbox 544 3201 852 3287; x_wconf 83' lang='grc' dir='ltr'><em>προσομιλήσαντας</em></span> <span class='ocrx_word' id='word_1_255' title='bbox 864 3197 996 3267; x_wconf 87' lang='grc' dir='ltr'><em>ἀπιέναι</em></span> <span class='ocrx_word' id='word_1_256' title='bbox 1008 3200 1089 3287; x_wconf 89' lang='grc' dir='ltr'><em>μήτε</em></span> <span class='ocrx_word' id='word_1_257' title='bbox 1100 3224 1203 3265; x_wconf 85' lang='grc' dir='ltr'><em>κατα-</em></span> 
     </span>
     <span class='ocr_line' id='line_1_32' title="bbox 194 3293 1204 3384; baseline 0 -20"><span class='ocrx_word' id='word_1_258' title='bbox 194 3297 427 3383; x_wconf 87' lang='grc' dir='ltr'><em>φρονήσαντας</em></span> <span class='ocrx_word' id='word_1_259' title='bbox 443 3295 486 3373; x_wconf 88' lang='grc' dir='ltr'><em>ῶς</em></span> <span class='ocrx_word' id='word_1_260' title='bbox 502 3293 665 3381; x_wconf 80' lang='grc' dir='ltr'><em>ἀγεννοῦς</em></span> <span class='ocrx_word' id='word_1_261' title='bbox 678 3299 759 3384; x_wconf 90' lang='grc' dir='ltr'><em>μήτε</em></span> <span class='ocrx_word' id='word_1_262' title='bbox 775 3296 811 3365; x_wconf 88' lang='grc' dir='ltr'><em>τό</em></span> <span class='ocrx_word' id='word_1_263' title='bbox 828 3297 1035 3380; x_wconf 86' lang='grc' dir='ltr'><em>σκυθρωπόν</em></span> <span class='ocrx_word' id='word_1_264' title='bbox 1051 3307 1118 3365; x_wconf 89' lang='grc' dir='ltr'><em>τῶν</em></span> <span class='ocrx_word' id='word_1_265' title='bbox 1129 3300 1204 3365; x_wconf 89' lang='grc' dir='ltr'><em>ἐπι-</em></span> 
     </span>
     <span class='ocr_line' id='line_1_33' title="bbox 193 3394 1204 3483; baseline 0.001 -21"><span class='ocrx_word' id='word_1_266' title='bbox 193 3397 357 3482; x_wconf 84' lang='grc' dir='ltr'><em>τιμήσεων</em></span> <span class='ocrx_word' id='word_1_267' title='bbox 371 3394 643 3481; x_wconf 88' lang='grc' dir='ltr'><em>ἀποφεύγοντας,</em></span> <span class='ocrx_word' id='word_1_268' title='bbox 666 3404 845 3474; x_wconf 85' lang='grc' dir='ltr'><em>παντοίους</em></span> <span class='ocrx_word' id='word_1_269' title='bbox 860 3396 896 3462; x_wconf 75' lang='grc' dir='ltr'><em>δλ</em></span> <span class='ocrx_word' id='word_1_270' title='bbox 912 3396 972 3463; x_wconf 85' lang='grc' dir='ltr'><em>ὑπ’</em></span> <span class='ocrx_word' id='word_1_271' title='bbox 989 3395 1204 3483; x_wconf 84' lang='grc' dir='ltr'><em>εὐφροσύνης</em></span> 
     </span>
    </p>
   </div>
   <div class='ocr_carea' id='block_1_3' title="bbox 0 0 1298 3842">
    <p class='ocr_par' dir='ltr' id='par_1_3' title="bbox 0 0 1298 3842">
     <span class='ocr_line' id='line_1_34' title="bbox 0 0 1298 3842; baseline 0 0"><span class='ocrx_word' id='word_1_272' title='bbox 0 0 1298 3842; x_wconf 95' lang='lat' dir='ltr'><em> </em></span> 
     </span>
    </p>
   </div>
  </div>
 </body>
</html>
