2575 3842
185 169 247 233 386
542 171 848 230 ΛΟΥΚΙΑΝΟΤ
1265 184 1267 271 χ

185 326 211 397 οδ
226 337 396 414 Μίκυλλε,
419 345 473 398 καὶ
487 336 595 413 Ιιιόνον
612 338 711 397 τοῦτο
732 331 764 407 ἐξ
779 327 925 405 ἅπαντος
941 329 1133 414 θαυμάζεις
1153 335 1213 396 καὶ

183 424 250 516 ήγῇ
264 425 422 513 εὔδαιμον
438 423 522 495 εἶναι
537 422 623 495 πολὸ
641 433 822 511 κεκτῆσθαι
836 432 992 511 χρυσίου;

269 533 368 594 ΜΙΚ.
394 525 467 594 Οὐκ
484 522 548 610 ἐγώ
565 525 687 610 μόνος,
706 518 954 610 ιάΠυθαγόρα,
976 530 1094 608 τοῦτο,
1114 522 1210 591 ἀλλὰ

184 626 239 691 καὶ
261 624 304 690 σύ
322 621 437 709 αὐτός,
459 621 559 691 ὁπότε
575 622 755 707 Εὔφορβος
776 615 883 707 ήσθα,
911 617 1037 708 χρυσόν
1059 624 1119 690 καὶ
1142 622 1210 705 ἀρ-

184 747 292 807 γυρον
312 731 380 789 τῶν
401 721 596 808 βοστρύχων
618 722 797 805 ἐξημμένος
818 717 886 806 ᾔεις
909 721 1109 806 πολεμήσων
1134 737 1210 798 τοῖς

181 817 336 905 Ἀχαιοῖς,
358 816 446 886 οὕτω
461 820 517 885 καὶ
533 821 569 884 ἐν
584 821 734 905 πολέμῳ,
756 822 842 883 ἐνθα
857 820 1095 901 σιδηροφορεῖν
1112 825 1209 902 μᾶλ-

184 910 280 1002 λουή
300 928 525 1000 χρυσοφορεῖν
548 911 687 1000 ἀμεινον
703 905 761 999 ήν·
795 912 838 978 σὺ
859 911 895 978 δὲ
915 915 969 980 καὶ
988 913 1062 980 τότε
1083 911 1208 998 ἠξίους

183 1019 296 1098 χρυσῷ
308 1011 548 1097 ἀναδεδεμένος
559 1009 638 1088 τούς
650 1011 843 1094 πλοκάμους
854 1013 1120 1095 διαγωνίζεσθαι.
1146 1017 1209 1077 καί

183 1136 240 1196 μοι
256 1114 350 1177 δοκεῖ
364 1106 536 1195 ὁὍμηρος
551 1106 606 1175 διά
623 1113 939 1196 τοῦτοιΧαρίτεσσιν
960 1106 1076 1193 ὁμοίας
1092 1114 1205 1175 εἰπεῖν
1269 1134 1270 1137 ’

184 1228 247 1274 σου
262 1207 320 1286 τάς
337 1207 459 1293 κόμας,
476 1205 527 1274 ὅτι
543 1214 678 1295 ,χρυσῷ
694 1232 729 1272 τε
744 1209 799 1273 καὶ
814 1204 951 1295 ἀργύρῳ
966 1206 1203 1291 ἐσφήκωντο.“
1270 1290 1271 1293 ¹

183 1311 299 1394 μακρῷ
310 1301 375 1389 γάρ
391 1301 547 1389 ἀμείνους
563 1301 688 1390 δηλαδή
702 1303 756 1370 καὶ
767 1303 1006 1389 ἐρασμιώτεραι
1017 1306 1202 1388 ἐφαίνοντο
1270 1306 1271 1311 ’

184 1404 538 1488 συναναπεπλεγμέναι
563 1409 610 1487 τῷ
635 1408 761 1491 χρυσίω
790 1405 844 1468 καλ
872 1402 1200 1486 συναπολάμπουσαι

115 1516 166 1569 722
184 1497 255 1588 μετ’
273 1496 386 1568 αὐτοῦ.
410 1506 516 1566 καίτοι
532 1497 571 1564 τά
586 1498 648 1584 μέν
666 1497 726 1582 σά,
749 1491 999 1584 άχρυσοκόμη,
1019 1502 1157 1584 μέτρια,
1173 1503 1200 1566 ελ

183 1597 329 1664 Πάνθου
345 1594 417 1673 υίὸς
433 1593 481 1662 τόν
496 1597 606 1680 ἐτίμας
622 1593 658 1662 τὸ
678 1602 835 1680 χρυσίον·
865 1595 882 1663 ὁ
905 1597 941 1664 δὲ
957 1593 1194 1683 πατήράπάν-

183 1720 251 1761 των
269 1692 404 1774 ἀνδρῶν
422 1693 476 1760 καὶ
494 1700 604 1779 θεῶν,
621 1691 790 1777 ὁΚρόνου
807 1698 862 1762 καὶ
871 1693 976 1781 Ῥέας,
996 1691 1097 1764 ὁπότε
1113 1692 1199 1778 ήρά-
1272 1694 1273 1751 ἶ

183 1803 251 1877 σθη
266 1797 325 1877 τῆς
344 1790 535 1878 Ἀργολικῆς
555 1795 683 1878 ἐκείνης
705 1798 877 1878 μείρακος,
899 1791 962 1860 οὐκ
982 1797 1065 1878 ἔχων
1082 1796 1115 1870 ἐς
1132 1791 1198 1860 ὅτι

184 1889 429 1975 ἐρασμιώτερον
446 1888 550 1958 αὸτὸν
565 1892 746 1977 μεταβάλοι
764 1890 843 1959 οὐδὲ
859 1889 949 1969 ὁπως
972 1887 1016 1959 ἀν
1036 1896 1196 1976 διαφθεί-

184 2012 251 2070 ρειε
273 1993 334 2053 τοῦ
356 1984 524 2072 Ἀκρισίου
548 1987 609 2074 τήν
632 1988 790 2074 φρουράν
811 2029 848 2040 -
868 1986 1002 2066 ἀαοόεις
1020 1990 1131 2074 δήπου
1154 1987 1199 2065 ως

183 2091 322 2170 χρυσίον
338 2088 467 2170 ἐγένετο
485 2089 539 2153 καὶ
554 2088 644 2173 ῥυεὶς
661 2084 716 2153 διά
732 2093 792 2152 τοῦ
804 2091 921 2173 τέγους
936 2093 1045 2172 σννήν
1058 2093 1099 2172 τῇ
1111 2085 1200 2169 ἀγα-

182 2187 327 2272 πωμένη.
358 2183 442 2252 άστε
461 2192 495 2254 τί
512 2183 555 2252 ἀν
570 2205 623 2253 σοι
639 2184 676 2253 τὸ
695 2187 746 2252 ἐπὶ
763 2186 870 2274 τούτῳ
887 2191 934 2253 ἐτι
948 2189 1092 2273 λέγοιμι,
1113 2184 1200 2262 ὁσας

183 2286 244 2368 μὲν
261 2289 370 2369 χρείας
385 2287 558 2370 παρέχεται
574 2282 591 2351 ὁ
608 2285 747 2370 χρυσός,
767 2282 813 2382 ως
829 2286 865 2353 δὲ
882 2283 931 2363 οἷς
946 2281 990 2352 ἀν
1005 2292 1111 2373 παρή,
1133 2311 1199 2351 κα-

183 2381 262 2459 λούς
276 2407 311 2448 τε
326 2378 451 2461 αὐτοὺς
464 2385 518 2450 καὶ
534 2381 663 2469 σοφοὸς
674 2388 727 2451 καλ
743 2382 900 2470 ίσχυροὸς
915 2382 1132 2470 ἀπεργάζεται
1145 2411 1198 2449 τι-

188 2476 249 2564 ιήν
270 2480 326 2546 καὶ
349 2481 450 2558 δόξαν
471 2484 674 2566 προσάπτων
694 2484 749 2550 καὶ
773 2485 806 2562 ἐξ
823 2480 965 2568 ἀφανῶν
989 2485 1042 2550 καὶ
1063 2481 1198 2562 ἀδόξων

182 2581 288 2645 ἐνίοτε
319 2583 557 2664 περιβλέπτους
584 2586 638 2650 καὶ
664 2580 836 2666 ἀοιδίμους
858 2585 894 2649 ἐν
920 2589 1039 2669 βραχεῖ
1065 2588 1197 2667 τίθησις

183 2683 231 2745 14.
249 2673 310 2743 τὸν
327 2684 459 2762 γείτονα
479 2687 565 2763 γοῦν
586 2707 642 2766 μοι
663 2680 724 2748 τόν
742 2679 924 2767 ὁμότεχνον
938 2680 1039 2749 οἶσθα
1054 2678 1114 2747 τὸυ
1131 2688 1197 2747 Σί-

112 2805 164 2860 χςς
184 2803 295 2863 μωνα,
320 2775 361 2844 ον’
382 2776 445 2862 πρὸ
469 2769 596 2847 πολλοῦ
614 2780 839 2866 δειπνήσαντα
860 2778 941 2863 παρ’
965 2784 1052 2865 ἐμοί,
1078 2776 1134 2845 ὅτε
1158 2781 1196 2845 τὸ

183 2884 275 2954 ἔτνος
290 2873 403 2962 ἥψησα
419 2891 487 2954 τοῖς
497 2885 656 2964 Κρονίοις
671 2879 734 2945 δύο
751 2879 873 2964 τεμάχη
888 2889 950 2946 τοῦ
963 2878 1125 2957 ἀλλᾶντος
1135 2882 1196 2965 ἐμ-

181 2973 305 3061 βαλοόν.

267 3079 398 3141 ΑΛΕΚ.
415 3071 499 3146 Οἶδα
511 3075 571 3141 τὸν
581 3072 682 3159 σιμόν
692 3072 751 3142 τὸν
762 3076 902 3162 βραχύν,
912 3074 948 3155 ὃς
957 3075 995 3144 τό
1007 3084 1196 3161 κεραμεοῦν

182 3171 343 3256 τρύβλιον
365 3168 572 3257 ὑφελόμενος
595 3171 697 3264 ςόχετο
722 3171 787 3242 ὁπὸ
816 3177 927 3260 μάλην
948 3180 1031 3259 ἔχων
1050 3172 1132 3259 μετά
1156 3172 1194 3241 τὸ

182 3271 339 3353 δεῖπνον,
367 3264 385 3333 ὁ
405 3267 510 3352 μόνον
532 3269 612 3356 ήμῑν
632 3269 795 3357 ὑπῆρχεν·
828 3269 918 3339 εἶδον
937 3270 1002 3356 γὰρ
1023 3268 1139 3352 αὐτός,
1168 3265 1195 3338 ὦ

183 3368 344 3430 Μίκυλλε.
