2575 3842
286 206 506 264 ΟΝΕΙΡΟΣ
524 209 550 259 Η
569 203 886 263 ΑΛΕΚΤΡΤΩΝ.
1030 203 1089 266 381

14 377 20 442 '2
71 391 160 433 ποτε
177 362 195 432 ὁ
212 371 329 450 φανείς
344 387 396 430 σοι
411 356 453 449 ήν
469 369 528 430 καί
541 388 616 428 τινα
630 360 815 445 ἰνδάλματα
829 363 951 447 μάταια
967 368 1090 450 διαφυ

72 463 224 549 λάττεις,
243 459 346 547 κενήν
359 463 415 528 καὶ
432 457 475 538 ῶς
491 457 508 526 ὁ
530 458 700 545 ποιητικός
716 458 815 544 λόγος
829 457 1001 546 ἀμενηνήν
1016 488 1091 529 τινα

14 601 18 638 5
73 557 298 646 εὐδαιμονίαν
313 566 353 647 τῇ
368 559 482 644 μνήμη
497 557 730 643 μεταδιωκων;

164 665 195 726 6.
212 665 311 726 ΜΙΚ.
333 654 420 724 Ἀλλ’
439 654 517 722 οὐδὲ
532 656 729 741 ἐπιλήσομαί
736 679 832 741 ποτε,
849 649 1090 743 ῶάλεκτρυῶν,

13 801 16 838 f
73 749 116 821 εὖ
136 765 210 823 ίσθι
228 764 285 841 τῆς
306 754 414 837 όφεως
435 757 577 839 ἐκείνης·
607 752 695 820 οὕτω
715 779 771 837 μοι
792 750 880 820 πολὺ
897 751 933 820 τὸ
959 757 1033 840 μέλι
1054 757 1091 821 ἐν

13 897 14 926 ,
72 867 145 930 τοῖς
167 851 356 940 ὀφθαλμοῖς
376 851 395 920 ὁ
421 851 550 938 όνειρος
571 848 762 919 καταλιπῶν
785 850 901 941 ᾤχετο,
929 849 972 931 ῶς
995 852 1091 938 μόγις

12 997 13 1018 ;
73 949 229 1036 άνοίγειν
245 949 285 1018 τά
307 953 459 1038 βλέφαρα
475 947 534 1016 ὑπ’
558 947 663 1017 αὐτοῦ
681 954 714 1028 ἐς
734 947 844 1016 ὕπνον
868 943 968 1029 αὖθις
988 976 1091 1017 κατα-

74 1049 249 1133 σπώμενα.
267 1044 340 1116 οἷον
349 1057 435 1134 γοῦν
447 1051 484 1116 ἐν
495 1061 562 1125 τοῖς
578 1044 637 1114 ῶσὶ
648 1045 688 1114 τά
699 1044 801 1131 πτερά
815 1047 982 1133 ἐργάζεται
994 1069 1091 1131 στρε-

75 1147 227 1232 φόμενα,
246 1154 400 1214 τοιοῦτον
414 1147 585 1231 γάργαλον
602 1147 737 1231 παρεῖχέ
750 1171 807 1230 μοι
821 1145 861 1210 τά
877 1142 1040 1231 ὁρῶμενα.

163 1250 296 1311 ΑΛΕΚ.
314 1242 504 1328 Ἡράκλεις,
526 1243 638 1311 δεινόν
653 1268 728 1309 τινα
746 1242 807 1309 τόν
823 1247 929 1326 ἔρωτα
949 1241 1015 1328 φὴς
1028 1250 1090 1310 τοῦ

75 1344 256 1427 ἐνυπνίου,
276 1351 310 1409 εί
320 1367 358 1428 γε
374 1342 497 1426 πτηνὸς
513 1339 576 1426 ῶν,
595 1337 639 1419 ῶς
654 1363 752 1426 φασι,
767 1341 822 1406 καὶ
838 1337 920 1422 ὅρον
935 1345 1019 1425 ἔχων
1033 1347 1090 1426 της

75 1440 227 1523 πτήσεως
241 1436 301 1505 τὸν
316 1437 427 1506 ὕπνον
437 1435 523 1522 ὑπὲρ
537 1435 576 1504 τά
589 1439 775 1522 ἐσκαμμένα
788 1435 852 1522 ἤδη
864 1441 954 1526 πηδᾷ
963 1440 1019 1505 καὶ
1033 1440 1089 1506 ἐν·
1107 1450 1159 1505 m
1201 1465 1203 1471 ·

77 1541 239 1622 διατρίβει
262 1535 426 1626 άνεφγόσι
442 1551 509 1614 τοῖς
532 1532 720 1621 ὀφθαλμοῖς
740 1532 894 1620 μελιχρὸς
917 1527 1014 1612 οὗτος
1034 1536 1089 1602 καὶ

77 1632 220 1717 ἐναργής
235 1636 454 1720 φαινόμενος·
477 1637 583 1701 ἐθέλω
597 1640 684 1720 γοῦν
695 1629 843 1699 ἀκοῦσαι
853 1628 922 1711 οἰός
937 1642 986 1712 τίς
997 1636 1087 1700 ἐστιν

77 1727 168 1794 οὕτω
183 1748 236 1793 σοι
251 1731 453 1816 τριπόθητος
468 1731 525 1798 ῶν.

164 1831 263 1892 ΜΙΚ.
279 1824 430 1912 Ἕτοιμος
444 1831 568 1912 λέγειν·
591 1823 656 1912 ήδι)
670 1833 756 1911 γοῦν
770 1853 827 1912 μοι
843 1825 880 1894 τό
896 1836 1087 1913 μεμνῆσθαι

78 1922 133 1988 καὶ
149 1924 303 1999 διεξιέναι
313 1950 345 1989 τι
360 1926 434 2008 περὶ
449 1923 562 1990 αὐτοῦ.
585 1921 627 1989 σι)
639 1927 676 1989 δὲ
687 1930 827 2009 πηνίκα,
846 1916 872 1990 ῶ
888 1924 1086 2010 Πυθαγόρα,

79 2019 223 2105 διηγήσῃ
238 2016 277 2085 τά
293 2021 368 2103 περὶ
384 2029 451 2088 τῶν
465 2027 675 2107 μεταβολῶν;

163 2123 295 2184 ΑΛΕΚ.
314 2115 467 2185 Ἐπειδάν
483 2118 542 2202 σύ,
571 2110 789 2203 ῶΜίκυλλε,
802 2119 916 2204 παόση
932 2116 1090 2203 ὀνειράτ-

80 2241 147 2282 των
161 2217 215 2284 καὶ
235 2214 390 2305 άποψήση
407 2215 471 2284 άπὸ
492 2225 560 2284 τῶν
581 2217 763 2305 βλεφάρων
781 2214 818 2283 τό
842 2220 933 2302 μέλι·
965 2214 1002 2283 τὸ
1024 2225 1090 2283 νῦν

80 2313 117 2381 δὲ
137 2314 298 2400 πρότερος
319 2317 404 2401 είπέ,
428 2315 471 2393 ῶς
489 2316 590 2402 μάθω
612 2325 677 2383 εἴτε
698 2313 753 2381 διά
774 2342 843 2382 τιιν
863 2318 1090 2399 ἐλεφαντίνων

80 2420 195 2480 πυλῶν
211 2422 275 2481 είτε
297 2412 350 2480 διά
368 2421 436 2480 τῶν
451 2423 637 2499 κερατίνων
659 2434 712 2481 σοι
734 2410 762 2481 δ’
774 2413 905 2501 ὄνειρος
924 2407 985 2501 ἧκε
1005 2440 1097 2501 πεμ-.

81 2512 231 2596 πόμενος.

165 2616 263 2677 ΜΙΚ.
287 2607 376 2678 Οὐδὲ
391 2610 436 2677 δι’
454 2613 565 2695 ἑτέρας
578 2612 725 2698 τούτων,
743 2606 769 2680 ῶ
784 2614 983 2701 Πυθαγόρα.

163 2713 224 2774 ΑΛ
229 2713 294 2773 ΕΚ.
319 2710 384 2773 Καὶ
399 2705 617 2794 μήνὍμηρος
635 2713 697 2776 δύο
712 2711 817 2795 μόνας
831 2715 953 2791 ταύτας
969 2717 1067 2798 λέγει.

163 2812 263 2872 ΜΙΚ.
277 2802 337 2872 Ἔα
354 2812 481 2892 χαίρειν
494 2806 554 2874 τὸν
568 2817 673 2893 λήρου
688 2813 817 2875 ἐκείνου
831 2807 973 2896 ποιητὴν
989 2808 1090 2877 οὐδὲν

86 2904 189 2973 εἰδότα
211 2901 353 2989 ὀνείρων
374 2906 458 2987 πέρι.
488 2909 523 2970 οί
540 2909 679 2991 πένητες
695 2915 774 2984 ἴσως
797 2905 923 2990 όνειροι
944 2905 999 2974 διά
1022 2915 1090 2975 τῶν

84 3004 242 3071 τοιούτων
255 3005 395 3087 ε’ξίασιν,
418 3005 511 3080 οἴους
526 3006 652 3082 ἐκεῖνος
668 3004 756 3089 έῶρα
772 3002 851 3072 οὐδὲ
866 3006 958 3071 πάνυ
975 3013 1091 3089 σαφῶς

84 3099 205 3185 τυφλός
225 3097 325 3178 αότός
349 3098 412 3184 ῶν,
436 3101 508 3184 ἐμοί
529 3103 564 3168 δὲ
581 3099 636 3166 διά
656 3108 792 3184 χρυσῶν
809 3099 913 3169 τινῶν
931 3110 1049 3169 πυλῶν
1069 3101 1087 3169 ὁ

84 3195 211 3282 ἥδιστος
226 3195 380 3283 άφίκετο,
395 3203 540 3281 χρυσοῦς
555 3199 609 3264 καὶ
620 3195 736 3282 αὐτός,
751 3205 860 3283 χρυσοῖ
874 3199 982 3267 πάντα
993 3225 1089 3287 περι-

86 3297 281 3381 βεβλημένος
297 3297 351 3362 καλ
368 3291 455 3361 πολὺ
474 3295 677 3381 ἐπαγόμενος
692 3302 840 3381 χρυσίον.
1274 3324 1275 3359 3

173 3398 300 3461 AAEK.
338 3399 452 3478 Παῦε,
485 3384 512 3459 ῶ
536 3397 631 3460 Μίδα
657 3396 822 3481 βέλτιστε,
855 3403 1087 3483 χρυσολογῶν·
1106 3407 1159 3467 m
1273 3488 1274 3491 Ἴ
