2575 3842
387 186 517 242 ΖΕΥΣ
538 187 750 246 mmm
760 190 826 246 ΟΣ.
1049 187 1113 249 369

99 338 119 410 ό
137 341 230 427 ἥλιος
247 341 298 411 ἀεὶ
317 340 380 427 τὴν
394 340 501 427 αὐτὴν
521 341 603 410 ὁδόν
618 341 681 411 tem
698 346 752 412 καὶ
768 344 891 430 σελήνη
909 345 992 414 κατὰ
1008 344 1110 414 ταότᾶ

101 441 158 506 καὶ
175 430 258 523 ὧραι
272 436 471 524 τρεπόμεναι
488 442 542 506 καὶ
558 438 648 523 φυτά
664 441 818 526 φυόμενα
832 445 886 509 καὶ
903 448 967 533 ζῷα
984 442 1111 528 γεννά-

100 561 188 620 μενα
205 540 259 604 καί
271 533 355 603 αὐτὰ
367 543 470 603 ταῦτα
482 535 588 614 οὕτως
603 534 797 623 εὐμηχάνως
811 543 1110 626 κατεσκευασμένα,

102 629 147 710 ὡς
162 634 344 719 τρέφεσθαι
361 636 416 701 καὶ
429 635 559 700 ἐννοεῖν
576 637 630 701 καὶ
647 645 815 702 κινεῖσθαι
829 637 884 703 καὶ
897 642 1043 722 βαδίζειν
1056 640 1111 705 καὶ
1190 641 1195 650 “

100 737 333 798 τεκταίνεσθαι
344 731 398 799 καὶ
409 746 639 816 σκυτοτομεῖν,
651 735 706 800 καὶ
716 725 836 801 τᾶλλα·
858 741 962 801 ταῦτα
973 731 1016 801 οά
1026 758 1111 820 προ-

100 834 196 906 νοίας
213 834 293 914 ἔργα
311 827 397 896 εἶναί
410 849 462 896 σοι
479 833 584 910 δοκεῖς

187 931 302 992 ΔΑΜ.
322 921 415 991 Αάτό
427 947 494 990 που
505 923 541 989 τό
555 924 768 1010 ζητούμενον,
787 920 814 992 ὦ
833 924 1015 1010 Τιμόκλεις,
1030 929 1110 1004 ξυν-

101 1022 271 1106 αρπάζεις·
294 1018 425 1087 οὐδέπω
436 1018 501 1105 γάρ
516 1024 620 1105 δῆλον
634 1027 665 1089 εί
674 1030 815 1112 προνοίᾳ
826 1023 954 1090 τούτων
970 1024 1111 1090 ἕκαστον

101 1118 315 1186 ἀποτελεῖται.
332 1115 406 1186 ἀλλ’
420 1116 471 1184 ότι
484 1117 546 1203 μὲν
557 1120 694 1186 τοιαῦτά
703 1122 771 1187 ἐστι
783 1121 823 1187 τά
833 1121 995 1206 γινόμενοι
1006 1126 1110 1205 φαίην

101 1213 146 1282 ἀν
160 1217 215 1284 καί
229 1213 345 1293 αὐτός·
368 1212 410 1283 οὐ
424 1216 490 1302 μὴν
506 1213 622 1284 αὐτίκα
638 1227 817 1284 πεπεῖσθαι
832 1215 961 1303 ἀνάγκη
976 1220 1031 1284 καὶ
1043 1215 1109 1285 ὑπό

100 1339 191 1392 τινος
214 1320 420 1399 προμηθείας
440 1311 524 1380 αὐτοὶ
545 1320 742 1398 γίγνεσθαι·
773 1319 823 1382 ἐνι
847 1312 912 1400 χάρ
930 1317 984 1381 καὶ
1003 1312 1110 1392 άλλως

101 1408 270 1497 ἀρξάμενα
286 1419 351 1478 νῦν
371 1410 493 1497 ὁμοίως
508 1415 563 1479 καὶ
583 1409 667 1480 κατά
688 1409 791 1480 ταάτά
808 1417 1034 1492 ξυνίστασθαι.
1065 1409 1108 1478 σι)

100 1507 137 1574 δὲ
148 1507 240 1588 τάξιν
252 1505 363 1576 αὐτῶν
375 1507 545 1594 ὀνομάζεις
555 1506 617 1594 την
629 1507 789 1594 ἀνάγκην.
807 1507 875 1575 εἶτα
887 1507 1011 1595 δηλαδὴ
1024 1509 1109 1595 ἀγα·
1126 1536 1177 1595 635

101 1605 292 1690 νακτησεις,
318 1615 351 1673 εί
366 1612 414 1684 τίς
429 1626 483 1672 σοι
504 1602 549 1690 μη
571 1602 776 1690 ἀκολουθοίη
796 1601 835 1671 τά
856 1603 1018 1690 γινόμενα
1035 1608 1108 1690 μέν,

102 1694 199 1766 ὁποῖά
216 1703 294 1785 ἐστι,
306 1706 605 1792 καταριθμουμένῳ
617 1704 672 1769 καὶ
682 1704 885 1783 ἐπαινοῦντι,
901 1705 956 1771 καὶ
968 1704 1109 1793 οἰομένῳ

103 1793 140 1862 δέ
155 1792 327 1875 ἀπόδειξιν
344 1806 446 1866 ταῦτα
464 1796 549 1865 εἶναι
571 1806 632 1865 τοῦ
648 1801 703 1865 καὶ
719 1806 861 1888 προνοίᾳ
876 1799 1108 1868 διατάττεσθαι

103 1889 215 1959 αὐτῶν
230 1895 378 1963 ἕκαστον.
403 1894 486 1962 ὥστε
501 1892 585 1962 κατὰ
602 1892 663 1962 τόν
677 1894 843 1979 κωμικόν·

227 1993 318 2058 τουτί
332 1993 395 2077 μὲν
408 1991 665 2079 ὑπομόχθηρον,
682 1990 763 2060 ἀλλο
780 2019 837 2077 μοι
852 1997 934 2080 λέχε.

187 2093 237 2156 39.
265 2096 359 2157 TIM.
379 2089 459 2176 Ἐγώ
474 2089 534 2176 μὲν
552 2087 614 2158 οὐκ
625 2088 716 2175 οἶμαι
730 2091 785 2158 καὶ
799 2088 900 2176 ἀλλης
911 2093 963 2159 ἐπὶ
977 2091 1108 2172 τούτοις

102 2187 172 2256 δεῖν
188 2183 393 2268 ἀποδείξεως.
423 2189 512 2276 ὅμως
529 2186 560 2256 δ’
584 2180 648 2256 οὖν
665 2189 741 2274 ε’ρολ·
762 2185 943 2275 ἀπόκριναι
959 2190 1022 2276 γάρ
1039 2217 1105 2278 μοι.

103 2285 248 2374 Ὅμηρός
262 2308 316 2356 σοι
331 2293 425 2357 δοκεῖ
438 2286 574 2374 ποιητὴς
589 2286 722 2373 ἀριστος
738 2285 838 2368 είναι;

184 2393 299 2454 ΔΑΜ.
322 2389 387 2454 Καὶ
403 2387 500 2473 μάλα.

189 2490 283 2553 ΤΙΜ.
308 2482 445 2552 Οὐκοῦν
466 2486 580 2573 ἐκείνῳ
602 2486 762 2569 ἐπείσθην
781 2480 844 2568 τὴν
861 2482 1024 2568 πρόνοιαν
1039 2490 1107 2550 τῶν

102 2591 193 2652 θεῶν
208 2587 427 2669 ἐμφανίζοντι,

185 2689 299 2748 ΔΑΜ.
324 2680 430 2767 Ἀλλ’,
460 2675 486 2750 ά
508 2682 695 2770 θαυμάσιε,
725 2679 867 2767 ποιητὴν
888 2683 950 2768 μὲν
972 2679 1106 2766 ἀγαθόν

106 2778 253 2866 ’Όμηρον
263 2789 464 2867 γεγενῆσθαι
479 2783 599 2860 πάντες
611 2801 665 2848 σοι
680 2781 1002 2865 ξυνομολοχήσουσι,
1019 2780 1107 2864 μάρ-

102 2903 185 2962 τυρα
202 2877 238 2944 δὲ
253 2877 362 2963 ἀληθῆ
375 2882 450 2964 περὶ
463 2878 705 2947 τῶντοιούτων
720 2875 797 2944 οὔτε
809 2879 937 2944 ἐκεῖνον
952 2875 1028 2944 οὔτε
1046 2876 1106 2944 άλ-

104 2988 163 3044 λον
179 2974 320 3062 ποιητὴν
334 2974 470 3044 οὐδένα·
493 2975 534 3043 οά
547 2973 612 3063 γάρ
627 2974 786 3059 ἀληθείας
800 2979 891 3058 μέλει
905 2972 1033 3060 αὐτοῖς,
1056 2973 1107 3042 οἶ-

102 3101 174 3161 μαι,
192 3071 275 3144 ἀλλά
291 3083 351 3143 τοῦ
365 3083 478 3162 κηλεῖν
491 3075 569 3153 τούς
583 3071 786 3157 ἀκούοντας,
800 3074 854 3140 καὶ
866 3070 920 3141 ὂιά
934 3080 1032 3142 τοῦτο
1047 3077 1107 3161 με’-

102 3197 191 3257 τροις
199 3198 234 3240 τε
243 3173 424 3262 κατᾴδουσι
432 3176 486 3242 καὶ
496 3173 620 3258 μύθοις
629 3177 807 3258 κατηχοῦσι
817 3173 873 3238 καὶ
882 3169 967 3250 ὅλως
975 3170 1106 3239 ἅπαντα

10 3313 12 3414 χ
102 3267 185 3356 ὑπὲρ
207 3278 268 3338 τοῦ
288 3277 432 3358 τερπνοῦ
451 3277 671 3357 μηχανῶνται.
702 3274 753 3338 40.
770 3267 853 3356 ἀτάρ
868 3267 973 3357 ἡδέως
987 3266 1030 3338 ἀν
1052 3274 1106 3338 καὶ

10 3427 12 3476 χ
103 3366 296 3453 ἀκούσαιμι,
311 3364 431 3516 χλστισι
446 3371 587 3455 μάλιστα
602 3372 759 3456 ἐπείσθης
773 3376 841 3436 τῶν
858 3365 1016 3522 Ὁμήῖχου·
1040 3363 1106 3456 ἀρα

10 3477 12 3494 ¹
186 3477 280 3515 Lucum
