2575 3842
167 196 209 260 14
525 201 823 260 ΛΟΤΚΙΑΝΟΥ

1275 270 1278 311 ι

166 356 272 444 μαστά
285 356 381 444 ἡλίκα
392 356 433 425 τά
444 356 524 444 μετά
537 367 639 425 ταῦτα
651 360 784 438 πάντως
794 358 1012 445 ἀκούσεσθαι,
1029 359 1066 427 τό
1078 368 1174 446 σώμαι

166 457 202 522 δὲ
221 452 301 521 αὐτό
318 452 353 521 τό
370 463 427 540 τῆς
438 459 583 540 ἱστορίας
593 457 716 541 μικρόν
729 484 760 524 τι
772 460 825 525 καὶ
837 456 973 544 ἀγεννές
984 459 1173 544 ἐπαγαγόν-

165 579 239 637 τας,
263 548 306 629 ὡς
326 554 380 620 καὶ
399 560 497 620 τοῦτο
515 555 658 634 ἐοικέναι
675 559 812 644 παιδίῳ,
829 565 862 623 εί
873 555 1073 640 πουἝρωτα
1090 553 1173 632 εἶδες

165 656 337 735 παίζοντα,
365 665 574 734 προσωπείου
593 649 793 734 Ἡρακλέους
813 652 969 739 πάμμεγα
991 650 1013 739 η’
1034 659 1172 728 Τιτᾶνος

165 755 411 835 περικείμενον·
433 747 538 827 εὐθὺς
551 756 637 833 γοῦν
649 755 684 817 οί
695 748 898 830 ἀκούσαντες
911 754 1171 837 ἐπιφθέγγονται

165 844 277 924 αὐτοῖς
295 846 350 931 τό,
365 843 503 914 Ὤδινεν
524 845 612 931 όρος.
645 845 706 933 χρὴ
725 847 762 914 δὲ
779 846 869 934 οἶμαι
885 848 929 935 μὴ
947 846 1069 931 οὕτως,
1095 844 1169 915 ἀλλ’

165 942 263 1031 ὅμοια
273 943 313 1011 τά
326 947 434 1011 πάντα
445 947 498 1012 καὶ
510 944 656 1031 ὁμόχροα
671 943 755 1013 εἶναι
766 949 820 1014 καὶ
832 951 981 1036 συνᾷδον
992 952 1032 1034 τῇ
1042 946 1172 1032 κεφαλῇ
1278 1020 1279 1035 ³

163 1043 199 1109 τό
217 1041 296 1111 ἀλλο
309 1049 417 1128 σῶμα,
436 1041 479 1120 ώς
493 1040 536 1128 μὴ
549 1051 698 1129 χρυσοῦν
709 1044 771 1129 μὲν
781 1043 818 1112 τό
831 1046 954 1131 κράνος
970 1053 1036 1129 εἴη,
1053 1043 1169 1126 θώραξ

164 1142 200 1208 δὲ
214 1141 306 1207 πάνυ
320 1148 448 1225 γελοῖος
463 1143 499 1208 ἐκ
513 1144 626 1226 ῥακῶν
637 1151 747 1210 ποθεν
760 1139 781 1228 ἦ
794 1146 829 1210 ἐκ
844 1144 1017 1229 δερμάτων
1031 1147 1166 1222 σαπρῶν

164 1243 469 1324 συγκεκαττυμένος
490 1235 580 1325 καὶὴ
602 1236 699 1317 ἀσπὶς
718 1246 849 1326 οἰσυΐνη
870 1242 925 1307 καὶ
949 1246 1078 1325 χοιρίνη
1095 1240 1168 1320 περὶ

114 1352 150 1406 32
165 1351 235 1414 ταῖς
245 1336 395 1422 κνήμαις.
419 1340 502 1414 δδοις
514 1334 579 1421 γάρ
595 1331 638 1402 ἀν
650 1334 827 1422 ἀφθόνους
838 1337 1010 1416 τοιούτους
1021 1358 1168 1422 συγγρα-

165 1437 263 1519 φίας,
284 1439 346 1500 τοῦ
357 1431 484 1500 Ῥοδίου
498 1442 662 1500 κολοσσοῦ
676 1433 737 1520 τὴν
755 1433 904 1521 κεφαλὴν
920 1435 1086 1503 ναννώδει
1101 1432 1166 1500 σώ-

163 1555 240 1616 ματι
257 1531 477 1608 ἐπιταθέντας·
499 1528 621 1610 ἀλλους
632 1525 677 1598 αὖ
690 1534 830 1618 ἔμπαλιν
841 1532 991 1620 ἀκέφαλα
1002 1531 1042 1601 τά
1055 1532 1167 1617 σώμα·
1181 1547 1185 1553 “

163 1656 203 1696 τα
214 1629 423 1714 εἰσάγοντας,
440 1626 680 1716 ἀπροοιμίαστα
692 1634 747 1700 καὶ
758 1630 863 1710 εὐθὺς
872 1634 925 1699 ἐπὶ
935 1638 1004 1698 τών
1014 1629 1169 1714 πραγμά-

163 1752 247 1808 των,
264 1732 298 1792 οδ
311 1728 365 1792 καὶ
380 1733 681 1810 προσεταιρίζονται
695 1726 755 1797 τόν
768 1736 970 1816 Ξενοφῶντα
986 1725 1092 1804 οὕτως
1106 1724 1157 1809 ἀρ-

164 1825 324 1909 ξάμενον·
352 1831 523 1909 ,βορείου
544 1829 597 1893 καί
614 1827 846 1914 Παρυσάτιδος
863 1831 977 1903 παῖδες
996 1831 1167 1910 γίγνονται

164 1922 261 2007 ow,
277 1923 331 1989 καὶ
348 1920 469 2001 ἀλλους
484 1931 551 1991 τών
567 1934 735 2011 παλαιῶν,
754 1924 816 1994 οὐκ
832 1925 954 2002 εἰδότες
969 1920 1013 2000 ὡς
1026 1922 1168 2006 δυνάμει

162 2016 237 2086 τινά
253 2019 409 2106 προοίμιά
426 2022 493 2088 ἐστι
508 2023 673 2108 λεληθότα
684 2024 762 2102 τούς
776 2022 936 2107 πολλούς,
953 2019 997 2099 ὡς
1008 2024 1044 2088 έν
1055 2017 1167 2096 ἄλλοις

162 2121 320 2202 δείξομεν.

247 2220 296 2282 24.
321 2221 436 2284 Καίτοι
453 2224 556 2284 ταῦτα
576 2218 685 2284 πάντα
707 2217 836 2304 φορητοὶ
857 2224 920 2303 ἔτι,
944 2211 1044 2301 όσαῆ
1065 2216 1167 2298 ἑρμη-

162 2308 286 2398 υείαςῆ
304 2319 361 2397 τῆς
375 2311 476 2398 άλλης
493 2315 668 2393 διατάξεως
681 2314 897 2404 ἁμαρτήματά
913 2319 997 2399 ἐστι,
1012 2311 1049 2381 τό
1066 2314 1102 2379 δὲ
1112 2312 1167 2378 καὶ

162 2413 237 2491 περὶ
246 2408 325 2486 τούς
335 2410 458 2488 τόπους
469 2407 591 2489 αὐτους
602 2414 805 2501 ψεύδεσθαι,
822 2413 863 2482 οά
877 2413 1091 2500 παρασάγγας
1103 2408 1166 2494 μό-

162 2534 240 2592 νον,
256 2504 339 2574 ἀλλὰ
355 2511 408 2576 καὶ
424 2508 594 2596 σταθμοὺς
611 2509 727 2598 όλονς,
749 2521 814 2581 τίνι
830 2521 898 2580 τών
912 2519 1024 2581 καλῶν
1039 2516 1164 2587 έοικεν;

163 2601 208 2683 εἶς
230 2611 316 2690 γοῦν
340 2605 428 2674 οὕτω
448 2610 610 2696 ῥαθύμως
628 2611 797 2698 συνήγαγε
815 2609 855 2678 τά
873 2611 1065 2696 πράγματα,
1088 2604 1166 2675 οὔτε

161 2704 264 2794 Σύρῳ
281 2708 345 2772 τινὶ
360 2705 507 2792 ἐντυχών
521 2706 598 2776 οὔτε
611 2708 649 2776 τό
665 2709 848 2795 λεγόμενον
864 2705 904 2794 δὴ
922 2713 1020 2774 τοῦτο
1034 2711 1102 2771 τών
1113 2705 1166 2770 ἐπὶ

112 2818 145 2872 33
163 2810 326 2889 κουρείων
336 2801 375 2870 τά
387 2813 523 2874 τοιαῦτα
533 2808 820 2892 μυθολογούντων
829 2805 986 2890 ἀκούσας,
998 2802 1080 2870 ώστε
1090 2802 1164 2886 περὶ

161 2899 329 2986 Εὐρώπου
344 2904 451 2990 λέγων
465 2902 570 2983 οὕτως
585 2911 665 2991 ἔφη·
687 2901 748 2990 ‚,‘H
759 2908 795 2970 δὲ
809 2903 972 2989 Εὔρωπος
985 2915 1089 2969 κελται
1103 2901 1167 2985 μὲν

112 2997 114 3002 ’
162 3003 198 3066 ἐν
216 3007 257 3088 τῇ
271 3007 512 3090 Μεσοποταμίᾳ
528 3001 699 3088 σταθμούς
719 3002 780 3070 δύο
800 3009 862 3070 τοῦ
877 2999 1062 3088 Εὐφράτου
1082 2997 1165 3065 άπέ-

160 3117 281 3182 χουσα,
300 3095 473 3189 ἀπώκισαν
490 3103 526 3169 δὲ
543 3100 648 3188 αὐτὴν
660 3099 872 3169 Ἐδεσσαλοίῆ
899 3101 955 3167 καὶ
970 3097 1049 3166 οὐδὲ
1065 3102 1164 3164 τοῦτο

161 3192 346 3281 ἀπέχρησεν
359 3195 465 3287 αὐτῷ,
487 3197 570 3269 ἀλλά
588 3203 642 3269 καὶ
654 3197 714 3286 τὴν
731 3197 815 3285 ἐμὴν
835 3201 975 3282 πατρίδα
992 3194 1031 3263 τά
1048 3191 1167 3280 Σαμό-
1274 3196 1279 3202 ’

161 3315 243 3360 σατα
264 3292 281 3360 ὁ
299 3291 399 3372 αὐτὸς
415 3298 452 3363 έν
472 3305 517 3386 τῷ
539 3297 630 3388 αὐτῷ
650 3304 767 3386 βιβλίῳ
788 3294 952 3382 ἀράμενος
972 3293 990 3360 ὁ
1011 3306 1167 3379 γενναῖος

161 3388 245 3478 αὐτῇ
265 3388 442 3476 ἀκροπόλει
457 3397 511 3461 καὶ
525 3403 642 3480 τείχεσι
658 3399 841 3481 μετέθηκεν
866 3400 911 3474 είς
927 3392 989 3478 τὴν
1004 3401 1162 3460 Μεσοπο-
