2575 3842
402 184 614 255 ΤΟΞΑΡΙΣ
629 195 656 245 H
680 191 839 249 ΦΙΛΙΑ.
1069 191 1130 256 285

120 351 224 420 δὲκαὶ
240 347 259 418 6
274 348 459 435 Ἀντίφιλος
473 347 556 416 κατὰ
571 350 685 436 χάραν
700 356 852 435 έμειναν,
868 355 923 420 καὶ
938 361 999 420 τοῦ
1011 354 1129 438 Σύρου

119 450 300 538 λαβόμενοι
316 445 380 534 ἤδη
396 444 562 525 ἀπιόντος.
585 450 655 514 ἐπεὶ
670 447 706 515 δὲ
722 445 827 534 ἡμέρα
842 450 989 535 ἐγένετο,
1006 451 1129 536 μαθών

119 546 137 616 6
153 545 215 633 τὴν
227 556 401 633 Αίγυπτον
413 547 687 631 ἐπιτετραμμένος
702 545 740 613 τὸ
753 546 963 634 συμβεβηκός
976 548 1030 616 ἐπ’
1043 553 1128 618 έκεί-

120 672 201 723 νους
217 647 278 730 μέν
294 651 418 730 έπεμψε
433 641 511 722 τούς
526 646 765 730 διωξομένους,
784 647 1078 732 μεταστειλάμενος
1092 650 1129 716 δὲ

119 740 197 820 τούς
207 741 291 828 ἀμφὶ
302 743 362 811 τὸν
370 741 566 828 Δημήτριον
577 739 721 811 ἀπέλυσε
730 749 797 810 τῶν
810 747 942 829 δεσμῶν
953 748 1127 822 ἐπαινέσας

119 839 171 908 ὅτι
185 841 284 927 μόνοι
295 837 357 910 ούκ
369 838 577 924 ἀπέδρασαν·
601 837 674 908 ἀλλ’
691 839 755 908 ούκ
770 845 893 910 ἐκεῖνοί
900 867 939 928 γε
950 840 1126 928 ἠγάπησαν

26 975 29 982 ·
122 937 227 1016 οὕτως
243 935 528 1024 ἀφιέμενοι,,έβόα
543 934 609 1006 δὲὸ
626 939 818 1024 Δημήτριος
834 943 888 1008 καὶ
905 939 998 1008 δεινά
1014 944 1127 1024 ἐποίει,

120 1033 309 1105 ἀδικεῖσθαι
324 1043 412 1123 σφᾶς
426 1033 468 1104 ού
483 1038 622 1122 σμικρά,
647 1044 678 1106 εί
690 1038 826 1118 δόξουσι
841 1048 1023 1125 κακοῦργοι
1035 1039 1130 1118 ὅντες

121 1137 200 1226 έλέφ
220 1130 243 1221 ἢ
260 1137 384 1224 έπαίνφ
403 1140 464 1202 τού
484 1130 528 1220 μὴ
546 1131 734 1220 ἀποδράναι
753 1133 929 1222 ἀφεῖσθαι·
962 1139 1017 1205 καί
1037 1141 1129 1216 τέλος

119 1231 314 1319 ἠνάγκασαν
330 1230 390 1300 τόν
413 1228 570 1317 δικαστὴν
587 1229 731 1319 ἀκριβῶς
754 1232 791 1302 τό
814 1242 948 1321 πρᾶγμα
971 1235 1127 1314 ἐξετάσαι.

119 1327 136 1396 6
160 1332 196 1398 δέ
217 1332 285 1412 ἐπεὶ
301 1335 427 1417 ἔμαθεν
449 1329 548 1398 ούδὲν
566 1327 780 1418 ἀδικοῦντας,
803 1335 979 1411 ἐπαινέσας
994 1331 1126 1418 αύτούς,

118 1427 179 1498 τόν
192 1430 389 1517 Δημήτριον
404 1429 439 1498 δέ
459 1433 514 1497 καὶ
535 1425 626 1498 πάνυ
641 1432 820 1518 θαυμάσας
837 1429 954 1520 ἀφίησι
971 1457 1127 1518 παραμυ-

121 1528 313 1616 θησάμενος
328 1530 380 1596 ἐπὶ
400 1535 439 1616 τῇ
460 1529 594 1596 κολάσει
612 1527 657 1615 ἢν
675 1529 853 1618 ἠνέσχοντο
870 1529 992 1610 ἀδίκως
1008 1534 1128 1598 δεθέν-

121 1652 192 1711 τες,
214 1629 267 1693 καὶ
288 1625 445 1708 ἑκάτερον
466 1628 701 1713 δωρησάμενος
719 1628 801 1714 παρ’
823 1627 944 1713 αὑτοῦ,
970 1634 1130 1716 δραχμαῖς

120 1727 181 1811 μὲν
198 1731 330 1810 μυρίαις
345 1723 405 1792 τὸν
418 1723 621 1811 Ἀντίφιλον,
639 1729 688 1805 δὶς
699 1728 874 1807 τοσαύταις
890 1728 925 1796 δὲ
936 1727 996 1797 τόν
1008 1728 1126 1815 Δημη-
1147 1741 1198 1795 543

122 1848 225 1907 τριον.
247 1827 298 1890 34.
319 1820 337 1889 6
354 1822 416 1908 μὲν
433 1817 496 1890 οὖν
506 1821 691 1909 Ἀντίφιλος
706 1832 753 1892 ἔτι
767 1829 823 1893 καὶ
837 1835 903 1893 νύν
920 1828 957 1894 έν
968 1827 1127 1913 Αἰγύπτῳ

122 1924 227 2007 ἐστίν,
250 1917 267 1987 6
290 1921 327 1987 δέ
342 1920 534 2008 Δημήτριος
548 1925 602 1988 καὶ
619 1919 678 1998 τάς
697 1921 802 1989 αὑτοῦ
821 1928 997 2008 δισμυρίας
1012 1927 1128 2011 ἐκείνω

121 2016 312 2088 καταλιπων
322 2016 421 2108 ᾤχετο
433 2016 543 2086 ἀπιόν
553 2025 599 2096 είς
609 2017 671 2104 τὴν
683 2017 823 2105 Ἰνδικὴν
832 2018 923 2104 παρὰ
933 2019 1012 2098 τούς
1021 2029 1130 2105 Βραχ-

122 2125 239 2205 μᾶνας,
253 2124 416 2185 τοσοῦτον
429 2114 532 2184 εἰπόν
543 2114 626 2203 πρὸς
636 2115 697 2183 τὸν
709 2114 906 2202 Ἀντίφιλον,
921 2114 965 2195 ὡς
975 2136 1129 2201 συγγνω-

122 2217 197 2297 στός
218 2212 262 2286 ἀν
282 2216 416 2294 εἰκότως
438 2221 602 2302 νομίζοιτο
618 2214 683 2301 ἤδη
704 2212 880 2283 ἀπολιπών
901 2211 1024 2283 αύτόν·
1053 2213 1130 2281 οὔτε

122 2316 185 2406 γάρ
200 2313 299 2394 αύτδς
311 2319 443 2383 δεῖσθαι
454 2320 522 2380 τῶν
531 2315 725 2400 χρημάτων,
744 2312 809 2382 ἔστ’
827 2311 871 2382 ἀν
881 2312 981 2392 αύτὸς
992 2306 1030 2400 ᾖ,
1047 2311 1129 2398 ὅπερ

122 2421 226 2502 ἐστίν,
255 2414 433 2502 ἀρκεῖσθαι
459 2409 581 2497 ὀλίγοις
605 2413 807 2500 δυνάμενος,
840 2411 917 2481 ούτε
941 2416 1057 2502 έκείνῳ
1084 2416 1131 2478 ἔτι

122 2523 192 2585 δεῖν
207 2522 309 2602 φίλου
320 2513 476 2600 εὐμαρῶν
488 2518 555 2580 τάν
566 2514 771 2599 πραγμάτων
781 2511 871 2602 αύτῷ
886 2514 1127 2598 γεγενημένων.

122 2622 285 2700 τοιοῦτοι,
303 2606 329 2681 τό
347 2613 485 2696 Τόξαρι,
501 2609 696 2697 οίἝλληνες
711 2620 812 2698 φίλοι.
837 2617 866 2680 εί
882 2611 918 2679 δὲ
933 2609 977 2697 μὴ
995 2614 1132 2696 προδιε-

122 2714 294 2800 βεβλήκεις
308 2708 393 2797 ἡμᾶς
408 2709 451 2787 ὡς
465 2712 517 2777 ἐπὶ
528 2709 652 2795 ῥήμασι
661 2714 745 2796 μέγα
757 2717 985 2797 φρονοῦντας,
1002 2710 1057 2776 καί
1069 2705 1131 2775 αύ-
1208 2761 1215 2772 .

112 2809 202 2892 ,τούς
216 2808 259 2876 ἀν
275 2830 327 2876 σοι
339 2806 418 2886 τούς
429 2810 551 2892 λόγους
566 2812 743 2894 διεξῆλθον
758 2806 902 2887 πολλούς
913 2809 968 2875 καί
980 2803 1131 2890 ἀγαθούς

124 2907 239 2994 ὄντας,
261 2905 320 2985 ούς
340 2904 358 2972 6
374 2907 564 2993 Δημήτριος
581 2904 673 2973 εἶπεν
691 2909 728 2974 ἐν
746 2915 791 2995 τῷ
808 2911 1022 2996 δικαστηρίω,
1046 2901 1131 2987 ὑπὲρ

124 3005 229 3075 αύτού
244 3007 306 3093 μὲν
327 3004 426 3074 οὐδὲν
447 3003 734 3091 ἀπολογούμενος,
758 3002 841 3087 ὑπὲρ
863 3010 923 3071 τού
941 3002 1132 3088 Ἀντιφίλου

124 3111 176 3193 δέ,
201 3109 255 3173 καὶ
272 3105 428 3192 δακρύων
449 3107 583 3190 προσέτι
604 3107 660 3172 καί
676 3103 835 3171 ίκετεύων
856 3105 911 3170 καί
930 3101 967 3170 τό
990 3111 1059 3170 πᾶν
1077 3099 1131 3187 ἐφ’

125 3204 245 3276 ἑαυτὸν
262 3201 521 3290 ἀναδεξόμενος,
540 3202 615 3289 ἀχρι
630 3204 894 3290 μαστιγούμενος
908 3200 925 3271 6
941 3203 1054 3289 Σύρος
1070 3198 1133 3285 ἀμ-

125 3308 289 3392 φοτέρους
304 3301 444 3390 ἀφίησιν
459 3301 589 3382 αύτούς.

209 3410 260 3472 35.
287 3401 367 3490 ’λδγά
391 3402 452 3492 μὲν
475 3395 537 3470 σύν
559 3403 699 3480 τούτους
721 3397 854 3487 ὀλίγους
873 3397 939 3466 ἀπὸ
956 3400 1132 3486 πλειόνων,
