2575 3842
167 189 229 252 292
531 188 830 246 AOTKIANOY

167 348 278 417 ἀλλων
297 344 499 432 Ἀδύρμαχος
519 351 656 431 ἔμελλεν
671 342 810 424 ἀπάξειν
830 344 892 431 τὴν
907 348 1048 434 νύμφην
1069 351 1101 428 ές
1117 344 1176 434 τηε

168 450 324 512 Μαιῶτιν
347 441 436 526 καρά
463 439 541 519 τούς
567 441 741 526 Μάχλυας.
783 448 836 510 46.
869 441 888 509 ὁ
913 445 950 512 δέ
974 441 1180 530 Ἀρσακόμας

168 539 366 612 ἐπανελθῶν
381 544 495 610 οίκαδε
509 541 630 626 μηνύει
639 553 708 618 τοῖς
719 546 828 624 φίλοις
844 538 887 619 ῶς
901 538 1100 629 ἀτιμασθείη
1112 540 1178 610 ὑπὸ

166 648 228 709 τοῦ
243 642 404 728 βασιλέως
421 639 475 705 καί
490 642 669 722 γελασθείη
681 639 718 702 έν
730 644 776 725 τῶ
788 644 962 728 συμποσίῳ
976 642 1078 725 πένης
1094 638 1178 708 εἶναι

168 739 275 817 δόξας.
299 742 432 820 Καίτοι,
448 741 529 820 ἔφη,
545 731 610 818 έγῶ
622 734 834 819 διηγησάμην
845 733 935 822 αύτῶ
947 733 1008 804 τόν
1019 743 1179 820 πλοῦτον,

167 834 291 911 ὁπόσος
302 835 373 900 έστί
381 859 454 918 μοι,
470 829 571 917 ὑμᾶς,
587 823 615 898 ῶ
628 832 779 916 Λογχάτα
791 834 845 899 καί
856 836 1035 920 Μακέντα,
1050 832 1179 920 κοίτην

169 933 306 1002 εὔνοιαν
320 927 382 1016 τὴν
396 927 561 1016 ὑμετέραν
577 926 665 997 πολύ
680 926 806 1014 ἀμείνω
821 933 878 998 καὶ
892 936 1111 1018 βεβαιοτέραν
1120 938 1178 1017 τῆς

167 1035 397 1116 Βοσπορανῶν
407 1029 590 1114 δυνάμεως.
607 1025 681 1095 ἀλλ’
696 1028 779 1113 έμού
788 1034 892 1095 ταῦτα
903 1030 1081 1109 διεξιόντος
1092 1026 1178 1115 ἡμᾶς

100 1147 150 1201 553
169 1130 230 1219 μέν
247 1127 396 1214 ἐχλεύαζε
412 1128 467 1195 καὶ
483 1127 698 1212 κατεφρόνει,
720 1122 912 1216 Ἀδυρμάχῳ
928 1125 964 1193 δέ
977 1132 1023 1215 τῶ
1042 1127 1179 1211 Μάχλυι

167 1229 362 1310 παρέδωκεν
378 1223 521 1311 ἀπάγειν
537 1223 599 1310 τὴν
619 1224 776 1309 νύμφην,
797 1221 849 1291 ότι
865 1230 991 1310 χρυσοῖς
1004 1249 1040 1291 τε
1056 1224 1179 1309 φιάλας

167 1329 294 1410 ἐλέγετο
312 1330 398 1410 ἔχειν
414 1328 493 1391 δέκα
511 1325 564 1390 καὶ
586 1319 711 1406 ἀμάξας
724 1328 958 1403 τετρακλίνους
972 1317 1179 1408 ἀγδοήκοντα

166 1426 222 1493 καὶ
236 1424 386 1511 πρόβατα
401 1425 456 1491 καὶ
475 1429 557 1508 βοῦς
573 1421 727 1498 πολλούς.
757 1418 863 1498 οὕτως
879 1418 943 1505 ἀρα
957 1426 1178 1508 προετίμησεν

168 1523 304 1607 ἀνδρῶν
319 1521 460 1607 ἀγαθῶν
476 1519 669 1607 βοσκήματα
685 1515 792 1585 πολλά
812 1521 867 1586 καὶ
887 1518 1064 1603 έκπῶματα
1083 1526 1177 1604 περί-

168 1649 249 1709 εργα
264 1623 319 1688 καί
340 1617 466 1705 ἀμάξας
481 1624 624 1704 βαρείας.
654 1613 737 1702 Ἐγῶ
753 1618 805 1701 δέ,
828 1610 982 1701 ῶφίλοι,
1005 1614 1051 1683 δι’
1066 1612 1177 1703 ἀμφό-

167 1745 245 1804 τερα
261 1715 423 1802 ἀνιῶμαι,
445 1716 500 1783 καὶ
519 1713 583 1801 γάρ
598 1717 664 1801 ἐρῶ
677 1721 735 1800 τῆς
750 1719 901 1794 Μαζαίας
916 1717 971 1783 καὶ
988 1712 1009 1801 ἡ
1030 1711 1127 1802 ὕβρις
1141 1717 1175 1781 έν

167 1815 339 1892 τοσούτοις
355 1811 550 1900 ἀνθρώποις
563 1810 605 1880 ού
616 1817 755 1898 μετρίως
766 1837 833 1897 μου
844 1818 1017 1896 καθίκετο,
1039 1810 1130 1898 οἶμαι
1142 1811 1176 1878 δδ

168 1916 223 1983 καί
238 1912 324 2000 ὑμᾶς
339 1911 391 1981 ἐπ’
407 1923 480 1999 ίσης
499 1908 697 1999 ἠδικῆσθαι·
724 1907 761 1976 τό
779 1908 842 1994 γάρ
856 1916 969 1994 τρίτον
983 1917 1086 1995 μετῆν
1101 1909 1178 1977 ἑκά-

169 2032 234 2103 στῳ
251 2009 349 2099 ὑμῶν
367 2018 424 2098 τῆς
446 2009 589 2097 ἀτιμίας,
618 2018 700 2094 εἴγε
721 2005 809 2074 ούτω
832 2013 973 2093 βιοῦμεν
994 2004 1038 2086 ῶς
1058 2005 1118 2092 ἀφ’
1136 2000 1178 2074 οὗ

168 2110 448 2197 συνεληλύθαμεν
464 2105 510 2187 εἷς
520 2108 703 2193 ἅνθρωπος
714 2104 808 2186 όντες
819 2106 876 2174 καί
885 2104 926 2173 τά
938 2103 1022 2173 αύτά
1033 2103 1177 2192 ἀνιῶμε-

168 2236 222 2277 νοι
237 2212 292 2278 καὶ
305 2207 346 2276 τά
359 2206 442 2275 αύτά
453 2215 632 2293 χαίροντες.
658 2204 710 2274 Ού
723 2205 848 2291 μόνον,
867 2208 1001 2273 έτείπεν
1015 2202 1033 2272 ὁ
1045 2206 1177 2290 Λογχά-

167 2335 235 2394 της,
252 2305 335 2376 ἀλλά
348 2310 484 2384 ἕκαστος
495 2305 590 2392 ἡμῶν
602 2304 679 2383 ὅλος
689 2303 854 2391 ὕβρισται,
873 2302 974 2373 ὁπότε
985 2302 1029 2372 σύ
1040 2313 1177 2372 τοιαῦτα

168 2411 301 2481 ἔπαθες.
325 2408 376 2472 47.
393 2411 470 2481 Πῶς
484 2397 562 2489 ούν,
581 2402 599 2470 ὁ
612 2407 792 2489 Μακέντης
806 2411 888 2490 έφη,
903 2403 1096 2491 χρησόμεθα
1110 2418 1177 2481 τοῖς

169 2509 330 2587 παροῦσι;
352 2501 570 2587 Λιελῶμεθα,
592 2498 690 2586 ἔφηὸ
713 2502 899 2587 Λογχάτης,
918 2499 955 2569 τό
979 2507 1093 2587 ἔργον·
1123 2505 1177 2568 καὶ

169 2599 234 2688 έγῶ
254 2600 316 2686 μὲν
336 2596 561 2685 ὑπισχνοῦμαι
584 2598 771 2689 Ἀρσακόμᾳ
797 2601 857 2686 την
879 2598 1029 2687 κεφαλὴν
1049 2614 1178 2687 κομιεῖν

168 2707 229 2768 τοῦ
242 2699 471 2785 Λευκάνορος,
490 2701 527 2767 σὲ
541 2701 577 2768 δὲ
588 2698 649 2786 χρὴ
661 2697 723 2784 τὴν
734 2699 873 2784 νύμφην
884 2698 1066 2783 ἐπανάγειν
1077 2695 1176 2787 αὐτῷ.
1243 2776 1247 2783 ¹

171 2798 269 2868 Οὕτω
284 2801 448 2886 γινέσθω,
470 2803 543 2885 ἔφη.
568 2796 610 2867 σύ
632 2801 683 2884 δέ,
707 2791 953 2885 ῶἉρσακόμα,
974 2801 1011 2866 ε’ν
1030 2799 1178 2887 τοσούτω

168 2944 210 2955 -
226 2897 313 2978 εἰκός
334 2898 398 2986 γάρ
421 2901 475 2968 καί
497 2907 649 2982 στρατιᾶς
671 2901 725 2966 καί
746 2900 894 2983 πολέμου
916 2896 953 2966 τό
977 2897 1058 2983 μετά
1079 2905 1177 2965 τοῦτο

96 3035 104 3050 ·
169 2997 301 3083 δεήσειν
314 2995 400 3084 ἡμᾶς
414 3038 457 3049 -
471 2995 578 3064 αὐτοῦ
592 2998 780 3083 περιμένων
800 2997 980 3082 συνάγειρε
995 2998 1048 3064 καὶ
1070 3021 1178 3083 παρα·

169 3096 306 3175 σκεύαζε
318 3093 404 3162 ὅπλα
417 3097 471 3163 καὶ
481 3096 605 3172 ἵππους
615 3096 670 3161 καὶ
682 3092 744 3180 τὴν
756 3093 861 3182 ἀλλην
871 3095 1018 3181 δύναμιν
1030 3092 1074 3173 ῶς
1085 3100 1178 3162 πλεί-

168 3214 258 3279 στην.
288 3196 393 3281 ῥᾷστα
412 3191 444 3259 δ’
462 3188 505 3259 ἀν
522 3191 666 3270 πολλοὺς
683 3195 909 3279 προσαγάγοις
924 3191 1025 3271 αὐτός
1044 3219 1079 3260 τε
1093 3189 1178 3278 ἀγα-

167 3289 231 3369 θός
248 3288 296 3357 ῶν
310 3293 365 3358 καὶ
379 3289 459 3376 ἡμῖν
475 3287 537 3358 οὐκ
552 3289 675 3376 ὀλίγων
691 3291 800 3360 όντων
814 3299 964 3378 οίκείων,
981 3292 1123 3377 μάλιστα
1140 3291 1176 3358 δὲ

169 3393 199 3455 εί
210 3391 363 3467 καθέζοιο
379 3390 432 3457 ἐπὶ
451 3397 509 3475 τῆς
529 3391 657 3477 βύρσης
673 3398 735 3457 τού
751 3390 839 3478 βοός.
869 3394 960 3470 ἔδοξε
981 3396 1101 3473 ταῦτα,
1122 3390 1177 3455 καὶ
