2575 3842
500 172 594 231 ΕΡΩ
604 171 702 231 m.
1041 174 1101 235 221

98 343 198 401 θεσιν
209 337 354 418 αἰσχροῖς
368 327 542 416 ὀνομάτων
555 329 796 416 ἐπιγράφοντες
811 337 892 399 αίδῶ
906 339 1011 418 ψυχῆς
1025 331 1104 415 ἀρευ

97 428 161 517 τὴν
181 434 315 515 λέγουσι
338 426 400 514 τὴν
421 437 481 495 τοῦ
503 429 653 514 στόματος
675 427 874 513 εὐπρέπειαν
899 434 933 497 οί
951 430 1103 514 φιλόνεοι

99 524 263 612 αάλλονῆ
286 527 475 611 φιλόσοφοι.
505 529 559 594 καὶ
577 534 680 594 ταῦτα
697 528 759 611 μὲν
781 525 862 614 ἡμῖν
881 525 966 612 ὑπὲρ
982 535 1043 595 τοῦ
1058 524 1102 612 μὴ

99 630 211 692 δοκεῖν
227 623 397 709 ἐπισήμων
412 621 549 708 ἀνδρῶνΙ
563 625 865 710 φιλαπεχθημόνως
879 626 1104 711 μνημονεύειν

99 726 151 790 ἐπὶ
165 728 326 789 τοσοῦτον
341 720 497 806 εἰρήσθω.

184 825 234 887 25.
254 815 369 902 Μικρά
385 815 415 884 δ’
433 813 497 884 ἀπὸ
514 825 571 902 της
585 816 672 904 ἀγαυ
685 823 833 904 σπουδῆς
847 822 898 886 ἐπὶ
912 817 973 904 τὴν
989 817 1105 904 ὑμετέ-

100 942 180 1001 ραν,
197 909 500 999 ἀΚαλλικρατίδα,
523 914 669 1002 καταβάς
683 913 813 1001 ἡδονὴν
827 918 977 996 ἐπιδειξω
994 921 1104 983 παιδι-

100 1019 159 1098 κῆς
170 1012 316 1098 χρήσεως
327 1008 413 1079 πολὺ
424 1008 485 1096 την
499 1018 695 1096 γυναικείαν
704 1010 838 1097 ἀμείνω.
851 1015 905 1078 καί
915 1013 953 1078 τό
964 1038 1002 1097 γε
1014 1019 1106 1096 πρῶ·

100 1136 159 1177 τον
169 1107 233 1194 ἐγώ
244 1115 354 1175 πᾶσαν
363 1107 550 1176 ἀπόλαυσιν
561 1106 706 1194 ἡγοῦμαι
715 1112 936 1195 τερπνοτέραν
949 1106 1106 1194 εἶναιτὴν

100 1207 338 1293 χρονιωτέραν·
361 1203 448 1286 ὀξεῖα
465 1203 530 1292 γάρ
545 1205 649 1293 ἡδουὴ
665 1215 864 1290 παραπτοῐσα
880 1207 1007 1293 φθάνει
1027 1207 1106 1291 πρὶν

100 1300 121 1390 ἦ
138 1311 333 1389 γνωσθῆναι
349 1305 558 1389 πεπαυμένη,
575 1301 611 1369 τό
628 1301 660 1369 δ’
675 1302 859 1390 εὐφραῖνον
874 1307 910 1372 ἐν
927 1310 972 1394 τῷ
984 1307 1107 1387 παρέλ-

101 1427 195 1469 κοντι
209 1416 366 1483 κρεῖττον.
396 1398 439 1478 ὡς
457 1409 528 1468 είθε
543 1427 581 1486 γε
599 1401 653 1467 καί
667 1407 744 1486 βίου
759 1399 887 1486 μακράς
901 1406 1107 1485 προθεσμίας

100 1497 121 1584 ἡ
137 1498 333 1583 μικρολόγος
353 1495 433 1584 ἡμῖν
450 1496 614 1565 ἐπέκλασε
627 1505 742 1583 Μοῖρα
757 1501 812 1567 καὶ
833 1496 870 1566 τό
891 1505 959 1564 πᾶν
974 1491 1018 1583 ἦν
1033 1500 1107 1581 διη-

101 1593 201 1681 νεκὴς
215 1593 323 1681 ὑγίεια
334 1599 495 1681 μηδεμιᾶς
509 1596 616 1680 λάπης
628 1595 691 1681 την
702 1597 856 1664 διάνοιαν
867 1596 1104 1680 ἐκνεμομένης·
1123 1618 1175 1673 4ης

102 1691 220 1778 ἕορτην
235 1690 299 1776 γάρ
319 1688 362 1759 ἀν
378 1693 431 1759 καλ
451 1694 641 1778 πανήγυριν
656 1691 715 1760 τόν
735 1693 817 1761 ὅλον
832 1694 957 1780 χρόνον
971 1690 1104 1778 ἤγομεν.

102 1792 174 1862 ἀλλ’
189 1796 258 1860 ἐπεὶ
272 1797 340 1858 τόν
354 1792 516 1876 μειζόνων
527 1789 697 1878 ἀγαθῶνὸ
711 1793 880 1878 βάσκανος
896 1797 1023 1876 δαίμων
1034 1793 1107 1856 ἐνε-

102 1892 254 1976 μέσησεν,
267 1893 304 1955 ἐν
314 1915 352 1975 γε
364 1903 430 1968 τοῖς
439 1896 605 1975 παροῦσιν
613 1886 730 1975 ἥδιστα
741 1887 781 1957 τά
793 1892 1007 1976 παρέλκοντα.
1021 1885 1106 1973 γυνὴ

102 1985 162 2072 μὲν
178 1978 242 2052 οὖν
256 1983 320 2052 άπδ
337 1990 511 2072 παρθένον
527 1989 621 2074 μέχρι
635 1985 763 2072 ἡλικίας
779 1991 896 2073 μέσης,
916 1990 997 2070 πρὶν
1014 1982 1037 2071 ἢ
1053 2011 1108 2051 τε·

103 2084 184 2161 λέως
194 2083 255 2168 την
266 2084 406 2169 ἐσχάτην
416 2087 534 2171 βατίδα
544 2093 605 2152 τοῦ
616 2086 726 2171 γήρως
738 2088 947 2169 ἐπιδραμεῖν,
963 2080 1106 2166 εὐάγκα-

102 2189 162 2249 λον
177 2178 342 2263 ἀυδράσιν
356 2181 517 2269 ὁμίλημα,
533 2179 598 2251 κάν
610 2187 763 2271 παρέλθῃ
775 2181 813 2250 τά
829 2191 887 2268 τῆς
899 2180 1003 2266 όίρας,
1018 2177 1107 2265 ὅμως

102 2276 145 2366 ,,ἡ
163 2282 314 2364 ἐμπειρία
331 2286 395 2366 ἔχει
410 2308 440 2349 τι
462 2286 550 2363 λέξαι
566 2290 633 2349 τῶν
649 2288 734 2350 νέων
749 2281 979 2367 σοφάτερον.“
1010 2284 1060 2344 26.
1080 2282 1109 2344 εί

102 2375 133 2446 δ’
151 2388 276 2445 είκοσιν
292 2381 374 2444 ε’τῶν
389 2376 580 2470 ἀποπειρρόη
592 2381 693 2448 παῖδά
704 2407 763 2464 τις,
779 2376 878 2457 αὐτός
894 2384 1004 2465 ἐμοιγε
1019 2381 1112 2443 δοκεῖ

102 2484 284 2562 πασχητιάν
298 2474 485 2563 ἀμφίβολον
503 2477 700 2565 Ἀφροδίτην
712 2478 941 2565 μεταδιώκων·
971 2476 1108 2561 σκληροὶ

102 2573 167 2660 γάρ
189 2579 223 2640 οί
241 2581 309 2641 τῶν
324 2583 434 2660 μελῶν
449 2575 727 2663 ἀπαυδρωθέντες
743 2577 837 2663 όγκοι
854 2577 909 2644 καί
926 2572 1028 2660 τραχὺ
1046 2574 1107 2660 μὲν

103 2669 177 2738 ἀντί
192 2678 253 2736 τοῦ
264 2671 365 2738 πάλαι
375 2681 526 2757 μαλακοῦ
539 2676 714 2744 πυκασθλν
727 2676 853 2754 ίοόλοις
866 2673 903 2742 τό
916 2679 1060 2759 γένειον,
1077 2676 1110 2739 οί

103 2768 135 2835 δ’
150 2766 284 2850 εὐφυεῖς
295 2773 394 2855 μηροὶ
402 2775 514 2853 θριξὶν
527 2771 667 2856 ὡσπερεί
678 2776 860 2859 βυπῶντες·
877 2770 898 2838 ἀ
910 2770 942 2838 δ’
951 2773 1018 2839 ἐστὶ
1028 2770 1108 2836 τού-

102 2892 172 2934 των
183 2863 399 2953 ἀφανέστερα,
409 2883 477 2947 τοῖς
487 2869 722 2955 πεπειρακόσιν
733 2867 813 2954 ὑμῖν
824 2872 946 2936 είδέυαι
958 2874 1107 2952 παρίημι.

101 2968 235 3051 γυναικὶ
253 2967 288 3032 δὲ
309 2965 359 3032 ἀεὶ
383 2965 471 3054 πάση
492 2965 512 3053 ἡ
535 2975 596 3034 τοῦ
617 2965 788 3052 χρώματος
807 2969 985 3050 ἐπιστίλβει
1004 2965 1107 3051 χάρις,

100 3066 155 3131 καὶ
172 3067 320 3142 δαψιλεῖς
334 3063 395 3149 μὲν
407 3062 471 3132 ἀπό
483 3071 551 3132 τῶν
564 3072 621 3150 της
635 3070 781 3149 κεφαλῆς
798 3063 990 3147 βοστρύχων
1004 3064 1108 3140 ἕλικες

100 3158 278 3237 ὑακίνθοις
293 3157 328 3227 τό
347 3160 451 3229 καλὸν
460 3161 628 3230 ἀνθοῦσιν
645 3160 742 3248 όμοια
757 3160 987 3247 πυρφόροντες
1002 3166 1036 3228 οί
1044 3163 1106 3246 μὲν
1124 3176 1173 3231 42⁷

100 3258 269 3327 ἐπινάτιοι
284 3260 437 3344 κέχυνται
452 3263 670 3347 μεταφρένων
685 3261 825 3345 κόσμος,
842 3264 877 3328 οί
888 3262 925 3328 δὲ
940 3257 1021 3346 παρ’
1040 3253 1107 3328 ιότα

100 3360 154 3426 καὶ
171 3356 361 3443 κροτάφους
378 3357 464 3427 πολὺ
479 3366 547 3426 τῶν
561 3361 597 3426 ἐν
612 3365 748 3445 λειμῶνι
763 3356 937 3442 οὐλότεροι
954 3366 1104 3430 σελίνων.
