<?xml version="1.0" encoding="UTF-8"?>
<!DOCTYPE html PUBLIC "-//W3C//DTD XHTML 1.0 Transitional//EN"
    "http://www.w3.org/TR/xhtml1/DTD/xhtml1-transitional.dtd">
<html xmlns="http://www.w3.org/1999/xhtml" xml:lang="en" lang="en">
 <head>
  <title>
</title>
<meta http-equiv="Content-Type" content="text/html;charset=utf-8" />
  <meta name='ocr-system' content='tesseract 3.04.00' />
  <meta name='ocr-capabilities' content='ocr_page ocr_carea ocr_par ocr_line ocrx_word'/>
</head>
<body>
  <div class='ocr_page' id='page_1' title='image "./operaadoptimoru00jacogoog/operaadoptimoru00jacogoog_0315.png"; bbox 0 0 2575 3842; ppageno 0'>
   <div class='ocr_carea' id='block_1_1' title="bbox 406 187 1123 253">
    <p class='ocr_par' dir='ltr' id='par_1_1' title="bbox 406 187 1123 253">
     <span class='ocr_line' id='line_1_1' title="bbox 406 187 1123 253; baseline 0.004 -5"><span class='ocrx_word' id='word_1_1' title='bbox 406 187 616 252; x_wconf 79' lang='grc' dir='ltr'><em>ΤΟΞΑΡΙΣ</em></span> <span class='ocrx_word' id='word_1_2' title='bbox 634 194 664 246; x_wconf 84' lang='grc' dir='ltr'><em>Η</em></span> <span class='ocrx_word' id='word_1_3' title='bbox 685 191 843 248; x_wconf 83' lang='grc' dir='ltr'><em>ΦΙΛΙΑ.</em></span> <span class='ocrx_word' id='word_1_4' title='bbox 1060 188 1123 253; x_wconf 60' lang='grc'><strong><em>967</em></strong></span> 
     </span>
    </p>
   </div>
   <div class='ocr_carea' id='block_1_2' title="bbox 3 343 1138 1022">
    <p class='ocr_par' dir='ltr' id='par_1_2' title="bbox 195 343 1123 435">
     <span class='ocr_line' id='line_1_2' title="bbox 195 343 1123 435; baseline 0.002 -19"><span class='ocrx_word' id='word_1_5' title='bbox 195 352 225 416; x_wconf 87' lang='grc'><strong><em>4.</em></strong></span> <span class='ocrx_word' id='word_1_6' title='bbox 248 354 398 415; x_wconf 88' lang='grc' dir='ltr'><strong><em>ΜΝΗΣ.</em></strong></span> <span class='ocrx_word' id='word_1_7' title='bbox 420 349 541 433; x_wconf 89' lang='grc' dir='ltr'><strong><em>Λέγοις</em></strong></span> <span class='ocrx_word' id='word_1_8' title='bbox 555 343 599 414; x_wconf 82' lang='grc' dir='ltr'><strong><em>άν</em></strong></span> <span class='ocrx_word' id='word_1_9' title='bbox 613 344 677 433; x_wconf 78' lang='grc' dir='ltr'><strong><em>ἤδη</em></strong></span> <span class='ocrx_word' id='word_1_10' title='bbox 689 346 708 414; x_wconf 82' lang='grc' dir='ltr'>ὅ</span> <span class='ocrx_word' id='word_1_11' title='bbox 719 376 750 416; x_wconf 91' lang='grc' dir='ltr'><strong><em>τι</em></strong></span> <span class='ocrx_word' id='word_1_12' title='bbox 764 346 801 416; x_wconf 86' lang='grc' dir='ltr'><strong><em>τδ</em></strong></span> <span class='ocrx_word' id='word_1_13' title='bbox 819 348 945 435; x_wconf 88' lang='grc' dir='ltr'><strong><em>σεμυδυ</em></strong></span> <span class='ocrx_word' id='word_1_14' title='bbox 961 353 1016 417; x_wconf 80' lang='grc' dir='ltr'><strong><em>καὶ</em></strong></span> <span class='ocrx_word' id='word_1_15' title='bbox 1025 360 1123 418; x_wconf 78' lang='grc' dir='ltr'><strong><em>θετον</em></strong></span> 
     </span>
    </p>

    <p class='ocr_par' dir='ltr' id='par_1_3' title="bbox 2 444 1138 1022">
     <span class='ocr_line' id='line_1_3' title="bbox 9 444 1138 537; baseline 0.002 -22"><span class='ocrx_word' id='word_1_16' title='bbox 9 473 25 498; x_wconf 44' lang='lat'><strong><em>1·</em></strong></span> <span class='ocrx_word' id='word_1_17' title='bbox 111 447 192 517; x_wconf 87' lang='grc' dir='ltr'><strong><em>άλλο</em></strong></span> <span class='ocrx_word' id='word_1_18' title='bbox 208 446 449 533; x_wconf 75' lang='grc' dir='ltr'><strong><em>ἐξειργάσαντο,</em></strong></span> <span class='ocrx_word' id='word_1_19' title='bbox 479 448 547 514; x_wconf 81' lang='grc' dir='ltr'><strong><em>ἐπεὶ</em></strong></span> <span class='ocrx_word' id='word_1_20' title='bbox 569 444 652 514; x_wconf 82' lang='grc' dir='ltr'><strong><em>ὅσον</em></strong></span> <span class='ocrx_word' id='word_1_21' title='bbox 669 448 722 514; x_wconf 81' lang='grc' dir='ltr'><strong><em>ἐπὶ</em></strong></span> <span class='ocrx_word' id='word_1_22' title='bbox 743 455 787 537; x_wconf 79' lang='grc' dir='ltr'><strong><em>τῷ</em></strong></span> <span class='ocrx_word' id='word_1_23' title='bbox 809 454 881 536; x_wconf 78' lang='grc' dir='ltr'><strong><em>πλῷ</em></strong></span> <span class='ocrx_word' id='word_1_24' title='bbox 902 451 957 515; x_wconf 84' lang='grc' dir='ltr'><strong><em>καὶ</em></strong></span> <span class='ocrx_word' id='word_1_25' title='bbox 976 455 1016 536; x_wconf 80' lang='grc' dir='ltr'><strong><em>τῇ</em></strong></span> <span class='ocrx_word' id='word_1_26' title='bbox 1038 445 1138 518; x_wconf 86' lang='grc' dir='ltr'><strong><em>άπο-,</em></strong></span> 
     </span>
     <span class='ocr_line' id='line_1_4' title="bbox 111 541 1123 632; baseline -0.004 -16.486"><span class='ocrx_word' id='word_1_27' title='bbox 111 549 212 632; x_wconf 85' lang='grc' dir='ltr'><strong><em>δημίᾳ</em></strong></span> <span class='ocrx_word' id='word_1_28' title='bbox 232 541 378 622; x_wconf 85' lang='grc' dir='ltr'><strong><em>πολλούς</em></strong></span> <span class='ocrx_word' id='word_1_29' title='bbox 400 543 443 610; x_wconf 87' lang='grc' dir='ltr'><strong><em>άν</em></strong></span> <span class='ocrx_word' id='word_1_30' title='bbox 466 565 519 611; x_wconf 94' lang='grc' dir='ltr'><strong><em>σοι</em></strong></span> <span class='ocrx_word' id='word_1_31' title='bbox 540 547 734 628; x_wconf 76' lang='grc' dir='ltr'><strong><em>θειοτέρους</em></strong></span> <span class='ocrx_word' id='word_1_32' title='bbox 756 547 893 612; x_wconf 83' lang='grc' dir='ltr'><strong><em>ἐκείνων</em></strong></span> <span class='ocrx_word' id='word_1_33' title='bbox 915 543 1123 630; x_wconf 76' lang='grc' dir='ltr'><strong><em>ἀποδείξαιμι</em></strong></span> 
     </span>
     <span class='ocr_line' id='line_1_5' title="bbox 111 637 1122 727; baseline -0.004 -15.487"><span class='ocrx_word' id='word_1_34' title='bbox 111 638 192 718; x_wconf 83' lang='grc' dir='ltr'><strong><em>τούς</em></strong></span> <span class='ocrx_word' id='word_1_35' title='bbox 209 642 392 727; x_wconf 81' lang='grc' dir='ltr'><strong><em>ἐμπόρους,</em></strong></span> <span class='ocrx_word' id='word_1_36' title='bbox 410 643 464 708; x_wconf 80' lang='grc' dir='ltr'><strong><em>καὶ</em></strong></span> <span class='ocrx_word' id='word_1_37' title='bbox 481 640 622 724; x_wconf 90' lang='grc' dir='ltr'><strong><em>μάλιστα</em></strong></span> <span class='ocrx_word' id='word_1_38' title='bbox 637 638 715 718; x_wconf 86' lang='grc' dir='ltr'><strong><em>τούς</em></strong></span> <span class='ocrx_word' id='word_1_39' title='bbox 731 647 891 718; x_wconf 88' lang='grc' dir='ltr'><strong><em>Φοίνικας</em></strong></span> <span class='ocrx_word' id='word_1_40' title='bbox 907 637 1037 724; x_wconf 78' lang='grc' dir='ltr'><strong><em>αὐτῶν,</em></strong></span> <span class='ocrx_word' id='word_1_41' title='bbox 1060 637 1122 707; x_wconf 90' lang='grc' dir='ltr'><strong><em>ούκ</em></strong></span> 
     </span>
     <span class='ocr_line' id='line_1_6' title="bbox 5 735 1122 823; baseline -0.001 -21"><span class='ocrx_word' id='word_1_42' title='bbox 5 753 20 810; x_wconf 57' lang='grc' dir='ltr'><strong><em>ς’</em></strong></span> <span class='ocrx_word' id='word_1_43' title='bbox 110 741 143 816; x_wconf 89' lang='grc' dir='ltr'><strong><em>ές</em></strong></span> <span class='ocrx_word' id='word_1_44' title='bbox 157 735 216 804; x_wconf 88' lang='grc' dir='ltr'><strong><em>τδν</em></strong></span> <span class='ocrx_word' id='word_1_45' title='bbox 229 737 366 805; x_wconf 82' lang='grc' dir='ltr'><strong><em>Πόντον</em></strong></span> <span class='ocrx_word' id='word_1_46' title='bbox 382 736 460 804; x_wconf 80' lang='grc' dir='ltr'><strong><em>ούδὲ</em></strong></span> <span class='ocrx_word' id='word_1_47' title='bbox 475 735 550 822; x_wconf 86' lang='grc' dir='ltr'><strong><em>άχρι</em></strong></span> <span class='ocrx_word' id='word_1_48' title='bbox 565 745 622 823; x_wconf 81' lang='grc' dir='ltr'><strong><em>τῆς</em></strong></span> <span class='ocrx_word' id='word_1_49' title='bbox 634 738 827 815; x_wconf 75' lang='grc' dir='ltr'><strong><em>Μαιώτιδος</em></strong></span> <span class='ocrx_word' id='word_1_50' title='bbox 841 740 897 805; x_wconf 83' lang='grc' dir='ltr'><strong><em>καὶ</em></strong></span> <span class='ocrx_word' id='word_1_51' title='bbox 912 743 972 804; x_wconf 86' lang='grc' dir='ltr'><strong><em>τοῦ</em></strong></span> <span class='ocrx_word' id='word_1_52' title='bbox 987 737 1122 804; x_wconf 85' lang='grc' dir='ltr'><strong><em>Βοσπό-</em></strong></span> 
     </span>
     <span class='ocr_line' id='line_1_7' title="bbox 3 832 1121 922; baseline -0.002 -20"><span class='ocrx_word' id='word_1_53' title='bbox 3 874 21 910; x_wconf 60' lang='grc'><strong><em>,«.</em></strong></span> <span class='ocrx_word' id='word_1_54' title='bbox 111 861 175 922; x_wconf 88' lang='grc' dir='ltr'><strong><em>ρον</em></strong></span> <span class='ocrx_word' id='word_1_55' title='bbox 193 836 300 922; x_wconf 88' lang='grc' dir='ltr'><strong><em>μόνον</em></strong></span> <span class='ocrx_word' id='word_1_56' title='bbox 322 838 535 920; x_wconf 79' lang='grc' dir='ltr'><strong><em>ἐσπλέοντας,</em></strong></span> <span class='ocrx_word' id='word_1_57' title='bbox 562 833 646 902; x_wconf 76' lang='grc' dir='ltr'><strong><em>ἀλλὰ</em></strong></span> <span class='ocrx_word' id='word_1_58' title='bbox 662 843 832 922; x_wconf 82' lang='grc' dir='ltr'><strong><em>πανταχοῦ</em></strong></span> <span class='ocrx_word' id='word_1_59' title='bbox 854 843 912 921; x_wconf 82' lang='grc' dir='ltr'><strong><em>τῆς</em></strong></span> <span class='ocrx_word' id='word_1_60' title='bbox 931 832 1121 919; x_wconf 76' lang='grc' dir='ltr'><strong><em>Ἑλληνικῆς</em></strong></span> 
     </span>
     <span class='ocr_line' id='line_1_8' title="bbox 110 930 1119 1022; baseline -0.003 -21"><span class='ocrx_word' id='word_1_61' title='bbox 110 936 164 1002; x_wconf 80' lang='grc' dir='ltr'><strong><em>καὶ</em></strong></span> <span class='ocrx_word' id='word_1_62' title='bbox 180 942 385 1022; x_wconf 78' lang='grc' dir='ltr'><strong><em>βαρβαρικῆς</em></strong></span> <span class='ocrx_word' id='word_1_63' title='bbox 401 934 569 1019; x_wconf 78' lang='grc' dir='ltr'><strong><em>θαλάττης</em></strong></span> <span class='ocrx_word' id='word_1_64' title='bbox 584 938 881 1020; x_wconf 84' lang='grc' dir='ltr'><strong><em>ναυτιλλομένους·</em></strong></span> <span class='ocrx_word' id='word_1_65' title='bbox 905 932 1039 1001; x_wconf 77' lang='grc' dir='ltr'><strong><em>ἅπασαν</em></strong></span> <span class='ocrx_word' id='word_1_66' title='bbox 1055 930 1119 1017; x_wconf 80' lang='grc' dir='ltr'><strong><em>γὰρ</em></strong></span> 
     </span>
    </p>
   </div>
   <div class='ocr_carea' id='block_1_3' title="bbox 1 1024 1186 2490">
    <p class='ocr_par' dir='ltr' id='par_1_4' title="bbox 1 1024 1119 1502">
     <span class='ocr_line' id='line_1_9' title="bbox 1 1024 1119 1118; baseline -0.007 -14"><span class='ocrx_word' id='word_1_67' title='bbox 1 1069 11 1108; x_wconf 61' lang='lat'><strong><em>„1</em></strong></span> <span class='ocrx_word' id='word_1_68' title='bbox 111 1024 205 1099; x_wconf 85' lang='grc' dir='ltr'><strong><em>οὗτοι</em></strong></span> <span class='ocrx_word' id='word_1_69' title='bbox 224 1030 329 1118; x_wconf 81' lang='grc' dir='ltr'><strong><em>άκτην</em></strong></span> <span class='ocrx_word' id='word_1_70' title='bbox 349 1035 403 1100; x_wconf 81' lang='grc' dir='ltr'><strong><em>καλ</em></strong></span> <span class='ocrx_word' id='word_1_71' title='bbox 421 1033 529 1098; x_wconf 88' lang='grc' dir='ltr'><strong><em>πάντα</em></strong></span> <span class='ocrx_word' id='word_1_72' title='bbox 547 1032 716 1117; x_wconf 81' lang='grc' dir='ltr'><strong><em>αἰγιαλόν,</em></strong></span> <span class='ocrx_word' id='word_1_73' title='bbox 739 1031 784 1110; x_wconf 88' lang='grc' dir='ltr'><strong><em>ώς</em></strong></span> <span class='ocrx_word' id='word_1_74' title='bbox 801 1039 922 1116; x_wconf 77' lang='grc' dir='ltr'><strong><em>εἰπεῖν,</em></strong></span> <span class='ocrx_word' id='word_1_75' title='bbox 945 1036 1119 1117; x_wconf 88' lang='grc' dir='ltr'><strong><em>διερευνη-</em></strong></span> 
     </span>
     <span class='ocr_line' id='line_1_10' title="bbox 1 1127 1119 1217; baseline 0.002 -23"><span class='ocrx_word' id='word_1_76' title='bbox 1 1167 11 1204; x_wconf 60' lang='lat'><strong><em>„-</em></strong></span> <span class='ocrx_word' id='word_1_77' title='bbox 110 1130 248 1216; x_wconf 86' lang='grc' dir='ltr'><strong><em>σάμενοι</em></strong></span> <span class='ocrx_word' id='word_1_78' title='bbox 263 1127 343 1198; x_wconf 85' lang='grc' dir='ltr'><strong><em>καθ’</em></strong></span> <span class='ocrx_word' id='word_1_79' title='bbox 360 1133 501 1198; x_wconf 77' lang='grc' dir='ltr'><strong><em>ἕκαστον</em></strong></span> <span class='ocrx_word' id='word_1_80' title='bbox 521 1136 592 1208; x_wconf 79' lang='grc' dir='ltr'><strong><em>ἔτος</em></strong></span> <span class='ocrx_word' id='word_1_81' title='bbox 613 1127 677 1210; x_wconf 71' lang='grc' dir='ltr'><strong><em>ὀψὲ</em></strong></span> <span class='ocrx_word' id='word_1_82' title='bbox 697 1138 759 1197; x_wconf 82' lang='grc' dir='ltr'><strong><em>τού</em></strong></span> <span class='ocrx_word' id='word_1_83' title='bbox 781 1129 979 1217; x_wconf 77' lang='grc' dir='ltr'><strong><em>μετοπώρου</em></strong></span> <span class='ocrx_word' id='word_1_84' title='bbox 997 1136 1043 1208; x_wconf 88' lang='grc' dir='ltr'><strong><em>είς</em></strong></span> <span class='ocrx_word' id='word_1_85' title='bbox 1057 1127 1119 1215; x_wconf 80' lang='grc' dir='ltr'><strong><em>τὴν</em></strong></span> 
     </span>
     <span class='ocr_line' id='line_1_11' title="bbox 3 1223 1119 1312; baseline 0.002 -20"><span class='ocrx_word' id='word_1_86' title='bbox 3 1267 7 1310; x_wconf 71' lang='lat'><strong>1</strong></span> <span class='ocrx_word' id='word_1_87' title='bbox 109 1224 221 1293; x_wconf 83' lang='grc' dir='ltr'><strong><em>αὐτῶν</em></strong></span> <span class='ocrx_word' id='word_1_88' title='bbox 236 1229 417 1296; x_wconf 79' lang='grc' dir='ltr'><strong><em>ἐπανίασιν.</em></strong></span> <span class='ocrx_word' id='word_1_89' title='bbox 448 1224 507 1306; x_wconf 76' lang='grc' dir='ltr'><strong><em>οὓς</em></strong></span> <span class='ocrx_word' id='word_1_90' title='bbox 522 1224 604 1294; x_wconf 80' lang='grc' dir='ltr'><strong><em>κατά</em></strong></span> <span class='ocrx_word' id='word_1_91' title='bbox 620 1223 681 1294; x_wconf 88' lang='grc' dir='ltr'><strong><em>τδν</em></strong></span> <span class='ocrx_word' id='word_1_92' title='bbox 695 1224 799 1294; x_wconf 89' lang='grc' dir='ltr'><strong><em>αύτδν</em></strong></span> <span class='ocrx_word' id='word_1_93' title='bbox 814 1227 918 1312; x_wconf 91' lang='grc' dir='ltr'><strong><em>λόγον</em></strong></span> <span class='ocrx_word' id='word_1_94' title='bbox 937 1225 1041 1305; x_wconf 85' lang='grc' dir='ltr'><strong><em>θεούς</em></strong></span> <span class='ocrx_word' id='word_1_95' title='bbox 1057 1226 1119 1294; x_wconf 89' lang='grc' dir='ltr'><strong><em>νύ-</em></strong></span> 
     </span>
     <span class='ocr_line' id='line_1_12' title="bbox 8 1325 1118 1412; baseline 0.002 -22"><span class='ocrx_word' id='word_1_96' title='bbox 8 1377 9 1380; x_wconf 19' lang='lat'>¹</span> <span class='ocrx_word' id='word_1_97' title='bbox 109 1329 193 1410; x_wconf 79' lang='grc' dir='ltr'><strong><em>μιξε,</em></strong></span> <span class='ocrx_word' id='word_1_98' title='bbox 220 1325 276 1391; x_wconf 83' lang='grc' dir='ltr'><strong><em>καὶ</em></strong></span> <span class='ocrx_word' id='word_1_99' title='bbox 293 1331 397 1392; x_wconf 80' lang='grc' dir='ltr'><strong><em>ταῦτα</em></strong></span> <span class='ocrx_word' id='word_1_100' title='bbox 419 1325 590 1410; x_wconf 80' lang='grc' dir='ltr'><strong><em>καπήλους</em></strong></span> <span class='ocrx_word' id='word_1_101' title='bbox 613 1326 669 1392; x_wconf 81' lang='grc' dir='ltr'><strong><em>καὶ</em></strong></span> <span class='ocrx_word' id='word_1_102' title='bbox 690 1325 937 1412; x_wconf 78' lang='grc' dir='ltr'><strong><em>ταριχοπώλας,</em></strong></span> <span class='ocrx_word' id='word_1_103' title='bbox 963 1331 992 1392; x_wconf 86' lang='grc' dir='ltr'><strong><em>εί</em></strong></span> <span class='ocrx_word' id='word_1_104' title='bbox 1015 1325 1118 1411; x_wconf 92' lang='grc' dir='ltr'><strong><em>τύχοι,</em></strong></span> 
     </span>
     <span class='ocr_line' id='line_1_13' title="bbox 1 1418 594 1502; baseline 0.005 -15"><span class='ocrx_word' id='word_1_105' title='bbox 1 1447 3 1498; x_wconf 86' lang='lat' dir='ltr'>j</span> <span class='ocrx_word' id='word_1_106' title='bbox 108 1418 185 1499; x_wconf 87' lang='grc' dir='ltr'><strong><em>τούς</em></strong></span> <span class='ocrx_word' id='word_1_107' title='bbox 197 1420 342 1500; x_wconf 85' lang='grc' dir='ltr'><strong><em>πολλούς</em></strong></span> <span class='ocrx_word' id='word_1_108' title='bbox 358 1421 470 1490; x_wconf 80' lang='grc' dir='ltr'><strong><em>αὐτῶν</em></strong></span> <span class='ocrx_word' id='word_1_109' title='bbox 486 1421 594 1502; x_wconf 79' lang='grc' dir='ltr'><strong><em>ὄντας.</em></strong></span> 
     </span>
    </p>

    <p class='ocr_par' dir='ltr' id='par_1_5' title="bbox 106 1517 1186 2490">
     <span class='ocr_line' id='line_1_14' title="bbox 192 1517 1115 1610; baseline -0.002 -20"><span class='ocrx_word' id='word_1_110' title='bbox 192 1529 220 1590; x_wconf 89' lang='lat'><strong><em>5.</em></strong></span> <span class='ocrx_word' id='word_1_111' title='bbox 246 1526 338 1600; x_wconf 71' lang='grc' dir='ltr'><em>ΤΟΞ.</em></span> <span class='ocrx_word' id='word_1_112' title='bbox 353 1522 474 1592; x_wconf 73' lang='grc' dir='ltr'><strong><em>’Ἄκουε</em></strong></span> <span class='ocrx_word' id='word_1_113' title='bbox 494 1523 550 1609; x_wconf 82' lang='grc' dir='ltr'><strong><em>δή,</em></strong></span> <span class='ocrx_word' id='word_1_114' title='bbox 575 1517 803 1610; x_wconf 86' lang='grc' dir='ltr'><strong><em>ώθαυμάσιε,</em></strong></span> <span class='ocrx_word' id='word_1_115' title='bbox 820 1525 875 1591; x_wconf 87' lang='grc' dir='ltr'><strong><em>καὶ</em></strong></span> <span class='ocrx_word' id='word_1_116' title='bbox 898 1523 1015 1591; x_wconf 83' lang='grc' dir='ltr'><strong><em>σκόπει</em></strong></span> <span class='ocrx_word' id='word_1_117' title='bbox 1036 1519 1115 1589; x_wconf 83' lang='grc' dir='ltr'><strong><em>καθ’</em></strong></span> 
     </span>
     <span class='ocr_line' id='line_1_15' title="bbox 108 1615 1118 1708; baseline 0.001 -23"><span class='ocrx_word' id='word_1_118' title='bbox 108 1617 190 1686; x_wconf 81' lang='grc' dir='ltr'><strong><em>ὅσον</em></strong></span> <span class='ocrx_word' id='word_1_119' title='bbox 201 1615 294 1704; x_wconf 76' lang='grc' dir='ltr'><strong><em>ἡμεῖς</em></strong></span> <span class='ocrx_word' id='word_1_120' title='bbox 305 1624 339 1686; x_wconf 80' lang='grc' dir='ltr'><strong><em>ολ</em></strong></span> <span class='ocrx_word' id='word_1_121' title='bbox 351 1621 517 1708; x_wconf 78' lang='grc' dir='ltr'><strong><em>βάρβαροι</em></strong></span> <span class='ocrx_word' id='word_1_122' title='bbox 529 1617 841 1708; x_wconf 76' lang='grc' dir='ltr'><strong><em>εὐγνωμονέστερον</em></strong></span> <span class='ocrx_word' id='word_1_123' title='bbox 857 1618 953 1707; x_wconf 83' lang='grc' dir='ltr'><strong><em>ύμών</em></strong></span> <span class='ocrx_word' id='word_1_124' title='bbox 964 1622 1039 1702; x_wconf 82' lang='grc' dir='ltr'><strong><em>περὶ</em></strong></span> <span class='ocrx_word' id='word_1_125' title='bbox 1051 1627 1118 1686; x_wconf 84' lang='grc' dir='ltr'><strong><em>τών</em></strong></span> 
     </span>
     <span class='ocr_line' id='line_1_16' title="bbox 108 1716 1118 1808; baseline 0.002 -22"><span class='ocrx_word' id='word_1_126' title='bbox 108 1718 249 1805; x_wconf 82' lang='grc' dir='ltr'><strong><em>ἅγαθιιν</em></strong></span> <span class='ocrx_word' id='word_1_127' title='bbox 263 1716 398 1803; x_wconf 84' lang='grc' dir='ltr'><strong><em>άνδρών</em></strong></span> <span class='ocrx_word' id='word_1_128' title='bbox 413 1728 587 1807; x_wconf 88' lang='grc' dir='ltr'><strong><em>κρίνομεν,</em></strong></span> <span class='ocrx_word' id='word_1_129' title='bbox 609 1731 643 1789; x_wconf 84' lang='grc' dir='ltr'><strong><em>εί</em></strong></span> <span class='ocrx_word' id='word_1_130' title='bbox 653 1749 691 1806; x_wconf 89' lang='grc' dir='ltr'><strong><em>γε</em></strong></span> <span class='ocrx_word' id='word_1_131' title='bbox 706 1726 742 1790; x_wconf 87' lang='grc' dir='ltr'><strong><em>ἐν</em></strong></span> <span class='ocrx_word' id='word_1_132' title='bbox 754 1722 867 1808; x_wconf 82' lang='grc' dir='ltr'><strong><em>”Αργει</em></strong></span> <span class='ocrx_word' id='word_1_133' title='bbox 881 1722 943 1808; x_wconf 70' lang='grc' dir='ltr'><strong><em>μὲν</em></strong></span> <span class='ocrx_word' id='word_1_134' title='bbox 963 1722 1019 1790; x_wconf 83' lang='grc' dir='ltr'><strong><em>καὶ</em></strong></span> <span class='ocrx_word' id='word_1_135' title='bbox 1036 1728 1118 1788; x_wconf 91' lang='grc' dir='ltr'><strong><em>Μυ-</em></strong></span> 
     </span>
     <span class='ocr_line' id='line_1_17' title="bbox 108 1813 1117 1904; baseline 0 -20"><span class='ocrx_word' id='word_1_136' title='bbox 108 1817 225 1902; x_wconf 82' lang='grc' dir='ltr'><strong><em>κήναις</em></strong></span> <span class='ocrx_word' id='word_1_137' title='bbox 241 1813 319 1882; x_wconf 76' lang='grc' dir='ltr'><strong><em>οὐδὲ</em></strong></span> <span class='ocrx_word' id='word_1_138' title='bbox 335 1816 443 1901; x_wconf 89' lang='grc' dir='ltr'><strong><em>τάφον</em></strong></span> <span class='ocrx_word' id='word_1_139' title='bbox 463 1819 602 1896; x_wconf 84' lang='grc' dir='ltr'><strong><em>ένδοξύν</em></strong></span> <span class='ocrx_word' id='word_1_140' title='bbox 619 1821 710 1886; x_wconf 89' lang='grc' dir='ltr'><strong><em>ἐστιν</em></strong></span> <span class='ocrx_word' id='word_1_141' title='bbox 730 1822 815 1886; x_wconf 85' lang='grc' dir='ltr'><strong><em>ίδείν</em></strong></span> <span class='ocrx_word' id='word_1_142' title='bbox 833 1817 987 1902; x_wconf 84' lang='grc' dir='ltr'><strong><em>Ὀρέστου</em></strong></span> <span class='ocrx_word' id='word_1_143' title='bbox 1007 1813 1117 1904; x_wconf 79' lang='grc' dir='ltr'><strong><em>ἢΠυ-</em></strong></span> 
     </span>
     <span class='ocr_line' id='line_1_18' title="bbox 110 1911 1118 2000; baseline -0.002 -17"><span class='ocrx_word' id='word_1_144' title='bbox 110 1913 230 1994; x_wconf 82' lang='grc' dir='ltr'><strong><em>λάδου,</em></strong></span> <span class='ocrx_word' id='word_1_145' title='bbox 249 1911 328 1997; x_wconf 86' lang='grc' dir='ltr'><strong><em>παρ’</em></strong></span> <span class='ocrx_word' id='word_1_146' title='bbox 344 1911 423 1999; x_wconf 79' lang='grc' dir='ltr'><strong><em>ἡμῖν</em></strong></span> <span class='ocrx_word' id='word_1_147' title='bbox 439 1913 474 1980; x_wconf 73' lang='grc' dir='ltr'><strong><em>δὲ</em></strong></span> <span class='ocrx_word' id='word_1_148' title='bbox 495 1915 550 1981; x_wconf 80' lang='grc' dir='ltr'><strong><em>καὶ</em></strong></span> <span class='ocrx_word' id='word_1_149' title='bbox 567 1911 651 1993; x_wconf 86' lang='grc' dir='ltr'><strong><em>νεώς</em></strong></span> <span class='ocrx_word' id='word_1_150' title='bbox 671 1913 900 1983; x_wconf 82' lang='grc' dir='ltr'><strong><em>ἀποδέδεικται</em></strong></span> <span class='ocrx_word' id='word_1_151' title='bbox 921 1912 1033 1991; x_wconf 79' lang='grc' dir='ltr'><strong><em>αὐτοῖς</em></strong></span> <span class='ocrx_word' id='word_1_152' title='bbox 1050 1913 1118 2000; x_wconf 82' lang='grc' dir='ltr'><strong><em>ἅμα</em></strong></span> 
     </span>
     <span class='ocr_line' id='line_1_19' title="bbox 108 2003 1118 2096; baseline -0.001 -18"><span class='ocrx_word' id='word_1_153' title='bbox 108 2009 324 2095; x_wconf 74' lang='grc' dir='ltr'><strong><em>ἀμφοτέροις,</em></strong></span> <span class='ocrx_word' id='word_1_154' title='bbox 346 2008 456 2095; x_wconf 82' lang='grc' dir='ltr'><strong><em>ώσπερ</em></strong></span> <span class='ocrx_word' id='word_1_155' title='bbox 472 2008 559 2088; x_wconf 87' lang='grc' dir='ltr'><strong><em>είκός</em></strong></span> <span class='ocrx_word' id='word_1_156' title='bbox 574 2003 634 2096; x_wconf 79' lang='grc' dir='ltr'><strong><em>ἦν,</em></strong></span> <span class='ocrx_word' id='word_1_157' title='bbox 658 2014 797 2095; x_wconf 82' lang='grc' dir='ltr'><strong><em>ἑταίροις</em></strong></span> <span class='ocrx_word' id='word_1_158' title='bbox 811 2036 849 2095; x_wconf 88' lang='grc' dir='ltr'><strong><em>γε</em></strong></span> <span class='ocrx_word' id='word_1_159' title='bbox 864 2003 957 2094; x_wconf 89' lang='grc' dir='ltr'><strong><em>ούσι,</em></strong></span> <span class='ocrx_word' id='word_1_160' title='bbox 980 2011 1034 2078; x_wconf 85' lang='grc' dir='ltr'><strong><em>καλ</em></strong></span> <span class='ocrx_word' id='word_1_161' title='bbox 1048 2021 1118 2077; x_wconf 86' lang='grc' dir='ltr'><strong><em>θυ-</em></strong></span> 
     </span>
     <span class='ocr_line' id='line_1_20' title="bbox 109 2105 1118 2194; baseline -0.002 -20"><span class='ocrx_word' id='word_1_162' title='bbox 109 2114 176 2175; x_wconf 86' lang='grc' dir='ltr'><strong><em>σίαι</em></strong></span> <span class='ocrx_word' id='word_1_163' title='bbox 191 2109 419 2193; x_wconf 88' lang='grc' dir='ltr'><strong><em>προσάγονται</em></strong></span> <span class='ocrx_word' id='word_1_164' title='bbox 433 2110 487 2177; x_wconf 80' lang='grc' dir='ltr'><strong><em>καὶ</em></strong></span> <span class='ocrx_word' id='word_1_165' title='bbox 503 2105 523 2194; x_wconf 79' lang='grc' dir='ltr'><em>ἡ</em></span> <span class='ocrx_word' id='word_1_166' title='bbox 538 2106 622 2193; x_wconf 85' lang='grc' dir='ltr'><strong><em>άλλη</em></strong></span> <span class='ocrx_word' id='word_1_167' title='bbox 633 2107 709 2194; x_wconf 80' lang='grc' dir='ltr'><strong><em>τιμὴ</em></strong></span> <span class='ocrx_word' id='word_1_168' title='bbox 724 2105 853 2175; x_wconf 75' lang='grc' dir='ltr'><strong><em>ἅπασα</em></strong></span> <span class='ocrx_word' id='word_1_169' title='bbox 877 2107 999 2174; x_wconf 82' lang='grc' dir='ltr'><strong><em>κωλύει</em></strong></span> <span class='ocrx_word' id='word_1_170' title='bbox 1010 2133 1046 2173; x_wconf 89' lang='grc' dir='ltr'><strong><em>τε</em></strong></span> <span class='ocrx_word' id='word_1_171' title='bbox 1058 2105 1118 2173; x_wconf 92' lang='grc' dir='ltr'><strong><em>ού-</em></strong></span> 
     </span>
     <span class='ocr_line' id='line_1_21' title="bbox 109 2199 1117 2293; baseline 0.001 -21"><span class='ocrx_word' id='word_1_172' title='bbox 109 2210 181 2292; x_wconf 86' lang='grc' dir='ltr'><strong><em>δέν,</em></strong></span> <span class='ocrx_word' id='word_1_173' title='bbox 206 2204 256 2273; x_wconf 85' lang='grc' dir='ltr'><strong><em>ὅτι</em></strong></span> <span class='ocrx_word' id='word_1_174' title='bbox 272 2209 360 2286; x_wconf 83' lang='grc' dir='ltr'><strong><em>ξένοι</em></strong></span> <span class='ocrx_word' id='word_1_175' title='bbox 372 2199 476 2293; x_wconf 80' lang='grc' dir='ltr'><strong><em>ἦσαν,</em></strong></span> <span class='ocrx_word' id='word_1_176' title='bbox 500 2204 582 2274; x_wconf 84' lang='grc' dir='ltr'><strong><em>άλλά</em></strong></span> <span class='ocrx_word' id='word_1_177' title='bbox 598 2204 642 2293; x_wconf 79' lang='grc' dir='ltr'><strong><em>μὴ</em></strong></span> <span class='ocrx_word' id='word_1_178' title='bbox 658 2206 813 2292; x_wconf 77' lang='grc' dir='ltr'><strong><em>Σκύθαι,</em></strong></span> <span class='ocrx_word' id='word_1_179' title='bbox 836 2202 989 2291; x_wconf 79' lang='grc' dir='ltr'><strong><em>ἀγαθούς</em></strong></span> <span class='ocrx_word' id='word_1_180' title='bbox 1005 2214 1117 2288; x_wconf 90' lang='grc' dir='ltr'><strong><em>κεκρί-</em></strong></span> 
     </span>
     <span class='ocr_line' id='line_1_22' title="bbox 106 2301 1186 2391; baseline -0.002 -19"><span class='ocrx_word' id='word_1_181' title='bbox 106 2315 204 2373; x_wconf 86' lang='grc' dir='ltr'><strong><em>σθαι·</em></strong></span> <span class='ocrx_word' id='word_1_182' title='bbox 226 2303 269 2372; x_wconf 88' lang='grc' dir='ltr'><strong><em>ού</em></strong></span> <span class='ocrx_word' id='word_1_183' title='bbox 279 2301 345 2391; x_wconf 81' lang='grc' dir='ltr'><strong><em>γάρ</em></strong></span> <span class='ocrx_word' id='word_1_184' title='bbox 357 2305 546 2391; x_wconf 73' lang='grc' dir='ltr'><strong><em>ἐξετάζομεν</em></strong></span> <span class='ocrx_word' id='word_1_185' title='bbox 556 2303 641 2373; x_wconf 83' lang='grc' dir='ltr'><strong><em>ὅθεν</em></strong></span> <span class='ocrx_word' id='word_1_186' title='bbox 657 2309 690 2372; x_wconf 86' lang='grc' dir='ltr'><strong><em>οί</em></strong></span> <span class='ocrx_word' id='word_1_187' title='bbox 702 2307 798 2372; x_wconf 76' lang='grc' dir='ltr'><strong><em>καλοὶ</em></strong></span> <span class='ocrx_word' id='word_1_188' title='bbox 814 2305 867 2372; x_wconf 83' lang='grc' dir='ltr'><strong><em>καὶ</em></strong></span> <span class='ocrx_word' id='word_1_189' title='bbox 879 2301 1006 2389; x_wconf 86' lang='grc' dir='ltr'><strong><em>άγαθοί</em></strong></span> <span class='ocrx_word' id='word_1_190' title='bbox 1020 2310 1114 2389; x_wconf 77' lang='grc' dir='ltr'><strong><em>εἰσιν,</em></strong></span> <span class='ocrx_word' id='word_1_191' title='bbox 1136 2318 1186 2370; x_wconf 69' lang='lat'><strong><em>⁶12</em></strong></span> 
     </span>
     <span class='ocr_line' id='line_1_23' title="bbox 106 2400 1117 2490; baseline 0.001 -20"><span class='ocrx_word' id='word_1_192' title='bbox 106 2401 186 2471; x_wconf 71' lang='grc' dir='ltr'><strong><em>οὐδὲ</em></strong></span> <span class='ocrx_word' id='word_1_193' title='bbox 204 2409 420 2490; x_wconf 83' lang='grc' dir='ltr'><strong><em>φθονοῦμεν,</em></strong></span> <span class='ocrx_word' id='word_1_194' title='bbox 445 2410 475 2472; x_wconf 86' lang='grc' dir='ltr'><strong><em>εί</em></strong></span> <span class='ocrx_word' id='word_1_195' title='bbox 490 2404 535 2490; x_wconf 78' lang='grc' dir='ltr'><strong><em>μη</em></strong></span> <span class='ocrx_word' id='word_1_196' title='bbox 550 2411 643 2489; x_wconf 92' lang='grc' dir='ltr'><strong><em>φίλοι</em></strong></span> <span class='ocrx_word' id='word_1_197' title='bbox 659 2402 753 2482; x_wconf 84' lang='grc' dir='ltr'><strong><em>ὄντες</em></strong></span> <span class='ocrx_word' id='word_1_198' title='bbox 770 2400 884 2489; x_wconf 81' lang='grc' dir='ltr'><strong><em>άγαθά</em></strong></span> <span class='ocrx_word' id='word_1_199' title='bbox 908 2405 1117 2490; x_wconf 76' lang='grc' dir='ltr'><strong><em>εἰργάσαντο,</em></strong></span> 
     </span>
    </p>
   </div>
   <div class='ocr_carea' id='block_1_4' title="bbox 101 2599 1118 3483">
    <p class='ocr_par' dir='ltr' id='par_1_6' title="bbox 101 2599 1118 3483">
     <span class='ocr_line' id='line_1_24' title="bbox 104 2599 1117 2689; baseline 0.004 -23"><span class='ocrx_word' id='word_1_200' title='bbox 104 2626 175 2685; x_wconf 89' lang='grc' dir='ltr'><strong><em>γων</em></strong></span> <span class='ocrx_word' id='word_1_201' title='bbox 191 2600 390 2686; x_wconf 86' lang='grc' dir='ltr'><strong><em>ποιούμεθα.</em></strong></span> <span class='ocrx_word' id='word_1_202' title='bbox 414 2599 433 2668; x_wconf 88' lang='grc' dir='ltr'><strong><em>δ</em></strong></span> <span class='ocrx_word' id='word_1_203' title='bbox 447 2601 483 2670; x_wconf 77' lang='grc' dir='ltr'><strong><em>δὲ</em></strong></span> <span class='ocrx_word' id='word_1_204' title='bbox 495 2604 535 2689; x_wconf 82' lang='grc' dir='ltr'><strong><em>δὴ</em></strong></span> <span class='ocrx_word' id='word_1_205' title='bbox 547 2604 691 2689; x_wconf 88' lang='grc' dir='ltr'><strong><em>μάλιστα</em></strong></span> <span class='ocrx_word' id='word_1_206' title='bbox 702 2605 965 2688; x_wconf 85' lang='grc' dir='ltr'><strong><em>καταπλαγέντες</em></strong></span> <span class='ocrx_word' id='word_1_207' title='bbox 975 2612 1043 2671; x_wconf 84' lang='grc' dir='ltr'><strong><em>τών</em></strong></span> <span class='ocrx_word' id='word_1_208' title='bbox 1055 2600 1117 2670; x_wconf 87' lang='grc' dir='ltr'><strong><em>άν-</em></strong></span> 
     </span>
     <span class='ocr_line' id='line_1_25' title="bbox 106 2700 1117 2789; baseline 0.004 -25"><span class='ocrx_word' id='word_1_209' title='bbox 106 2701 196 2780; x_wconf 81' lang='grc' dir='ltr'><strong><em>δρών</em></strong></span> <span class='ocrx_word' id='word_1_210' title='bbox 211 2700 349 2767; x_wconf 88' lang='grc' dir='ltr'><strong><em>ἐκείνων</em></strong></span> <span class='ocrx_word' id='word_1_211' title='bbox 364 2702 583 2788; x_wconf 83' lang='grc' dir='ltr'><strong><em>ἐπαινοῦμεν,</em></strong></span> <span class='ocrx_word' id='word_1_212' title='bbox 601 2702 701 2770; x_wconf 84' lang='grc' dir='ltr'><strong><em>τοῦτό</em></strong></span> <span class='ocrx_word' id='word_1_213' title='bbox 717 2704 822 2788; x_wconf 89' lang='grc' dir='ltr'><strong><em>ἐστιν,</em></strong></span> <span class='ocrx_word' id='word_1_214' title='bbox 837 2701 888 2770; x_wconf 85' lang='grc' dir='ltr'><strong><em>ὅτι</em></strong></span> <span class='ocrx_word' id='word_1_215' title='bbox 901 2700 983 2789; x_wconf 72' lang='grc' dir='ltr'><strong><em>ἡμῖν</em></strong></span> <span class='ocrx_word' id='word_1_216' title='bbox 998 2706 1117 2782; x_wconf 81' lang='grc' dir='ltr'><strong><em>ἔδοξαν</em></strong></span> 
     </span>
     <span class='ocr_line' id='line_1_26' title="bbox 101 2789 1117 2887; baseline 0.006 -25"><span class='ocrx_word' id='word_1_217' title='bbox 101 2803 196 2881; x_wconf 66' lang='grc' dir='ltr'><strong><em>’φίλοι</em></strong></span> <span class='ocrx_word' id='word_1_218' title='bbox 210 2789 304 2864; x_wconf 84' lang='grc' dir='ltr'><strong><em>οὗτοι</em></strong></span> <span class='ocrx_word' id='word_1_219' title='bbox 317 2797 357 2883; x_wconf 85' lang='grc' dir='ltr'><strong><em>δὴ</em></strong></span> <span class='ocrx_word' id='word_1_220' title='bbox 372 2796 501 2883; x_wconf 85' lang='grc' dir='ltr'><strong><em>άριστοι</em></strong></span> <span class='ocrx_word' id='word_1_221' title='bbox 516 2798 676 2868; x_wconf 80' lang='grc' dir='ltr'><strong><em>ἁπάντων</em></strong></span> <span class='ocrx_word' id='word_1_222' title='bbox 685 2807 889 2887; x_wconf 84' lang='grc' dir='ltr'><strong><em>γεγενῆσθαι</em></strong></span> <span class='ocrx_word' id='word_1_223' title='bbox 904 2804 958 2868; x_wconf 79' lang='grc' dir='ltr'><strong><em>καὶ</em></strong></span> <span class='ocrx_word' id='word_1_224' title='bbox 973 2815 1040 2877; x_wconf 74' lang='grc' dir='ltr'><strong><em>τοῖς</em></strong></span> <span class='ocrx_word' id='word_1_225' title='bbox 1055 2799 1117 2868; x_wconf 86' lang='grc' dir='ltr'><strong><em>άλ-</em></strong></span> 
     </span>
     <span class='ocr_line' id='line_1_27' title="bbox 105 2896 1116 2984; baseline 0.003 -22"><span class='ocrx_word' id='word_1_226' title='bbox 105 2902 176 2972; x_wconf 89' lang='grc' dir='ltr'><strong><em>λοις</em></strong></span> <span class='ocrx_word' id='word_1_227' title='bbox 192 2899 373 2982; x_wconf 85' lang='grc' dir='ltr'><strong><em>νομοθέται</em></strong></span> <span class='ocrx_word' id='word_1_228' title='bbox 389 2904 605 2983; x_wconf 80' lang='grc' dir='ltr'><strong><em>καταστῆναι,</em></strong></span> <span class='ocrx_word' id='word_1_229' title='bbox 631 2897 675 2976; x_wconf 81' lang='grc' dir='ltr'><strong><em>ὡς</em></strong></span> <span class='ocrx_word' id='word_1_230' title='bbox 692 2896 753 2984; x_wconf 82' lang='grc' dir='ltr'><strong><em>χρὴ</em></strong></span> <span class='ocrx_word' id='word_1_231' title='bbox 773 2913 841 2976; x_wconf 86' lang='grc' dir='ltr'><strong><em>τοϊς</em></strong></span> <span class='ocrx_word' id='word_1_232' title='bbox 856 2904 966 2984; x_wconf 85' lang='grc' dir='ltr'><strong><em>φίλοις</em></strong></span> <span class='ocrx_word' id='word_1_233' title='bbox 985 2897 1116 2983; x_wconf 81' lang='grc' dir='ltr'><strong><em>ἁπάσης</em></strong></span> 
     </span>
     <span class='ocr_line' id='line_1_28' title="bbox 104 2993 1118 3080; baseline 0.001 -19"><span class='ocrx_word' id='word_1_234' title='bbox 104 3002 161 3080; x_wconf 83' lang='grc' dir='ltr'><strong><em>τῆς</em></strong></span> <span class='ocrx_word' id='word_1_235' title='bbox 175 2993 275 3080; x_wconf 81' lang='grc' dir='ltr'><strong><em>τύχης</em></strong></span> <span class='ocrx_word' id='word_1_236' title='bbox 295 3009 471 3062; x_wconf 75' lang='grc' dir='ltr'><strong><em>κοινωνεῖν</em></strong></span> <span class='ocrx_word' id='word_1_237' title='bbox 487 2998 542 3063; x_wconf 82' lang='grc' dir='ltr'><strong><em>καλ</em></strong></span> <span class='ocrx_word' id='word_1_238' title='bbox 557 2993 622 3062; x_wconf 84' lang='grc' dir='ltr'><strong><em>ὑπὸ</em></strong></span> <span class='ocrx_word' id='word_1_239' title='bbox 642 3003 794 3065; x_wconf 87' lang='grc' dir='ltr'><strong><em>Σκυθών</em></strong></span> <span class='ocrx_word' id='word_1_240' title='bbox 811 3004 880 3063; x_wconf 85' lang='grc' dir='ltr'><strong><em>τών</em></strong></span> <span class='ocrx_word' id='word_1_241' title='bbox 894 2993 1039 3080; x_wconf 88' lang='grc' dir='ltr'><strong><em>άρίστων</em></strong></span> <span class='ocrx_word' id='word_1_242' title='bbox 1056 3007 1118 3063; x_wconf 86' lang='grc' dir='ltr'><strong><em>θε-</em></strong></span> 
     </span>
     <span class='ocr_line' id='line_1_29' title="bbox 104 3090 1114 3181; baseline 0.004 -23"><span class='ocrx_word' id='word_1_243' title='bbox 104 3093 324 3176; x_wconf 84' lang='grc' dir='ltr'><strong><em>ραπεύεσθαι.</em></strong></span> <span class='ocrx_word' id='word_1_244' title='bbox 352 3097 382 3161; x_wconf 90' lang='grc'><strong><em>6.</em></strong></span> <span class='ocrx_word' id='word_1_245' title='bbox 398 3095 453 3160; x_wconf 81' lang='grc' dir='ltr'><strong><em>καὶ</em></strong></span> <span class='ocrx_word' id='word_1_246' title='bbox 469 3092 491 3160; x_wconf 84' lang='grc' dir='ltr'><strong><em>ά</em></strong></span> <span class='ocrx_word' id='word_1_247' title='bbox 505 3120 544 3178; x_wconf 89' lang='grc' dir='ltr'><strong><em>γε</em></strong></span> <span class='ocrx_word' id='word_1_248' title='bbox 556 3091 627 3180; x_wconf 88' lang='grc' dir='ltr'><strong><em>μετ’</em></strong></span> <span class='ocrx_word' id='word_1_249' title='bbox 647 3093 802 3180; x_wconf 79' lang='grc' dir='ltr'><strong><em>ἀλλήλων</em></strong></span> <span class='ocrx_word' id='word_1_250' title='bbox 821 3090 843 3180; x_wconf 80' lang='grc' dir='ltr'><strong><em>ἦ</em></strong></span> <span class='ocrx_word' id='word_1_251' title='bbox 857 3091 943 3178; x_wconf 68' lang='grc' dir='ltr'><strong><em>ὑπὲρ</em></strong></span> <span class='ocrx_word' id='word_1_252' title='bbox 961 3092 1114 3181; x_wconf 80' lang='grc' dir='ltr'><strong><em>ἀλλήλων</em></strong></span> 
     </span>
     <span class='ocr_line' id='line_1_30' title="bbox 105 3190 1117 3281; baseline 0.001 -21"><span class='ocrx_word' id='word_1_253' title='bbox 105 3197 252 3279; x_wconf 82' lang='grc' dir='ltr'><strong><em>ἔπαθον,</em></strong></span> <span class='ocrx_word' id='word_1_254' title='bbox 286 3190 541 3280; x_wconf 76' lang='grc' dir='ltr'><strong><em>ἀναγράψαντες</em></strong></span> <span class='ocrx_word' id='word_1_255' title='bbox 566 3197 600 3261; x_wconf 82' lang='grc' dir='ltr'><strong><em>ολ</em></strong></span> <span class='ocrx_word' id='word_1_256' title='bbox 619 3193 781 3279; x_wconf 86' lang='grc' dir='ltr'><strong><em>πρόγονοι</em></strong></span> <span class='ocrx_word' id='word_1_257' title='bbox 803 3191 898 3281; x_wconf 78' lang='grc' dir='ltr'><strong><em>ἡμώυ</em></strong></span> <span class='ocrx_word' id='word_1_258' title='bbox 923 3195 975 3262; x_wconf 82' lang='grc' dir='ltr'><strong><em>ἐπὶ</em></strong></span> <span class='ocrx_word' id='word_1_259' title='bbox 997 3194 1117 3281; x_wconf 83' lang='grc' dir='ltr'><strong><em>στήλης</em></strong></span> 
     </span>
     <span class='ocr_line' id='line_1_31' title="bbox 104 3290 1115 3380; baseline 0.006 -24"><span class='ocrx_word' id='word_1_260' title='bbox 104 3298 225 3378; x_wconf 85' lang='grc' dir='ltr'><strong><em>χαλκῆς</em></strong></span> <span class='ocrx_word' id='word_1_261' title='bbox 236 3291 405 3360; x_wconf 84' lang='grc' dir='ltr'><strong><em>ἀνέθεσαν</em></strong></span> <span class='ocrx_word' id='word_1_262' title='bbox 417 3298 463 3370; x_wconf 90' lang='grc' dir='ltr'><strong><em>είς</em></strong></span> <span class='ocrx_word' id='word_1_263' title='bbox 474 3291 510 3360; x_wconf 87' lang='grc' dir='ltr'><strong><em>τὸ</em></strong></span> <span class='ocrx_word' id='word_1_264' title='bbox 524 3290 706 3377; x_wconf 85' lang='grc' dir='ltr'><strong><em>Ὀρέστειον</em></strong></span> <span class='ocrx_word' id='word_1_265' title='bbox 721 3294 777 3361; x_wconf 80' lang='grc' dir='ltr'><strong><em>καὶ</em></strong></span> <span class='ocrx_word' id='word_1_266' title='bbox 787 3295 895 3379; x_wconf 91' lang='grc' dir='ltr'><strong><em>νόμον</em></strong></span> <span class='ocrx_word' id='word_1_267' title='bbox 906 3293 1115 3380; x_wconf 80' lang='grc' dir='ltr'><strong><em>ἐποιήσαντο,</em></strong></span> 
     </span>
     <span class='ocr_line' id='line_1_32' title="bbox 105 3390 1117 3483; baseline 0.007 -28"><span class='ocrx_word' id='word_1_268' title='bbox 105 3397 239 3474; x_wconf 81' lang='grc' dir='ltr'><strong><em>πρῶτον</em></strong></span> <span class='ocrx_word' id='word_1_269' title='bbox 251 3398 350 3458; x_wconf 84' lang='grc' dir='ltr'><strong><em>τοῦτο</em></strong></span> <span class='ocrx_word' id='word_1_270' title='bbox 365 3390 506 3479; x_wconf 88' lang='grc' dir='ltr'><strong><em>μάθημα</em></strong></span> <span class='ocrx_word' id='word_1_271' title='bbox 519 3394 574 3460; x_wconf 81' lang='grc' dir='ltr'><strong><em>καὶ</em></strong></span> <span class='ocrx_word' id='word_1_272' title='bbox 586 3396 753 3481; x_wconf 76' lang='grc' dir='ltr'><strong><em>παίδευμα</em></strong></span> <span class='ocrx_word' id='word_1_273' title='bbox 768 3409 836 3472; x_wconf 86' lang='grc' dir='ltr'><strong><em>τοῖς</em></strong></span> <span class='ocrx_word' id='word_1_274' title='bbox 846 3396 938 3462; x_wconf 86' lang='grc' dir='ltr'><strong><em>παισλ</em></strong></span> <span class='ocrx_word' id='word_1_275' title='bbox 951 3407 1020 3474; x_wconf 74' lang='grc' dir='ltr'><strong><em>τοῖς</em></strong></span> <span class='ocrx_word' id='word_1_276' title='bbox 1032 3415 1117 3483; x_wconf 86' lang='grc' dir='ltr'><strong><em>σφε-</em></strong></span> 
     </span>
    </p>
   </div>
   <div class='ocr_carea' id='block_1_5' title="bbox 0 0 1292 3842">
    <p class='ocr_par' dir='ltr' id='par_1_7' title="bbox 0 0 1292 3842">
     <span class='ocr_line' id='line_1_33' title="bbox 0 0 1292 3842; baseline 0 2"><span class='ocrx_word' id='word_1_277' title='bbox 0 0 1292 3842; x_wconf 95' lang='lat' dir='ltr'><strong><em> </em></strong></span> 
     </span>
    </p>
   </div>
  </div>
 </body>
</html>
