2575 3842
492 186 585 243 ΕΡΩ
595 187 692 243 ΤΕΣ.
1033 188 1095 249 209

176 349 206 412 4.
229 349 400 412 ΘΕΟΜΝ.
423 345 603 429 Βουφάγος
624 349 686 429 μὲν
707 345 725 412 ό
748 351 891 430 δαίμων,
916 339 1093 429 ιάΛυκῖνε,

90 443 146 509 καλ
161 455 231 518 ταῖς
248 439 424 524 ἀκάπνοις,
448 446 544 524 φασί,
567 449 634 506 τῶν
649 449 783 508 θυσιῶν
802 440 918 526 ήκισια
935 443 1095 527 τερπόμε-

91 565 158 617 νος.
183 540 252 605 ἐπεὶ
268 535 298 604 δ’
313 535 417 604 αὐτοῦ
428 535 488 622 τήν
504 539 635 623 ἐτήσιον
650 537 768 622 ἑορτήν
781 539 870 626 λόγῳ
886 547 1094 624 γεραίρομεν,

91 640 127 702 αλ
142 637 203 720 μὲν
223 637 297 719 ἐμαὶ
318 634 484 719 διηγήσεις
509 638 540 712 ἐξ
564 637 711 701 ἑωθινοῦ
731 645 971 717 παραταθεῖσαι
993 635 1095 719 κόρον

93 740 242 818 ἔχουσιν,
263 731 335 817 ἡδὲ
350 730 390 818 σή
409 740 531 798 Μοῦσα
551 740 608 816 τῆς
623 733 796 816 συνήθους
817 739 1095 818 μεθαρμοσαμένη

92 833 241 915 σπουδῆς
250 833 371 914 λλαρως
382 836 427 917 τῷ
437 839 509 917 θεῷ
519 831 844 914 συνδιημερευσάτω,
860 837 919 898 καί
929 857 984 916 μοι
994 842 1096 918 γενοῦ

93 924 248 1011 δικαστής
262 937 349 1011 ῖσος,
371 929 439 994 ἐπεὶ
459 925 537 1012 μηδ’
560 933 605 1003 είς
620 927 736 1011 ἕτερόν
755 948 792 994 σε
812 935 873 994 τοῦ
894 929 1027 1006 πόθους
1041 932 1096 1015 δέ·

94 1050 198 1092 ποντα
219 1023 305 1108 ὁρῶ,
327 1029 486 1107 ποτέρους
506 1025 682 1110 ἀμείνονας
698 1024 778 1114 ἡγῇ,
802 1023 879 1103 τοὺς
896 1026 1094 1112 φιλόπαιδας
1112 1047 1163 1100 402

92 1121 207 1208 ήτοός
229 1129 380 1208 γυναίοις
401 1121 647 1208 ἀσμενίζοντας;
673 1123 738 1208 ἐγω
757 1126 818 1210 μὲν
837 1124 902 1210 γὰρ
924 1123 942 1192 ό
963 1101 1095 1210 πάηγεῖς

93 1224 234 1309 ἑκατέρω
255 1221 408 1302 καθάπερ
430 1219 567 1307 ἀκριβής
588 1221 732 1306 τρυτάνη
754 1236 824 1298 ταῖς
845 1221 896 1288 ἐπ’
924 1220 1096 1307 ἀμφότερα

93 1320 285 1404 πλάστιγξιν
294 1317 479 1402 ἰσορρόπως
490 1318 744 1403 ταλαντεόομαι,
756 1316 798 1384 σι)
811 1316 840 1384 δ’
855 1317 948 1395 ἐκτός
959 1314 1007 1384 ἀν
1018 1316 1095 1385 ἀδε-

93 1415 204 1505 κάστφ
226 1424 320 1503 κριτῇ
339 1422 384 1505 τῷ
402 1423 547 1504 λογισμῷ
563 1413 600 1481 τό
623 1420 754 1502 βέλτιον
770 1419 898 1505 αίρήση.
927 1413 1034 1483 πάντα
1055 1414 1093 1501 δή

93 1510 256 1597 περιελιάν
273 1511 450 1599 ἀκκισμόν,
474 1506 500 1580 ιδ
517 1515 670 1598 φιλότης,
692 1510 736 1599 ἢν
750 1517 947 1581 πεπίστευκέ
960 1534 1012 1579 σοι
1030 1521 1096 1597 φή-

65 1683 74 1701 ,
93 1637 160 1695 φον
175 1607 195 1695 ἡ
212 1612 286 1695 περὶ
302 1619 369 1677 των
385 1613 473 1697 ἐμῶν
487 1610 619 1696 ἐρώτων
634 1618 757 1695 κρίσις,
773 1609 836 1696 ήδη
852 1614 941 1695 φέρε.

177 1743 205 1804 5.
229 1744 328 1804 ΛΤΚ.
350 1741 507 1820 Παιδιᾶς,
532 1730 781 1822 ἀΘεόμνηστε,
804 1738 862 1820 καὶ,
876 1739 1017 1820 γέλωτος
1032 1732 1096 1822 ήγή

93 1834 153 1921 τήν
176 1835 346 1922 διήγησιν;
373 1832 394 1920 ἡ
416 1831 447 1900 δ’
470 1837 702 1919 ἐπαγγέλλεται
723 1835 778 1900 καλ
800 1836 991 1899 σπουδαῖον.
1031 1829 1094 1916 ἐγώ

93 1939 179 2018 γοῦν
196 1927 406 2017 ἐξόπογόου
426 1939 482 2018 τῆς
506 1932 735 2016 ἐπιχειρήσεως
751 1927 903 2015 ἡψάμην,
930 1926 1024 2005 είδώς
1044 1926 1096 1994 ότι

93 2036 168 2097 λίαν
183 2033 363 2114 σπουδαία,
379 2031 411 2109 ἐξ
422 2027 502 2096 δτου
513 2033 609 2095 δυοῖν
621 2026 760 2111 ἀνδροῖν
771 2022 920 2110 ἀκηκοως
931 2026 1006 2109 περὶ
1016 2023 1096 2090 τού-

8 2133 11 2142 “
94 2151 164 2193 τοιν
184 2125 355 2202 συντόνως
376 2123 619 2210 ἁμιλλωμένων
641 2131 687 2191 ἔτι
713 2121 774 2209 τήν
793 2122 927 2207 μνήμην
952 2126 1095 2187 ἔναυλον

93 2230 163 2309 ἔχω.
188 2221 323 2311 διῄρητο
335 2221 368 2290 δ’
379 2221 491 2290 αὐτῶν
507 2223 574 2308 ἀμα
588 2237 655 2299 τοῖς
672 2224 783 2307 λόγοις
796 2221 940 2306 τὰπάθη
957 2218 1016 2304 οὐχ
1030 2217 1095 2284 ὥσ-

92 2347 154 2407 περ
170 2318 213 2387 σι)
225 2318 298 2388 κατ’
315 2317 470 2387 εὐκολίαν
482 2328 586 2404 ψυχῆς
602 2320 730 2399 ἀδπνος
746 2315 794 2386 ἀν
809 2317 937 2396 διττοὺς
952 2316 1095 2399 ἀρνυσαι

92 2420 236 2504 μισθούς

135 2544 194 2613 τόν
209 2543 270 2630 μὲν
287 2548 493 2631 βουκολέων,
510 2541 616 2612 τόνδ’
634 2543 770 2631 ἀργυφα
788 2552 873 2630 μῆλα
889 2540 1052 2628 νομεύων,

24 2697 28 2706 ’
42 2718 45 2722 -
93 2671 165 2750 ἀλλ’
178 2671 195 2739 ὁ
208 2672 268 2757 μὲν
279 2669 460 2756 ὑπερφυῶς
470 2677 632 2750 παιδικοῖς
646 2671 740 2757 ήδετο
751 2671 812 2758 τήν
822 2671 963 2756 θήλειαν
974 2664 1094 2750 Ἀφρο-
1113 2693 1164 2747 403

94 2775 187 2855 δίτην
200 2769 377 2855 βάραθρον
392 2765 593 2854 ἡγούμενος,
609 2766 626 2835 ὁ
644 2768 675 2834 δ’
693 2766 845 2855 ἁγνεόων
861 2772 981 2852 ἔρωτος
995 2765 1095 2851 ἀρρε-

86 2865 153 2945 ’νος
177 2870 209 2943 ἐς
227 2880 386 2952 γυναῖκας
412 2867 560 2952 ἐπτόητο.
597 2871 693 2933 δυοῖν
720 2861 784 2933 οὖν
806 2869 1006 2952 μαχομένων
1031 2888 1096 2929 πα-

92 2976 172 3034 θοίν
186 2962 440 3049 ἀγωνοθετήσας
456 2962 599 3048 ἅμιλλαν
613 2959 687 3028 οὐδ’
704 2958 747 3028 ἀν
758 2967 861 3028 είπεῖν
873 2964 1038 3042 δυναίμην
1053 2955 1096 3036 ὡς

4 3093 7 3100 ’
92 3061 396 3148 ὑπερευφράνδην·
418 3068 475 3127 καί
487 3086 543 3144 μοι
557 3056 597 3126 τά
607 3067 674 3127 τῶν
688 3058 797 3145 λόγων
811 3067 884 3142 ίχνη
898 3069 967 3133 ταῖς
982 3053 1095 3134 ἀκοαῖς

91 3161 346 3245 ἐνεσφράγισται
366 3157 484 3244 σχεδόν
508 3159 552 3236 ὡς
568 3154 686 3242 ἀρτίως
707 3160 870 3241 είρημένα.
901 3161 1010 3220 πᾶσαν
1031 3147 1094 3220 οὖν

91 3257 318 3343 ὑποτιμήσεως
332 3253 489 3342 ἀφορμήν
504 3253 654 3323 ἐκποδών
670 3253 878 3338 ἀποθέμενος
896 3248 918 3317 ἀ
934 3249 1013 3336 παρ’
1030 3249 1093 3339 ἀμ-

91 3369 170 3443 φοῖν
184 3352 503 3502 ήκονσιὶΙλιγόντοιν
518 3351 589 3418 κατ’
607 3350 739 3438 ἀκριβὲς
754 3354 898 3435 ἐπεξειμί
911 3368 973 3501 (ἴφια
1043 3409 1046 3416 .

175 3463 280 3502 LUGIAN.
327 3484 335 3501 a
