2575 3842
300 225 519 282 ΟΝΕΙΡΟΣ
535 227 563 277 H
579 224 899 282 ΑΛΕΚΤΡΥΩΝ.
1042 219 1104 282 395

94 385 243 450 ἐτίθεντο
258 381 403 468 ἀκριβῶς
425 384 605 466 ἑωρακέναι
626 379 663 446 τὸ
682 386 811 465 ζεῦγος,
835 382 896 467 τὴν
916 385 1102 469 ἐφεστρίδα,

93 477 130 547 τὸ
147 479 302 566 διάδημα,
317 476 394 557 τούς
406 477 717 564 προπομπεύοντας,
731 474 810 556 τούς
824 480 1014 565 ἑπομένους.
1038 477 1102 564 ἐγώ

94 577 130 644 δέ
152 576 247 656 είδώς
268 579 376 646 ὁπόσα
390 604 431 663 με
447 575 524 664 ἠνία
545 581 600 644 καὶ
615 582 793 662 ἔστρεφεν,
815 579 954 655 ἐκείνοις
970 577 1032 663 μὲν
1046 585 1103 662 της

94 673 231 759 ἀγνοίας
245 682 512 761 συνεγίνωσκον,
534 670 679 760 ἐμαυτόν
699 675 736 740 δέ
752 671 876 758 ἠλέουν
890 671 1009 758 όμοιου
1023 672 1105 740 όντα

93 787 161 850 τοῖς
174 772 330 858 μεγάλοις
344 774 475 851 τούτοις
488 781 678 855 κολοσσοῖς,
695 774 787 849 οἴους
803 768 826 856 ἦ
841 777 977 850 Φειδίας
989 768 1012 858 ἦ
1023 773 1104 839 Μύ-

94 895 164 953 ρων
179 865 201 954 ἦ
215 873 417 955 Πραξιτέλης
431 873 606 955 ἐποίησαν·
628 866 794 936 κάκείνων
814 867 879 954 γὰρ
898 871 1033 946 ἕκαστος
1049 875 1105 936 ἐκ·

93 977 217 1035 τοσθεν
232 973 294 1054 μὲν
308 974 484 1037 Ποσειδῶν
501 995 548 1046 τις
563 965 584 1054 ἦ
598 967 683 1045 Ζεύς
699 969 767 1034 ἐστι
781 966 952 1052 πύγκαλος
972 969 1008 1033 ἐκ
1021 993 1104 1051 χρυ-

94 1073 169 1133 σίου
184 1070 239 1133 καὶ
259 1070 440 1152 ἐλέφαντος
457 1069 736 1151 ξυνειργασμέυος
751 1063 922 1151 κεραυνόν
943 1061 1104 1151 ἢάστρα-

93 1161 160 1248 πὴν
179 1159 201 1248 ἢ
215 1172 370 1249 τρίαιναν
385 1171 469 1250 ἔχων
486 1168 524 1232 ἐν
537 1173 577 1252 τῇ
596 1169 703 1253 δεξιᾷ,
725 1161 769 1251 ἢν
784 1167 820 1232 δὲ
834 1162 1011 1246 ὑποκύψας
1032 1169 1105 1250 ίδης

94 1262 133 1327 τά
151 1259 184 1345 γ’
200 1266 317 1348 ἐνδον,
336 1259 411 1341 όψει
429 1262 573 1349 μοχλούς
588 1290 681 1340 τινας
697 1267 752 1331 καί
766 1264 921 1350 γόμφους
936 1263 991 1330 καί
1001 1262 1105 1348 ἥλους

92 1358 237 1444 διαμπὰξ
252 1363 599 1446 διαπεπερονημένους
613 1364 668 1429 καὶ
679 1361 826 1449 κορμοὺς
839 1364 893 1429 καί
905 1369 1036 1446 σφῆνας
1050 1361 1104 1427 καί

91 1464 209 1524 πίτταν
222 1460 277 1525 καὶ
304 1456 412 1544 πηλόν
433 1461 488 1527 καί
510 1459 639 1545 πολλήν
656 1487 731 1527 τινα
752 1461 910 1545 τοιαύτην
933 1458 1104 1544 ἀμορφίαν

92 1552 382 1639 ὑποικουροῦσαν·
406 1559 449 1624 ἐοῑ
464 1559 573 1643 λέγειν
587 1565 685 1644 μνῶν
695 1566 825 1645 πλῆθος
835 1556 856 1644 ἢ
867 1565 1028 1645 μυγαλῶν
1043 1561 1101 1642 ἐμ·
1121 1567 1173 1622 740

93 1652 354 1737 πολιτευόμενον
376 1651 488 1733 αύτοίς
504 1657 617 1722 ἐνίοτε.
647 1656 803 1724 τοιοῦτόν
823 1684 854 1723 τι
874 1659 929 1724 καί
952 1662 1103 1742 βασιλεία

94 1750 164 1814 ἐστί
184 1801 190 1812 .

178 1850 228 1912 25.
247 1853 346 1913 MIK.
371 1845 514 1915 Ούδέπω
531 1855 665 1934 ἔφησθα
680 1849 739 1917 τόν
755 1847 863 1935 πηλόν
877 1847 1025 1926 καὶτοὺς
1040 1875 1103 1934 μο-

94 1941 192 2029 χλούς
205 1945 259 2010 καὶ
273 1944 428 2029 γόμφους
441 1950 561 2025 οἵτινες
578 1955 635 2032 τῆς
650 1946 751 2034 ἀρχῆς
767 1947 846 2015 οὐδὲ
859 1945 921 2031 την
933 1946 1102 2032 ἀμορφίαν

94 2045 225 2127 ἐκείνην
238 2039 298 2127 τὴν
309 2043 437 2131 πολλὴν
447 2043 518 2130 ἥτις
531 2048 635 2113 ἐστίν·
659 2045 703 2125 ὡς
716 2046 754 2112 τό
765 2072 804 2130 γε
816 2044 1005 2124 ἐξελαύνειν
1019 2040 1105 2108 ἀπο-

93 2138 302 2225 βλεπόμενον
317 2143 373 2208 καλ
387 2142 557 2210 τοσούτων
570 2142 715 2231 ἀρχοντα
734 2144 790 2210 καλ
803 2141 1104 2226 προσκυνούμενον

92 2242 273 2324 δαιμονίως
293 2245 400 2308 ἔοικεν
428 2239 533 2320 ὅντως
553 2249 600 2332 τῷ
626 2247 823 2331 κολοσσιαίφ
847 2245 1103 2324 παραδείγματι·

91 2341 273 2405 θεσπέσιον
288 2339 353 2426 γάρ
368 2366 399 2407 τι
414 2342 468 2409 καλ
484 2347 593 2409 τοῦτο.
617 2341 661 2408 σύ
676 2343 711 2409 δέ
726 2340 766 2408 τά
784 2345 884 2408 ἔνδον
894 2338 959 2425 ἤδη
973 2344 1033 2405 τοῦ
1044 2364 1103 2404 κο-

92 2444 218 2504 λοσσού
231 2440 315 2524 λέγε.

176 2545 309 2605 ΑΑΕΚ.
336 2546 377 2606 Τί
390 2547 526 2622 πρῶτον
538 2548 620 2606 είπω
634 2558 705 2625 σοι,
722 2533 748 2606 τό
762 2546 930 2619 Μίκυλλε;
949 2534 1027 2615 τούς
1038 2535 1104 2621 φό-

92 2643 174 2720 βους
188 2639 242 2703 καὶ
256 2634 297 2702 τὰ
314 2642 449 2722 δείματα
463 2638 518 2704 καί
534 2635 681 2717 ὑποψίας
694 2639 749 2705 καί
762 2652 858 2724 μίσος
875 2636 912 2705 τό
927 2633 1017 2720 παρά
1034 2642 1104 2702 των

93 2732 268 2799 συνόντων
278 2737 333 2801 καὶ
345 2735 540 2821 ἐπιβουλάς,
554 2738 609 2803 καὶ
623 2733 679 2802 διά
690 2743 794 2802 ταῦτα
809 2734 920 2802 ὕπνον
929 2761 964 2801 τε
976 2732 1103 2819 ὀλίγον,

93 2830 287 2899 ἐπιπόλαιον
305 2828 476 2917 κάκεῖνον,
506 2834 561 2899 καὶ
580 2839 724 2918 ταραχῆς
745 2830 848 2917 μεστά
873 2830 1027 2917 ὀνείρατα
1047 2832 1104 2898 καὶ

92 2933 222 3008 ἐννοίας
243 2931 477 3009 πολυπλόκους
499 2932 554 2998 καί
580 2934 714 3008 ἐλπίδας
733 2928 785 2997 ἀεὶ
807 2929 972 3015 πουηράς,
999 2925 1103 3014 ἢτὴν

91 3027 249 3114 ἀσχολίαν
263 3031 318 3097 καὶ
327 3029 574 3117 χρηματισμούς
588 3033 642 3097 καὶ
656 3034 748 3108 δίκας
759 3031 813 3095 καλ
827 3030 1034 3113 ἐκστρατείας
1049 3033 1104 3095 καλ

89 3126 326 3213 προστάγματα
349 3132 404 3197 καί
431 3129 632 3216 συνθήματα
660 3131 714 3196 καὶ
736 3126 935 3212 λογισμούςς
967 3122 1031 3211 ἀφ’
1055 3118 1104 3192 οἷν

90 3223 171 3292 ούδέ
184 3224 267 3310 όυαρ
279 3225 470 3296 ἀπολαῦσαί
477 3253 567 3306 τινος
579 3226 676 3314 ἡδέος
687 3233 867 3314 ἐγγίνεται,
884 3223 958 3294 ἀλλ’
972 3223 1103 3311 ἀυάγκη

89 3321 175 3408 ὑπὲρ
204 3323 363 3393 ἀπάντων
388 3327 497 3412 μόνον
522 3331 779 3395 διασκοπεῖσθαι
806 3329 860 3393 καί
888 3331 990 3413 μυρία
1017 3330 1103 3413 ἐχειν

10 3493 11 3508 ,
89 3447 279 3508 πραγματα·
