2575 3842
187 184 250 248 392
547 187 846 246 AOYKIANOY

187 344 323 432 ἀγνοίας
343 353 411 413 τῶν
433 349 570 423 ἐκείνοις
589 346 788 429 προσόντων
807 356 929 416 κακῶν.
959 354 989 416 εί
1006 356 1092 435 γοῦν
1109 351 1203 437 ᾔδεις

186 443 244 521 τάς
260 447 441 528 φροντίδας
461 441 573 510 αύτῶν
595 441 634 521 ἀς
651 449 800 530 ἔχουσιν,
824 448 936 531 ἐγέλας
958 442 1001 513 ἀν
1018 449 1070 514 ἐπὶ
1087 456 1205 536 σαυτῷ

186 547 321 628 πρῶτον
338 544 487 626 οἰηθέντι
502 539 772 627 ὑπερευδαίμονα
788 541 872 610 εἶναι
886 543 946 611 τόν
963 553 1120 612 πλοῦτον.

270 646 370 708 ΜΙΚ.
397 637 544 725 Ούκούν,
562 633 800 726 ῶΠυθαγόρα,
815 644 869 709 καὶ
882 651 916 709 εί
925 669 956 708 τι
969 642 1112 727 μάλιστα
1126 650 1203 727 χαί-

187 765 259 821 ροις
273 739 497 823 καλούμενος,
514 737 558 816 ῶς
571 736 615 823 μὴ
629 739 873 824 ἐπιταράττοιμι
891 737 950 806 τὸν
964 742 1067 824 λόγον
1081 738 1204 807 ἀλλοτε

187 835 290 904 ἀλλον
306 842 418 904 καλῶν
436 890 442 902 .
459 889 465 902 .
480 889 507 902 ..

270 939 402 1001 ΑΛΕΚ.
424 939 554 1000 Διοίσει
573 933 634 1018 μέν
656 931 757 1001 οὐδὲν
779 932 822 1019 ἤν
843 932 873 1001 τ’
895 933 1080 1021 Εὔφορβον
1098 934 1144 1021 ἤν
1164 963 1203 1003 τε

184 1027 431 1116 Πνθαγόρανῆ
451 1027 632 1099 Ἀσπασίαν
650 1040 751 1121 καλῇς
770 1030 978 1118 ἢΚράτητα·
1006 1032 1201 1119 πάνταγὰρ

185 1136 287 1197 ταῦτα
298 1130 363 1213 ε’γῶ
375 1135 450 1214 είμι.
466 1128 555 1216 πλὴν
565 1128 602 1198 τό
615 1139 681 1197 νῦν
692 1129 867 1218 ὁρῶμενον
877 1139 975 1200 τούτο
988 1131 1201 1216 ἀλεκτρυόνα

185 1325 269 1395 εἶναι
291 1329 416 1393 δοκοῦν
439 1322 474 1393 τδ
499 1323 636 1412 όρνεον,
663 1327 718 1393 καὶ
738 1333 841 1392 ταῦτα
860 1325 1024 1404 τοσαύτας
1046 1330 1084 1394 ἐν
1105 1325 1200 1416 αὑτῷ

184 1421 291 1508 ψυχάς
306 1429 392 1509 ἔχον.

116 1537 166 1594 734
270 1528 321 1590 21.
347 1531 446 1593 MIK.
473 1521 625 1606 Οὐκοῦν,
650 1515 903 1608 ῶάλεκτρυῶν,
928 1521 1039 1612 ἐπειδὴ
1057 1524 1198 1592 πάντων

185 1618 304 1706 σχεδόν
320 1628 389 1687 τῶν
406 1627 491 1706 βίων
506 1621 688 1706 ἐπειράθης
701 1624 755 1690 καὶ
772 1621 880 1688 πάντα
893 1614 1004 1708 ἦσθα,
1026 1626 1136 1706 λέγοις
1153 1618 1199 1688 ἀν

185 1716 248 1804 ἤδη
264 1723 380 1801 σαφῶς
391 1722 458 1808 ἰδίᾳ
469 1719 531 1802 μὲν
543 1716 582 1786 τά
593 1725 662 1784 τῶν
675 1726 846 1787 πλουσίων
860 1717 951 1797 ὅπως
961 1727 1111 1805 βιοῦσιν,
1128 1725 1196 1808 ίδίᾳ

184 1817 220 1883 δὲ
234 1814 274 1882 τά
291 1815 453 1902 πτωχικά,
470 1812 513 1894 ῶς
528 1816 629 1900 μάθω
642 1821 671 1883 εί
682 1814 792 1902 ἀληθῆ
805 1824 909 1884 ταῦτα
922 1814 987 1904 φης
998 1814 1195 1904 εὐδαιμονέ-

185 1934 304 2000 στερον
319 1912 519 2000 ἀποφαίνων
533 1939 574 2000 με
589 1921 656 1981 τῶν
674 1922 853 1982 πλουσίων.

268 2019 399 2081 ΑΛΕΚ.
419 2010 503 2081 Ἰδού
520 2010 560 2098 δὴ
576 2010 682 2090 ούτως
697 2015 887 2097 ἐπίσκεψαι,
905 2005 933 2080 τό
948 2020 1119 2080 Μίκυλλε·
1142 2017 1194 2081 σοί

182 2111 244 2198 μέν
259 2109 336 2178 ούτε
352 2115 500 2197 πολέμου
520 2109 625 2188 πολύς
640 2111 757 2196 λόγος,
780 2107 824 2197 ἢν
838 2113 971 2198 λέγηται
987 2108 1032 2190 ῶς
1048 2116 1082 2179 οί
1092 2115 1192 2180 πολέ-

182 2235 253 2294 μιοι
266 2208 572 2293 προσελαύνουσιν,
592 2206 670 2275 ούδέ
688 2214 871 2292 φροντίζεις
882 2207 927 2295 μὴ
943 2206 1003 2276 τόν
1018 2207 1123 2293 ἀγρόν
1138 2212 1192 2275 τέ-

182 2327 290 2392 μωσιν
302 2301 500 2393 ἐμβαλόντες
513 2302 536 2391 ἢ
547 2303 607 2372 τόν
617 2308 823 2389 παράδεισον
834 2307 1092 2392 ξυμπατήσωσιν
1102 2302 1123 2392 ἢ
1134 2304 1192 2383 τάς

181 2402 349 2488 ἀμπέλους
361 2407 551 2493 δηῶσωσιν,
569 2402 654 2472 ἀλλά
664 2411 721 2490 τῆς
732 2403 913 2490 σάλπιγγος
924 2402 1061 2470 ἀκούων
1073 2403 1192 2487 μόνον,

182 2511 274 2587 είπερ
290 2501 371 2586 ἀρα,
395 2505 602 2589 περιβλέπεις
618 2500 655 2568 τδ
673 2499 756 2569 κατά
772 2502 915 2569 σεαυτόν
932 2498 968 2568 οἷ
979 2501 1193 2585 τραπόμενον

112 2599 121 2604 ”
181 2595 241 2684 χρὴ
263 2606 416 2685 σωθῆναι
438 2603 492 2667 καὶ
507 2597 567 2666 τόν
589 2605 751 2666 κίνδυνον
769 2605 962 2684 διαφυγεῖν·
991 2603 1025 2665 οἱ
1039 2597 1071 2665 δ’
1093 2597 1193 2667 εὐλα-

181 2704 320 2783 βοῦνται
335 2698 397 2783 μέν
412 2700 467 2766 καὶ
480 2695 564 2783 ἀμφ’
582 2701 728 2783 ἑαυτοῖς,
744 2696 903 2765 ἀνιῶνται
918 2699 954 2763 δέ
969 2694 1112 2780 ὁρῶντες
1124 2695 1190 2764 ἀπδ

181 2801 249 2860 τῶν
270 2796 404 2880 τειχέων
421 2793 568 2881 ἀγόμενα
592 2798 646 2864 καὶ
672 2796 843 2881 φερόμενα
863 2792 926 2863 ὅσα
952 2793 1040 2882 εἶχον
1061 2798 1098 2862 ἐν
1124 2810 1193 2874 τοῖς

182 2889 305 2978 ἀγροῖς.
328 2895 381 2960 καὶ
393 2890 436 2980 ἦν
448 2919 510 2977 περ
524 2896 677 2980 ἐσφέρειν
688 2899 761 2982 δέη,
774 2895 873 2980 μόνοι
887 2900 1085 2977 καλοῦνται,
1101 2891 1146 2978 ἢν
1158 2919 1192 2958 τε

182 2993 361 3077 ἐπεξιέναι,
390 2995 695 3075 προκινδυνεύουσι
724 3000 989 3079 στρατηγοῦντες
1014 2988 1037 3078 ἦ
1066 2998 1192 3077 ἱππαρ-

113 3101 162 3156 735
183 3093 333 3172 χούντες·
352 3086 395 3154 σύ
406 3089 441 3156 δέ
454 3095 608 3177 οίσνΐνην
617 3090 740 3160 ἀσπίδα
752 3098 848 3177 έχων,
865 3088 1024 3177 εὐσταλὴς
1038 3093 1093 3158 καὶ
1107 3097 1192 3158 κοῦ-

180 3209 244 3268 φος
258 3187 291 3262 ἐς
304 3194 482 3271 σωτηρίαν,
500 3189 628 3273 ἕτοιμος
642 3191 816 3255 ἑστιᾶσθαι
826 3185 866 3255 τά
883 3189 1037 3274 ἐπινίκια,
1053 3185 1191 3255 ἐπειδάν

179 3279 249 3367 θύη
264 3279 282 3347 ὁ
299 3280 480 3368 στρατηγός
496 3285 689 3370 νενικηκῶς.
713 3290 763 3351 22.
781 3288 818 3351 ἐν
833 3286 949 3372 εἰρήνη
963 3310 997 3351 τε
1011 3277 1057 3351 αά
1071 3283 1115 3351 σύ
1127 3287 1190 3370 μὲν
1265 3304 1266 3351 λ

180 3383 241 3440 τοῦ
265 3378 373 3462 δήμου
394 3375 443 3445 ῶν
470 3377 597 3466 ἀναβάς
619 3383 652 3457 ἐς
681 3385 858 3466 ἐκκλησίαν
881 3383 1101 3468 τυραννήσεις
1120 3389 1190 3448 τῶν
1264 3408 1265 3469 3
