2575 3842
169 168 232 231 164
522 167 832 227 AOYKIANOY

167 354 227 414 ρας
242 325 316 410 άρτι
330 326 391 412 μὲν
402 324 549 411 Ἀθάμας
563 326 735 412 μεμηνῶς,
751 323 825 407 ἀρτι
842 324 879 392 δὲ
892 322 963 393 Ἰνῶ
980 326 1176 410 φοβουμένη

116 469 120 473 «
167 429 353 508 δείκνυται,
371 428 425 492 καὶ
440 424 558 493 ἀλλοτε
570 419 703 507 Ἀτρεύς
718 420 736 489 ὁ
752 420 869 508 αύτύς,
887 425 941 491 καὶ
959 420 1039 507 μετά
1054 418 1176 506 μικρὸν

168 526 332 608 Θυέστης,
361 520 428 589 εἶτα
450 532 612 607 Αἴγισθος
633 517 654 605 ῆ
675 519 830 607 Ἀερόπη·
868 523 922 587 καὶ
944 528 1046 587 ταῦτα
1067 519 1176 584 πάντα

167 617 213 701 εἷς
234 619 417 703 άνθρωπός
440 622 517 687 ἐστι.
553 625 605 689 68.
629 616 670 685 τὰ
691 618 753 704 μὲν
775 610 839 685 οὖν
853 616 937 686 ἀλλα
952 617 1103 703 θεάματα
1122 616 1177 687 καὶ

167 716 361 801 ἀκούσματα
375 713 450 793 ένδς
463 716 605 783 ἑκάστου
616 722 718 801 ἔργον
730 714 792 800 τῆν
806 718 963 792 ἐπίδειξιν
974 720 1053 799 ἔχει·
1076 710 1096 798 ῆ
1112 710 1176 798 γάρ

168 812 270 892 αύλός
290 817 380 881 ἐστιν
395 809 416 899 ῆ
432 814 560 898 κιθάρα
576 808 598 898 ῆ
621 810 676 879 διά
695 820 810 898 φωνῆς
831 816 975 902 μελῳδία
995 807 1016 896 ἢ
1037 807 1176 895 τραγικῆ

169 916 417 997 δραματουργία
429 906 450 996 ἦ
464 908 593 995 κωμικῆ
608 916 843 995 γελωτοποιία·
871 908 889 976 ὁ
906 906 1118 995 δὲύρχηστῆς
1135 904 1175 974 τά

167 1008 277 1076 πάντα
292 1013 357 1093 έχει
373 1007 565 1094 ξυλλαβῶν,
588 1010 643 1075 καὶ
659 1013 767 1075 ἔνεστι
783 1016 938 1092 ποικίλην
952 1008 1006 1073 καὶ
1026 1010 1176 1090 παμμιγῆ

167 1104 230 1191 τῆν
249 1102 467 1191 παρασκευὴν
489 1103 594 1171 αὐτοῦ
611 1110 712 1191 ίδεῑν,
735 1103 857 1190 αύλόυ,
882 1106 1041 1190 σύριγγα,
1059 1106 1178 1178 ,ποδῶν

168 1203 313 1287 κτύπον,
328 1203 504 1288 κυμβάλου
521 1204 651 1287 ψόφον,
669 1201 855 1289 ὑποκριτοῦ
870 1202 1058 1287 εὐφωνίαν,
1069 1198 1178 1288 ,ᾀδόν-

168 1328 236 1368 των
252 1298 458 1387 ὁμοφωνίαν.
481 1306 532 1369 69.
551 1306 598 1368 ἔτι
613 1301 649 1367 δὲ
664 1299 703 1367 τά
721 1301 783 1385 μέν
799 1299 882 1367 ἀλλα
897 1302 1044 1384 θατέρου
1058 1305 1126 1367 τῶν
1141 1300 1179 1364 έυ

169 1408 215 1490 τῷ
231 1398 404 1488 ἀνθρώπῳ
419 1404 499 1484 ἔργα
516 1401 599 1483 έστί,
621 1396 661 1464 τά
678 1402 738 1483 μὲν
755 1406 875 1484 ψυχῆς,
896 1395 936 1464 τά
953 1398 989 1464 δέ
1011 1397 1178 1481 στόματος·

169 1503 207 1565 έν
229 1498 265 1563 δέ
280 1504 319 1585 τῆ
341 1494 473 1581 ὀρχήσει
495 1492 668 1581 ἀμφότερα
686 1497 916 1581 συμμέμικται.
948 1497 1003 1563 καὶ
1023 1492 1085 1579 γάρ
1104 1497 1180 1560 δια-

170 1603 263 1673 νοίας
278 1599 435 1673 ἐπίδειξιν
455 1591 496 1659 τά
514 1593 698 1678 γιγνόμενα
714 1599 778 1677 ἔχει
794 1595 848 1661 καὶ
870 1598 1055 1677 σωματικῆς
1072 1588 1180 1674 ἀσκή-

171 1711 254 1769 σεως
272 1692 457 1776 ἐνέργειαν,
480 1688 517 1757 τδ
535 1691 571 1758 δὲ
590 1692 747 1775 μέγιστον
761 1690 782 1777 ῆ
798 1700 899 1778 σοφία
914 1699 981 1759 τῶν
997 1693 1180 1775 δρωμένων

170 1788 225 1854 καὶ
241 1789 345 1872 μηδὲν
363 1793 424 1867 ἔξω
443 1788 557 1873 λόγου.
590 1795 771 1875 Λεσβῶναξ
791 1796 878 1874 γοῦν
896 1788 914 1857 δ
938 1796 1179 1872 Μυτιληναῖος,

171 1881 257 1971 άνῆρ
268 1883 368 1963 καλὸς
383 1889 438 1953 καὶ
449 1884 588 1972 ἀγαθός,
604 1888 825 1972 χειροσύφους
836 1885 914 1965 τούς
926 1883 1086 1975 ὀρχηστύς
1097 1883 1175 1952 ἀπε·

171 1983 264 2052 κάλει
276 1984 329 2050 καὶ
340 1980 391 2071 ᾔει
404 1985 455 2051 ἐπὶ
467 1982 529 2069 τῆν
538 1988 625 2051 θέαν
634 1982 746 2051 αὐτῶν
759 1980 802 2063 ὡς
812 1990 953 2071 βελτίων
961 1982 1177 2069 ἀναστρέψων

102 2102 153 2158 306
173 2081 315 2150 ἀπὸτοῦ
335 2083 494 2168 θεάτρου.
533 2082 740 2169 Τιμοκράτης
761 2080 833 2150 δὲὸ
855 2085 1052 2162 διδάσκαλος
1074 2082 1178 2151 αύτού

171 2181 254 2250 ίδῶν
275 2205 355 2247 ποτε
375 2178 478 2264 άπαξ,
504 2180 566 2247 οὐκ
582 2183 765 2266 ἐξεπίτηδες
786 2182 934 2267 ἐπιστάς,
957 2180 1121 2269 ὀρχηστὴν
1138 2179 1178 2247 τά

172 2277 277 2345 αὑτοῦ
293 2284 471 2363 ποιοῦντα,
489 2282 573 2345 Οἴου
590 2304 647 2363 με,
672 2285 751 2364 ἔφη,
767 2280 933 2365 θεάματος
948 2277 968 2365 ἡ
984 2278 1067 2366 πρὸς
1081 2288 1179 2365 φιλο-

172 2386 296 2463 σοφίαν
311 2374 411 2455 αίδῶς
426 2376 658 2463 ἀπεστέρηκεν.
684 2384 732 2448 70.
749 2386 780 2447 εἰ
792 2378 823 2446 δ’
841 2386 931 2448 ἔστιν
946 2378 1056 2467 ἀληθῆ
1073 2378 1181 2465 άπερὶ

172 2485 278 2562 ψυχῆς
295 2474 313 2542 ὁ
328 2476 473 2543 Πλάτων
486 2480 591 2562 λέγει,
605 2475 646 2543 τά
661 2485 734 2564 τρία
751 2482 834 2565 μέρη
849 2476 949 2565 αὐτῆς
963 2486 1071 2557 καλῶς
1087 2476 1104 2546 ὁ
1121 2476 1181 2560 ὀρ·-

171 2570 291 2659 χηστῆς
307 2576 473 2659 δείκνυσι,
489 2573 707 2660 τδθυμικύν,
730 2574 810 2643 ὅταν
828 2573 1043 2663 ὀργιζόμενον
1058 2579 1177 2643 ἐπιδει-

172 2669 330 2755 κνύηται,
351 2666 387 2736 τὸ
404 2672 666 2758 ἐπιθυμητικόν,
687 2670 769 2740 ὅταν
787 2677 931 2763 ἐρῶντας
950 2672 1179 2759 ὑποκρίνηται,

172 2766 208 2835 τὸ
233 2765 437 2851 λογιστικόν,
463 2767 545 2836 ὅταν
568 2772 688 2837 έκαστα
716 2778 784 2837 τῶν
805 2779 927 2840 παθῶν
953 2777 1180 2857 χαλιναγωγῇ·

172 2871 271 2933 τοῦτο
286 2867 348 2949 μέν
364 2891 402 2951 γε
423 2868 460 2934 έν
480 2865 602 2935 ἀπαντι
619 2870 711 2953 μέρει
731 2876 788 2955 τῆς
804 2866 970 2955 ὀρχήσεως
990 2870 1145 2953 καθάπερ
1161 2862 1181 2953 ἡ

173 2958 242 3047 άφῆ
254 2965 292 3030 έν
302 2977 372 3041 ταῖς
383 2964 558 3050 αἰσθήσεσι
571 2967 801 3051 κατέσπαρται.
822 2968 966 3045 κάλλους
979 2969 1014 3035 δὲ
1025 2972 1182 3052 προνοῶν

173 3062 300 3144 καὶτῆς
321 3065 357 3129 ἐν
370 3076 439 3141 τοῖς
458 3059 638 3149 ὀρχήμασιν
653 3060 854 3149 εὐμορφίας,
878 3071 912 3131 τί
924 3062 1005 3131 ἀλλο
1025 3059 1098 3149 ῆτδ
1122 3068 1181 3129 τοῦ

170 3154 415 3238 Ἀριστοτέλους
437 3160 655 3244 ἐπαληθεύει,
686 3156 722 3226 τό
747 3161 868 3238 κάλλος
889 3164 1106 3237 ἐπαινοῦντος
1128 3160 1183 3225 καὶ

173 3254 273 3338 μέρος
281 3261 394 3339 τρίτου
403 3252 594 3341 ἡγουμένου
605 3255 757 3341 τάγαθοῦ
768 3259 823 3327 καὶ
833 3264 930 3326 τούτο
941 3256 1042 3338 alvan
1055 3256 1192 3343 ἤκουσα

157 3432 162 3438 .
175 3352 215 3415 δέ
221 3375 312 3426 τινος
326 3353 380 3417 καὶ
391 3354 623 3435 περιττότερόν
632 3382 664 3421 τι
680 3358 940 3441 νεανιευομένου
952 3354 1036 3442 ὑπὲρ
1047 3365 1104 3441 τῆς
1116 3362 1177 3423 τῶν
