2575 3842
175 190 238 254 372
535 195 595 252 ΛΟ
605 193 828 251 ΤΚΙΑΝΟΥ

105 347 198 437 691ίγΙ
222 358 390 437 τρύβλιον.
422 359 525 418 ταῦτα
548 359 618 428 πῶς
645 348 687 417 ού
706 354 809 435 γέλως
834 352 940 435 ἐστίν,
968 343 996 416 ῶ
1022 354 1110 418 καλὲ
1140 358 1203 418 Τι-

176 448 325 534 μόκλεις,

259 553 381 614 ΜΩΜ.
407 543 480 614 Ούκ
496 551 626 631 ἔλεγον,
644 539 672 614 ῶ
687 554 780 631 θεοί,
798 547 908 614 πάντα
918 554 1021 613 ταῦτα
1030 544 1137 629 ἥξειν
1152 555 1201 626 είς

174 642 363 731 τούμφανές
377 646 431 712 καὶ
446 642 591 730 ἀκριβῶς
608 644 907 729 ἐξετασθήσεσθαι;

257 749 383 810 ΖΕΥΣ.
397 740 543 827 Ἕλεγες,
563 733 590 808 ῶ
603 749 729 827 Μῶμε,
745 744 801 808 καὶ
816 744 968 827 ἐπετίμας
984 738 1121 825 ὀρθῶς,
1139 748 1199 810 καὶ

175 844 279 924 ἐγωγε
289 838 487 924 πειράσομαι
500 839 806 926 ἐπανορθώσασθαι
817 836 918 923 αύτά,
933 834 978 923 ἢν
988 835 1048 905 τάν
1061 840 1101 905 ἐν
1112 843 1198 907 ποσὶ
1267 867 1272 983 χ

175 944 297 1003 τοῦτον
313 941 474 1003 κίνδυνον
489 936 718 1022 διαφύγωμεν.

257 1037 308 1100 43.
334 1041 428 1102 ΤΙΜ.
448 1032 553 1117 Ἀλλ’,
576 1027 713 1112 ῶθεοῑς
727 1035 826 1119 ἐχθρὲ
839 1033 900 1117 σύ,
921 1031 1000 1110 τούς
1016 1032 1195 1118 χρησμούς
1270 1064 1271 1109 γ

175 1133 229 1197 καὶ
251 1132 510 1217 προαγορεύσεις
529 1139 597 1198 τῶν
613 1133 781 1216 ἐσομένων
797 1139 887 1209 τίνος
901 1135 1001 1217 ἐργου
1016 1125 1061 1195 ἀν
1081 1139 1194 1208 εἴποις

174 1224 195 1312 ἢ
211 1235 303 1295 θεῶν
317 1230 372 1297 καὶ
387 1237 444 1314 τῆς
461 1235 619 1313 προνοίας
633 1235 691 1314 τῆς
704 1232 857 1309 ἐκείνους

257 1331 369 1391 ΔΑΜ.
396 1325 593 1411 Σιώπησον,
618 1317 645 1392 ῶ
667 1323 798 1410 ἄριστε,
823 1326 900 1406 περὶ
924 1332 992 1391 τῶν
1013 1331 1189 1409 χρησμῶν,

174 1423 244 1489 ἐπεὶ
255 1424 417 1508 ἐρήσομαί
424 1443 472 1507 σε,
483 1430 573 1500 τίνος
586 1420 700 1490 αὐτῶν
710 1423 851 1509 μάλιστα
862 1430 1052 1508 μεμνῆσθαι
1064 1419 1188 1500 ἀξιοῑςς

173 1516 228 1607 ἀρ’
248 1525 393 1606 ἐκείνου,
409 1520 450 1588 δυ
461 1530 506 1611 τῷ
518 1528 619 1614 Λυδῷ
634 1522 652 1590 ὁ
665 1524 799 1602 Πύθιος
814 1530 969 1609 ἔχρησεν,
986 1519 1023 1599 ὃς
1037 1519 1188 1607 ἀκριβῶς
1269 1526 1273 1543 ’

173 1617 328 1704 ἀμφήκης
342 1610 384 1703 ἧν
399 1621 453 1685 καὶ
466 1619 694 1708 διπρόσωπος,
711 1616 779 1690 οἷοί
790 1628 853 1688 είσι
867 1626 935 1686 τῶν
947 1616 1075 1703 Ἑρμῶν
1087 1624 1184 1700 ἐνιοι,

174 1716 277 1780 διττοὶ
293 1716 348 1781 καὶ
366 1712 609 1802 ἀμφοτέρωθεν
631 1717 759 1804 ὅμοιοι,
780 1716 864 1801 πρὸς
883 1714 1046 1799 ὁπότερον
1060 1711 1105 1781 ἀν
1121 1715 1186 1782 αύ-
1272 1760 1273 1763 =

172 1817 240 1877 τῶν
255 1813 355 1896 μέρος
377 1815 595 1904 ἐπιστραφῇςς
617 1824 651 1884 τί
664 1817 745 1902 γάρ;
764 1823 892 1901 μᾶλλον
913 1811 931 1882 ὁ
949 1818 1184 1897 Κροῖσος-δια·

173 1907 236 1994 βὰς
251 1906 311 1974 τὸν
320 1907 425 1978 ’Ἀλυυ
439 1911 501 1998 τὴν
513 1912 617 1981 αὐτοῦ
630 1910 768 1999 άρχὴνῆ
783 1913 845 1998 τηυ
856 1913 975 1997 Κύρου
986 1910 1185 1991 καταλύσεις

103 2024 155 2080 692
173 2012 280 2072 καίτοι
293 2005 487 2093 ούκόλίγωυ
496 2010 669 2078 ταλάντων
679 2008 697 2077 ὁ
708 2007 899 2094 Σαρδιανὰς
908 2011 1032 2086 ἐκεῖνος
1041 2005 1186 2094 ὄλεθρος

172 2100 209 2169 τδ
226 2100 424 2189 ἀμφιδέξιον
438 2113 537 2173 τοῦτο
554 2112 631 2184 ἔπος
646 2109 791 2189 ἐπρίατο.

256 2208 380 2269 ΜΩΜ.
403 2200 498 2270 Αύτά
513 2228 597 2286 που,
619 2195 753 2289 ῶθεοί,
775 2201 793 2270 ὁ
813 2201 899 2289 ἀνὴρ
915 2205 1109 2287 διεξέρχεται
1127 2204 1186 2269 λε’-
1273 2282 1274 2295 ¹

170 2324 240 2384 γων
261 2295 363 2384 δέγῶ
381 2303 521 2370 ἐδεδίειν
536 2302 685 2386 μάλιστα.
715 2307 783 2368 ποῦ
799 2298 897 2368 υῶυὸ
918 2298 1019 2378 καλὸς
1031 2297 1113 2384 ἡμῖν
1127 2325 1185 2365 κι-
1273 2298 1274 2301 “

169 2393 341 2482 θαρῳδός;
364 2392 569 2481 ἀπολόγησαι
584 2395 674 2488 αύτῷ
686 2395 862 2465 κατελθῶυ
875 2393 960 2483 πρδς
974 2403 1087 2462 ταῦτα.

254 2497 379 2556 ΖΕΥΣ.
410 2488 464 2557 Σύ
492 2490 577 2576 ἡμᾶς
603 2493 828 2578 ἐπισφάττεις,
853 2486 880 2559 ῶ
901 2499 1029 2578 Μῶμε,
1059 2490 1123 2560 οὐκ
1146 2496 1185 2560 ἐν

172 2592 277 2674 καιρῶ
295 2593 360 2675 υύν
377 2588 544 2669 ἐπιτιμῶν.

255 2702 307 2766 44.
328 2704 421 2766 ΤΙΜ.
438 2696 519 2783 Ὅρα
531 2693 585 2766 οἷα
596 2716 717 2784 ποιεῖς,
734 2694 919 2788 ῶάλιτήριε
931 2710 1040 2787 Δᾶμι,
1055 2726 1186 2787 μονον-

171 2801 246 2884 ουχὶ
260 2796 300 2865 τά
316 2801 373 2883 ἕδη
389 2795 473 2865 αύτά
488 2804 556 2865 τῶν
569 2806 664 2867 θεῶν
676 2798 871 2882 ἀνατρέπεις
885 2809 933 2890 τῷ
944 2799 1034 2890 λύγφ
1045 2801 1100 2866 καὶ
1111 2807 1185 2886 βω-

171 2893 255 2980 μούς
269 2893 389 2962 αὐτῶν.

255 3001 369 3061 ΔΑΜ.
389 2991 441 3061 Ού
458 2994 584 3073 πάντας
597 3000 702 3081 ἔγωγε
711 2993 789 3072 τούς
797 2994 942 3081 βωμούς,
956 2987 984 3060 ῶ
996 2994 1181 3078 Τιμόκλεις.

170 3095 204 3153 τί
214 3085 280 3173 γάρ
295 3091 350 3156 καὶ
362 3086 474 3155 δεινὸν
486 3085 543 3155 ἀπ’
556 3089 668 3158 αὐτῶν
678 3101 837 3178 γίγνεται,
852 3096 883 3158 εί
891 3092 1115 3175 θυμιαμάτων
1125 3095 1184 3157 καὶ

171 3180 310 3260 εὐωδίας
326 3187 386 3250 είσὶ
403 3193 520 3270 μεστοί
523 3215 531 3262 ;
558 3186 637 3266 τούς
658 3187 690 3256 δ’
707 3191 745 3256 έν
762 3189 906 3271 Ταύροις
921 3194 979 3272 τῆς
992 3185 1182 3273 Ἀρτέμιδος

170 3273 275 3359 ἡδέως
295 3273 338 3343 ἀν
353 3283 484 3347 ἐπεῖδον
498 3284 534 3348 ἐκ
551 3283 694 3367 βάθρων
715 3285 769 3350 ἐπὶ
785 3281 936 3367 κεφαλὴν
952 3281 1182 3370 ἀνατρεπομέ-

170 3393 267 3450 νους,
283 3374 325 3453 ἐφ
342 3367 390 3438 ῶν
404 3387 540 3443 τοιαῦτα
557 3375 578 3463 ἡ
594 3383 765 3462 παρθένος
779 3378 991 3466 εὐωχουμένη
1009 3387 1129 3466 ἐχαιρε.
