2575 3842
187 163 250 226 274
541 167 848 227 AOPKIANOY

187 331 308 406 κρῦσαι
324 327 378 392 καὶ
392 323 514 410 μεταξύ
530 333 597 392 τῶν
612 326 724 411 λόγων
737 329 887 405 ἐλεεινῶς
905 325 1127 408 ὑποστενάξαι
1143 335 1199 398 καλ

187 419 344 500 ἀπιόντος
359 421 422 508 ήδη
443 427 607 511 λαβέσθαι
626 426 681 490 καὶ
698 426 885 493 εἰσελθόντι
900 431 1133 511 προσδραμεῖν,
1146 432 1198 495 καὶ
1280 418 1281 427 ¹

187 525 468 607 καλλωπίζεσθαι,
485 519 528 600 ὠς
539 517 584 588 ἀν
594 520 735 606 μάλιστα
747 519 890 605 ἀρέσειε,
906 530 966 589 καί
973 548 1040 590 που
1052 529 1108 592 καὶ
1119 518 1210 614 ᾆσαι,

186 619 241 684 καὶ
254 627 442 702 κιθαρίσαι·
464 617 512 698 οἷς
524 619 627 686 ἀπασι
641 617 725 686 κατά
736 628 798 685 τοῦ
805 627 946 687 Δεινίου
957 622 1120 708 ἐκέχρητο.
1143 626 1198 690 καὶ
1282 674 1283 691 τ

186 719 255 784 ἐπεὶ
271 715 396 804 ᾔσθετο
409 725 563 805 πονηραῖς
577 724 694 802 ἔχοντα
705 719 760 784 καὶ
770 717 951 803 διάβροχον
964 716 1028 805 ήδη
1042 726 1089 808 τῷ
1098 725 1197 803 ἔρωτι
1283 806 1284 811 ¹

185 819 240 883 καὶ
254 815 396 899 τακερόν
412 818 656 902 γεγενημένον,
677 814 759 883 ἀλλο
778 817 829 882 ἐπὶ
849 816 981 894 τούτοις
995 818 1127 884 ἐπενόει
1142 820 1197 885 καί

185 913 245 981 τόν
260 913 383 982 άθλιον
397 913 570 983 ἀπώλλυε·
594 914 690 981 κύειν
704 939 738 980 τε
759 911 824 999 γάρ
845 917 879 993 ἐξ
899 910 1006 980 αύτού
1019 915 1198 999 σκήπτεται
1284 994 1285 999 ¹

185 1054 228 1064 -
242 1011 361 1079 ίκανόν
382 1015 418 1080 δέ
436 1014 491 1080 καί
511 1019 609 1080 τοῦτο
625 1019 732 1098 βλᾶκα
754 1008 896 1097 ἐραστήν
915 1021 1195 1096 προσεκπυρῶσαι

185 1153 227 1160 -—-
244 1111 298 1178 καὶ
313 1109 422 1178 ούκέτι
438 1116 552 1193 ἐφοίτα
567 1107 650 1191 πρός
664 1106 769 1176 αύτὸν
784 1110 1014 1194 φυλάττεσθαι
1032 1108 1099 1177 ύπό
1114 1109 1196 1178 τάν·
1284 1140 1285 1163 ¹

186 1208 264 1293 δρός
279 1211 423 1295 λέγουσα
437 1212 654 1293 πεπυσμένου
665 1205 725 1275 τόν
739 1214 859 1290 ἔρωτα·
882 1206 900 1274 ὁ
913 1205 945 1274 δ’
958 1206 1068 1276 ούκέτι
1080 1205 1150 1287 οἷός
1160 1236 1196 1276 τε

184 1301 228 1394 ἦν
250 1310 366 1392 φέρειν
388 1307 424 1374 τό
450 1315 599 1393 πρᾶγμα,
627 1304 706 1373 οὐδὲ
725 1306 871 1392 ἠνείχετο
897 1303 942 1392 μή
965 1304 1056 1389 δρῶν
1076 1305 1191 1392 αὐτήν,
1286 1356 1287 1389 ,

184 1403 267 1474 ἀλλά
287 1406 429 1487 ἐδάκρυε
451 1408 505 1472 καὶ
523 1403 601 1482 τούς
617 1405 761 1483 κόλακας
777 1409 951 1490 εἰσέπεμπε
969 1407 1025 1471 καὶ
1044 1404 1195 1489 τούνομα

116 1519 166 1571 523
185 1510 241 1588 τῆς
256 1508 452 1584 Χαρικλείας
467 1505 625 1587 ἐπεβοᾶτο
642 1505 697 1569 καὶ
715 1501 776 1588 τήν
791 1503 905 1570 είκόνα
922 1499 1113 1590 περιβαλὼν
1131 1499 1194 1568 αύ-

182 1607 240 1684 τής
254 1639 297 1652 -
314 1601 487 1685 ἐπεποίητο
509 1600 545 1666 δὲ
565 1605 667 1666 λίθου
682 1608 805 1667 λευκοῦ
820 1643 863 1651 -
879 1601 1004 1668 ἐκώκυε
1024 1604 1080 1669 καὶ
1100 1602 1193 1676 τέλος

184 1695 382 1780 καταβαλών
402 1695 522 1765 ἑαυτόν
547 1703 592 1775 είς
612 1695 781 1782 τοῦδαφος
804 1702 992 1766 ἐκυλίνδετο
1014 1700 1069 1765 καὶ
1091 1697 1193 1765 λύττα

184 1787 227 1878 ήν
241 1790 379 1880 ἀκριβής
394 1793 430 1862 τό
448 1803 599 1882 πρᾶγμα·
627 1792 669 1860 τά
684 1792 824 1880 μὲνγὰρ
840 1799 931 1878 δῶρα
948 1790 989 1860 ού
1005 1791 1088 1860 κατὰ
1104 1799 1194 1878 μῆλα

184 1893 238 1958 καὶ
253 1892 441 1975 στεφάνους
452 1891 641 1961 ἀντεδίδοτο
657 1890 758 1981 αύτή,
774 1889 857 1960 ἀλλά
870 1897 1036 1959 συνοικίαι
1051 1889 1127 1958 ὅλαι
1138 1916 1193 1956 και

183 1985 279 2074 ἀγροὶ
295 1991 348 2057 καὶ
369 1992 575 2073 θεράπαιναι
598 1993 652 2058 καὶ
668 1994 805 2074 ἐσθῆτες
819 1987 975 2067 εὐανθεῖς
990 1988 1045 2055 καὶ
1065 1983 1194 2072 χρυσόν

184 2085 309 2153 ὁπόσον
326 2087 504 2175 ἐθελήσειε.
529 2089 583 2154 καὶ
598 2094 631 2154 τί
642 2088 724 2172 γάρ;
747 2089 785 2152 ἐν
798 2094 916 2173 βραχεῖ
934 2082 952 2152 ὁ
965 2084 1127 2161 Λύσωνος
1142 2080 1193 2150 οἷ-

183 2212 242 2266 κος
263 2185 525 2273 ὀνομαστότατος
541 2193 609 2252 τῶν
633 2187 670 2252 έν
687 2182 793 2272 Ἰωνία
814 2185 994 2269 γενόμενος
1016 2182 1193 2268 ἐξήντλητο

182 2283 246 2370 ήδη
261 2287 314 2351 καὶ
333 2287 556 2363 ἐξεκεκένωτο.
586 2289 636 2351 16.
657 2281 724 2349 εἶτα
745 2279 788 2359 οἱς
803 2279 867 2368 ήδη
889 2273 971 2359 αύος
986 2274 1046 2367 ήυ,
1071 2277 1192 2348 ἀπολι-

182 2389 293 2448 ποῦσα
308 2381 412 2449 αύτὸν
427 2382 530 2450 ἀλλον
545 2379 619 2449 τινά
636 2387 750 2469 Κρῆτα
764 2385 942 2446 νεανίσκου
958 2387 1026 2446 τῶν
1041 2377 1194 2463 ὑποχρύ-

183 2501 253 2546 σων
267 2481 373 2566 ἐθήρα
385 2482 439 2547 καὶ
451 2482 645 2565 μετέβαινεν
659 2474 711 2545 ἐπ’
722 2481 851 2546 ἐκείνου
863 2481 916 2547 καὶ
927 2477 992 2564 ήρα
1007 2476 1069 2565 ήδη
1085 2474 1193 2544 αὐτοῦ

182 2575 333 2654 κάκεῖνος
347 2578 525 2643 ἐπίστευεν,
548 2574 774 2661 ἀμελούμενος
787 2570 849 2644 οὖν
863 2575 1029 2655 δΛεινίας
1045 2573 1106 2660 ούχ
1122 2572 1190 2642 ὑπό

181 2682 238 2760 τῆς
259 2681 457 2757 Χαρικλείας
474 2675 596 2761 μόνον,
621 2673 704 2742 άλλά
727 2678 780 2743 καὶ
801 2674 866 2743 ὑπὸ
889 2684 958 2742 τῶν
979 2676 1134 2744 κολάκων
1148 2717 1192 2726 -

182 2772 329 2842 κάκεῖνοι
346 2768 409 2857 γάρ
432 2773 484 2839 ἐπὶ
502 2772 562 2837 τὸν
575 2779 691 2857 Κρῆτα
711 2774 775 2860 ήδη
793 2773 853 2842 τόν
867 2775 1037 2860 ἐρόμενον
1054 2781 1193 2860 μετελη-

182 2874 334 2941 λύθεσαν
351 2913 386 2920 -·
404 2875 531 2955 ἐρχεται
547 2867 636 2953 παρά
653 2869 713 2939 τόν
732 2871 934 2959 Ἀγαθοκλέα
950 2875 1004 2940 καὶ
1024 2872 1127 2940 πάλαι
1144 2877 1193 2940 εί-

181 2972 262 3038 δότα
277 2968 321 3048 ὡς
337 2976 401 3055 ἔχει
418 2977 572 3055 πονηρῶς
590 2965 630 3035 τά
646 2972 824 3058 πράγματα
840 2968 939 3059 αύτῷ.
962 2972 1015 3038 καὶ
1031 2969 1192 3054 αἰδούμε-

180 3097 239 3149 νος
248 3067 284 3137 τό
297 3075 430 3150 πρῶτον
441 3066 529 3154 ὅμως
541 3073 684 3154 διηγεῖτο
695 3072 814 3156 πάντα,
826 3066 887 3136 τόν
900 3076 1015 3155 ἔρωτα,
1030 3066 1094 3154 τήν
1106 3067 1193 3134 άπο-

181 3175 273 3252 ριάν,
294 3164 355 3252 τήν
370 3163 558 3250 ὑπεροψίαν
572 3175 628 3252 τῆς
642 3170 819 3255 γυναικός,
835 3166 897 3236 τόν
911 3166 1118 3252 ἀντεραστήν
1130 3164 1192 3233 τόν

183 3274 313 3351 Κρῆτα,
328 3267 382 3360 καὶ
396 3269 488 3345 τέλος
504 3263 548 3343 ὡς
564 3264 606 3332 ού
619 3265 775 3352 βιάσεται
790 3265 834 3354 μή
851 3265 924 3352 ούχὶ
941 3265 1055 3334 συνών
1069 3273 1109 3353 τῇ
1121 3271 1191 3333 Χα-

181 3371 317 3452 ρικλείᾳ.
342 3362 359 3430 ὁ
376 3368 411 3431 δὲ
422 3365 564 3447 ἀκαιρον
576 3362 660 3431 εἶναι
675 3371 813 3450 νομίσας
828 3367 863 3430 έν
875 3366 982 3454 τούτῳ
994 3363 1191 3449 ἀπομνημο-
