2575 3842
297 181 915 265 ΠεειυΗΣΑΣνΡοΛονεΗΣ.
1050 205 1111 267 ιεο

103 364 216 452 ἠελίου
238 371 427 450 περίφορος.
460 373 490 433 6.
515 368 548 432 οἰ
564 364 600 432 δέ
621 365 677 432 καί
693 363 777 431 ἀλλα
801 364 964 449 ἐμήσαντο
984 363 1110 432 πολλὸν

103 463 188 546 μέζω
205 463 365 530 τουτέων·
388 464 424 530 ἐκ
440 459 504 547 γάρ
519 458 633 546 δήτοῦ
648 457 771 537 παντὸς
785 457 882 545 ἠέρος
895 465 949 529 καὶ
960 460 1108 547 ἀστέρων

103 563 172 624 τῶν
185 555 297 625 ἀλλων
315 555 491 626 ἀπλανέων
509 583 544 625 τε
559 558 613 624 καί
628 555 821 624 εὐσταθέων
836 559 890 624 καὶ
910 555 1040 644 ούδαμά
1056 585 1108 626 κι-

104 656 275 740 νεομένων
295 654 446 722 δυεόδεκα
467 661 584 741 μοίρας
598 652 757 738 ἐτάμοντο
779 657 839 738 [ἐν]
854 668 939 721 τοῖσι
956 656 1108 740 κινεομέ-

103 773 208 837 νοισι,
231 758 285 822 καὶ
304 759 408 822 οἰκεία
431 760 495 842 ζῷα
519 751 615 822 ἐόντα
639 756 779 820 ἕκαστον
799 751 927 821 αὐτέων
948 756 981 832 ἐς
1003 752 1109 839 άλλην

104 850 238 937 μορφήν
254 854 447 937 μεμιμέαται
463 850 503 918 τά
518 853 580 937 μέν
595 850 721 935 ἐνάλια,
738 849 779 917 τά
796 852 832 918 δὲ
847 849 1052 936 ἀνθρώπων,
1068 850 1107 918 τά

105 950 140 1013 δὲ
152 955 286 1032 θηρῶν,
302 945 342 1014 τά
361 950 396 1015 δὲ
411 955 562 1035 πτηνῶν,
580 946 620 1015 τά
637 947 673 1015 δέ
686 951 843 1034 κτηνέων.
865 952 894 1017 7.
911 945 977 1015 ἀπό
992 951 1055 1015 τέω
1067 945 1107 1033 δή

105 1045 158 1109 καὶ
180 1040 253 1126 ἰερά
268 1041 309 1110 τὰ
324 1045 684 1130 Αἰγύπτια-πολυειδέα
699 1047 859 1112 ποιέεται*
882 1045 923 1112 ού
938 1042 1002 1131 γάρ
1020 1045 1108 1112 πάν-

104 1165 158 1216 τες
171 1141 350 1225 Αἰγύπτιοι
372 1146 407 1209 ἐκ
430 1149 498 1209 τῶν
514 1142 666 1209 δυώδεκα
688 1145 832 1228 μοιρέων
854 1146 987 1210 πασέων
1006 1145 1109 1228 ἐμαν-

103 1237 256 1323 τεύοντο,
273 1237 367 1306 ἀλλοι
382 1241 418 1307 δέ
433 1237 582 1328 άλλοίησι
593 1245 748 1326 μοίρησιν
760 1242 925 1324 ἐχρέοντο·
946 1242 1000 1308 καὶ
1011 1236 1108 1325 κριόν

102 1336 166 1418 μὲν
182 1338 338 1422 σέβουσιν
352 1335 466 1404 ὁκόσοι
483 1339 515 1415 ἐς
529 1333 626 1421 κριόν
643 1333 846 1422 ἀπέβλεπον,
873 1337 992 1421 ἰχθύας
1008 1339 1045 1403 δὲ
1066 1333 1108 1404 ού

104 1435 267 1502 σιτέονται
277 1432 391 1503 ὁκόσοι
401 1436 521 1520 ἰχθύας
531 1434 790 1521 ἐπεσημήναντο,
802 1432 880 1502 ούδὲ
888 1434 1014 1521 τράγον
1024 1446 1108 1502 κτεί-

105 1552 225 1599 νουσιν
240 1531 312 1600 ὅσοι
333 1533 517 1620 αἰγόκερων
538 1531 678 1622 ήδεοαν,
704 1536 758 1600 καί
780 1538 814 1600 οί
832 1532 926 1601 ἀλλοι
944 1527 1047 1601 τᾶλλα
1065 1530 1109 1609 ὡς

105 1631 237 1696 ἕκαστοι
258 1631 457 1698 ἱλάσκονται.
491 1634 545 1699 ναί
566 1627 634 1716 μήν
657 1633 712 1698 καί
728 1638 854 1715 ταύρον
874 1633 906 1708 ἐς
927 1626 1027 1716 τιμήν
1048 1637 1110 1696 τού

108 1723 223 1810 ήερίου
233 1727 359 1811 ταύρου
370 1734 568 1815 σεβίζονται,
584 1732 638 1795 καί
650 1725 668 1793 6
679 1720 771 1805 Ἆπις
782 1724 910 1806 αύτέοις
918 1735 1026 1813 χρήμα
1036 1725 1110 1812 ίρό-

104 1846 204 1888 τατον
218 1820 280 1909 τήν
293 1823 405 1911 χεόμην
420 1829 605 1912 ἐπινέμεται
622 1829 682 1890 καί
692 1828 726 1891 οἰ
737 1825 807 1891 ἐκεί
818 1825 978 1909 μαντήιον
992 1822 1108 1890 ἀνατι-
1126 1837 1175 1891 364

104 1919 204 1986 θέασι
220 1922 362 2006 σημήιον
382 1929 439 2009 τής
454 1925 583 1990 ἐκείνου
598 1927 660 1988 τού
677 1920 805 2005 ταύρου
824 1928 990 2006 μαντικῆς.
1019 1928 1050 1990 8.
1068 1917 1110 1987 ού

102 2015 185 2102 μετά
203 2015 328 2085 πολλὸν
341 2018 377 2087 δέ
388 2024 442 2089 καὶ
454 2029 575 2108 Λίβυες
590 2021 754 2106 ἐπέβησαν
764 2025 825 2084 τοῦ
837 2017 958 2101 λόγου·
979 2021 1034 2086 καί
1044 2016 1109 2102 γάρ

105 2113 142 2182 τό
155 2117 293 2202 Λιβύων
307 2119 469 2204 μαντήιον
483 2117 718 2204 τίν’Ἇμμωνος,
733 2119 787 2183 καί
798 2123 894 2182 τούτο
912 2117 944 2192 ἐς
958 2113 1018 2181 τόν
1028 2114 1109 2200 ήέρα

105 2216 160 2281 καὶ
175 2217 208 2292 ἐς
228 2214 288 2299 τήν
302 2219 440 2284 τουτέου
457 2222 579 2303 σοφίην
601 2214 736 2302 εὕρητο,
757 2211 835 2298 παρ’
855 2213 937 2281 ὅσον
955 2211 1015 2279 τόν
1026 2211 1110 2297 ’Ἁμ-

105 2337 201 2397 μωνα
216 2314 271 2378 καί
285 2304 378 2381 οὗτοι
391 2314 649 2400 κριοπρόσωπον
660 2316 838 2379 ποιέονται.
860 2317 889 2378 9.
905 2315 1056 2396 ἔγνωσαν
1072 2312 1108 2377 δέ

106 2411 252 2476 τουτέων
264 2411 384 2476 ἕκαστα
395 2413 448 2479 καί
459 2411 682 2497 Βαβυλώνιοι,
698 2401 791 2476 οὗτοι
806 2413 878 2495 μέν,
892 2413 1038 2496 λέγουσι,
1055 2411 1111 2477 καί

107 2504 171 2590 πρὸ
190 2514 257 2574 τῶν
272 2506 383 2576 ἀλλων
390 2510 487 2594 ,ἐμοί
499 2509 534 2575 δέ
546 2510 669 2591 δοκέει,
685 2504 811 2575 πολλόν
825 2505 967 2592 ὕστερον
981 2510 1014 2585 ἐς
1030 2533 1110 2574 του-

106 2606 201 2684 τέους
218 2603 235 2672 6
251 2606 385 2691 λόγος’
365 2612 508 2674 απίκετο
533 2610 582 2672 10.
590 2602 746 2689 Έλληνες
761 2603 849 2671 &w
809 2629 885 2670 οντε
896 2628 963 2686 παρ
966 2601 1111 2670 Ἀἰθιό-

108 2728 182 2769 πων
199 2702 275 2770 ούτε
287 2728 353 2787 παρ
357 2703 570 2790 Ἀἰγυπτίων
581 2701 796 2788 ἀστρολογίης
809 2705 884 2786 πέρι
896 2698 1027 2769 ούδέν”
1006 2727 1110 2809 ηκου-

108 2821 188 2885 σαν,
214 2797 298 2869 ἀλλά
325 2807 441 2886 σφίσιν
461 2799 642 2887 Ὀρφεύς“
627 2829 646 2868 ο
670 2802 819 2886 Οἰάγρου
841 2803 895 2868 καί
921 2773 1111 2881 Καλλιόπης

109 2905 238 2981 πρῶτος
260 2897 375 2967 τάδε’
357 2900 564 2985 απηγήσατο,
593 2896 634 2965 ού
655 2900 743 2984 μάλα
764 2899 952 2984 ἐμφανέως,
979 2893 1093 2961 ούδε’
1078 2919 1111 2970 ες

107 2996 194 3082 φάος
207 2995 268 3065 τόν
282 2997 385 3084 λόγον
399 2996 615 3086 προήνεγκεν,
632 2994 705 3064 ἀλλ’
719 3000 752 3074 ἐς
763 3001 915 3080 γοητείην
930 2995 985 3060 καί
999 2996 1110 3076 ἰρολο-

106 3102 201 3181 γίην,
220 3099 273 3180 οίη
291 3099 420 3181 διανοίη
436 3097 581 3164 ἐκείνου·
608 3094 795 3181 πηξάμενος
813 3089 877 3178 γάρ
892 3090 999 3176 λύρην
1014 3089 1110 3176 ὄργιά

106 3219 141 3260 τε
156 3195 300 3261 ἐποιέετο
316 3195 371 3261 καὶ
380 3190 420 3260 τά
436 3190 490 3278 ἰρά
501 3191 625 3280 ήειδεν·
646 3191 667 3279 ή
683 3192 718 3260 δέ
730 3192 814 3278 λύρη
827 3189 1001 3274 ἑπτάμιτος
1011 3191 1111 3256 ἐοῦσα

105 3288 167 3376 τήν
194 3297 263 3358 τῶν
290 3293 495 3378 κινεομένων
521 3289 668 3379 ἀστέρων
690 3290 854 3377 ἁρμονίην
878 3288 1108 3374 συνεβάλλετο.

105 3394 208 3456 ταῦτα
231 3385 373 3475 Ὀρφεύς
394 3389 565 3477 διζήμενος
591 3391 646 3458 καί
666 3397 769 3457 ταῦτα
795 3385 981 3455 ἀνακινέων
1001 3387 1110 3455 πάντα
