2575 3842
192 178 254 243 276
548 179 850 240 ΛΟΥΚΙΑΝΟΥ

193 340 333 426 φεύγειν
349 345 394 418 είς
406 337 456 406 άελ
470 339 668 423 τεταγμένος
681 333 747 402 ὑπὸ
762 337 932 422 βασιλέως.
957 343 1006 406 18.
1023 361 1042 402 ο
1058 337 1094 404 δὲ
1107 335 1205 425 Ἀγα-

192 443 317 522 θοκλης
333 439 388 504 καὶ
400 429 502 504 τᾶλλα
516 436 577 522 μὲν
591 443 700 520 συνῆν
714 435 770 501 καὶ
784 441 978 521 συναπῆρεν
993 442 1040 514 είς
1050 434 1112 522 την
1124 434 1204 506 Ἰτα-

193 541 269 604 λιάν
283 536 338 602 καλ
355 541 578 618 συνεισῆλθεν
600 538 647 611 είς
659 529 696 599 τδ
714 533 928 618 δικαστήριον
942 533 1046 617 μόνος
1060 541 1129 601 τῶν
1147 543 1203 620 φί-

193 635 331 703 λωνκαὶ
353 631 437 716 πρὸς
456 629 556 698 οὐδὲν
577 631 760 715 ἐνεδέησεν.
793 632 863 697 ἐπεὶ
885 632 921 696 δὲ
940 629 1003 717 ἤδη
1025 629 1201 718 ἐφευγευὸ

192 738 346 815 Δεινίας,
363 727 442 797 οὐδὲ
453 729 527 797 τότε
539 726 728 814 ἀπελείφθη
742 734 803 794 τοῦ
815 731 963 812 ἑταίρου,
982 729 1203 806 καταδικάσας

194 830 229 896 δὲ
245 825 345 906 αὐτὸς
362 825 468 895 αὐτοῦ
483 830 647 915 διέτριβεν
662 829 698 893 ἐν
709 825 832 915 Γυάρφ
846 828 900 892 καὶ
917 829 1126 912 συνέφευγεν
1141 826 1204 894 αὐ-

194 931 256 1016 τῷ,
284 927 338 990 καὶ
359 922 470 1011 ἐπειδὴ
495 925 709 991 παντάπασιν
732 921 887 1009 ἠπόρουν
911 931 980 990 τοῖν
1000 923 1204 1011 ἀναγκαίων,

194 1021 364 1105 παραδούς
379 1021 499 1091 ἑαυτὸν
519 1037 586 1101 τοῖς
603 1029 817 1108 πορφυρεῦσι
833 1021 1075 1107 συγκατεδύετο
1096 1025 1151 1090 καλ
1165 1019 1203 1088 τδ

193 1123 374 1208 γινόμενον
389 1124 425 1189 ἐκ
440 1123 563 1189 τούτου
582 1119 765 1206 ἀποφέρων
781 1126 899 1206 ἔτρεφε
919 1117 979 1187 τδν
994 1127 1134 1188 Δεινίαν
1150 1122 1205 1187 καὶ

194 1218 384 1304 νοσήσαντά
396 1246 430 1287 τε
447 1222 499 1287 ἐπὶ
509 1221 670 1306 μήκιστον
686 1217 892 1304 ἐθεράπευσε
904 1219 960 1286 καὶ
970 1217 1204 1322 ἀποθανόντος

194 1314 304 1386 οὐκέτι
318 1319 517 1386 ἐπανελθεῖν
536 1322 581 1396 είς
595 1315 657 1403 τὴν
673 1318 795 1384 ἑαυτοῦ
808 1314 990 1402 ἠθέλησεν,
1007 1314 1080 1384 ἀλλ’
1098 1313 1205 1382 αὐτοῦ

194 1417 231 1482 ἐν
246 1421 285 1501 τῇ
303 1416 395 1505 νήσω
413 1421 543 1501 ἔμεινεν
561 1415 801 1500 αἰσχυνόμενος
821 1415 877 1481 καὶ
895 1421 1065 1482 τεθνεῶτα
1085 1411 1205 1481 άπολι-

195 1525 270 1577 πεῖν
287 1509 346 1578 τδν
362 1519 470 1596 φίλου.
500 1513 600 1579 τοῦτο’
615 1532 668 1579 σοι
682 1517 783 1599 ἔργον
798 1519 899 1598 φίλον
907 1509 1065 1597 Ἕλληνος
1082 1509 1124 1578 οὐ
1140 1508 1203 1596 πρὸ

194 1614 321 1675 πολλοῦ
339 1607 538 1694 γευόμενον·
568 1614 622 1695 ἐτη
638 1607 703 1695 γάρ
719 1608 782 1677 οὐκ
804 1608 877 1677 οῖδα
896 1616 925 1677 εί
940 1613 1037 1676 πέντε
1054 1607 1118 1694 ἤδη
1135 1612 1204 1674 διε-

194 1704 360 1790 λήλυθεν,
372 1701 439 1789 ὐφ’
455 1699 498 1773 οὐ
509 1703 713 1793 Ἀγαθοκλῆς
730 1709 767 1774 ἐν
779 1705 1078 1798 Ρυάρφάπέθαυε.

282 1809 374 1881 ΤΟΞ.
408 1808 471 1872 Καὶ
501 1815 573 1874 είθε
596 1832 650 1892 γε,
679 1798 706 1873 οὐ
730 1804 932 1889 Μνήσιππε,
961 1801 1133 1889 άντόμοτος
1156 1798 1201 1869 οδε

195 1909 297 1968 ταῦτα
309 1908 428 1988 ἔλεγες,
440 1906 496 1971 ἵνα
508 1907 563 1972 καὶ
575 1902 726 1972 άπιστεῖν
738 1899 781 1970 άν
792 1903 963 1988 ἐδυνάμην
974 1900 1101 1980 αὐτοῖς·
1116 1898 1205 1968 οὕτω

127 2013 176 2068 527
196 2001 375 2069 Σκυθικόν
391 2028 465 2070 τινα
487 2009 588 2089 φίλον
607 2001 667 2070 τδν
688 2000 891 2087 Ἀγαθοκλέα
907 2006 1028 2067 τοῦτον
1044 1999 1203 2085 διηγήσω.

196 2097 284 2186 πλὴν
301 2094 365 2169 οὐν
380 2101 472 2169 δέδια
487 2103 532 2187 μη’
547 2129 622 2169 τινα
639 2104 694 2168 καλ
710 2097 813 2167 άλλον
828 2097 946 2185 ὅμοιον
962 2107 1054 2186 είπης
1069 2095 1169 2187 αὐτῷ.

281 2205 331 2267 19.
358 2206 506 2266 ΜΝΗΣ.
531 2201 652 2268 ’Ἀκουε
673 2206 790 2267 τοίνυν
810 2200 864 2265 καὶ
881 2194 998 2282 άλλον,
1025 2189 1052 2261 οὐ
1071 2195 1205 2280 Τόξαρι,

197 2295 395 2364 Εὐθύδικον
416 2297 476 2365 τὸν
496 2302 671 2367 Χαλκιδέα.
704 2301 848 2382 διηγεῖτο
869 2297 908 2362 δέ
925 2319 983 2380 μοι
1003 2293 1078 2378 περὶ
1100 2292 1206 2360 αὐτοῦ

197 2395 347 2479 Σιμύλος
365 2392 382 2461 δ
398 2396 585 2482 ναύκληρος
599 2392 824 2482 ὁΜεγαρικδς
839 2394 1087 2480 ἐπομοσάμενος
1101 2387 1124 2480 ἦ
1137 2390 1206 2479 μὴν

198 2489 298 2571 αὐτὸς
309 2495 489 2579 ἑωρακέναι
504 2495 540 2563 τδ
554 2503 669 2583 ἔργον·
692 2504 787 2563 πλεῖν
798 2497 859 2581 μὲν
872 2494 936 2580 γάρ
950 2500 1014 2580 ἔφη
1026 2496 1059 2573 ἐξ
1072 2491 1207 2570 Ἰταλίας

194 2591 355 2678 Ἀθήναζε
375 2595 450 2678 περὶ
467 2595 566 2662 δύσιν
579 2595 744 2672 Πλειάδος
759 2600 1017 2679 συλλογιμαίους
1035 2590 1127 2669 τινάς
1144 2588 1202 2657 άν-

197 2691 358 2775 θρύπους
373 2699 532 2780 κομίζων,
557 2697 593 2761 ἐν
610 2697 646 2762 δὲ
662 2692 793 2770 τούτοις
809 2689 893 2759 εἶναι
908 2687 1038 2758 καὶτὸν
1051 2687 1207 2758 Εὐθύδι-

198 2819 260 2860 κον
274 2793 329 2860 καλ
339 2792 410 2880 μετ’
426 2790 532 2860 αὐτού
542 2793 710 2879 Δάμωνα,
726 2792 891 2860 Χαλκιδέα
903 2792 957 2857 καὶ
967 2796 1104 2873 τοῦτον,
1121 2790 1207 2855 ἐταλ-

200 2917 260 2976 ρον
277 2889 397 2959 αὐτοῦ·
419 2889 595 2979 ἡλικιώτας
613 2892 649 2960 δὲ
665 2891 767 2974 εἶναι,
785 2891 845 2959 τδν
859 2890 921 2977 μὲν
935 2887 1133 2956 Εὐθύδικον
1150 2890 1207 2972 έρ-

201 2993 352 3074 ρωμέυον
373 2992 427 3058 καὶ
455 2992 634 3077 καρτεράν,
659 2988 720 3057 τὸν
747 2993 783 3057 δὲ
802 2989 953 3074 Δάμωνα
972 2986 1130 3073 ὕπωχρον
1151 2989 1208 3054 καὶ

199 3086 398 3176 άσθενικάν,
413 3088 488 3175 άρτι
503 3093 539 3158 ἐκ
549 3093 654 3158 νόσου
666 3098 812 3176 μακρᾶς,
829 3087 873 3167 ὡς
884 3087 1011 3173 ἐδόκει,
1028 3084 1208 3170 άυιστάμε-

199 3212 270 3252 νον.
299 3185 374 3272 άχρι
391 3189 451 3271 μὲν
474 3182 537 3256 οὐν
552 3195 708 3268 Σικελίας
729 3186 873 3273 εὐτυχῶς
894 3191 1091 3254 διαπλεῦσαι
1107 3180 1206 3269 ἐφηὸ

199 3284 348 3369 Σιμύλος
365 3294 467 3371 σφᾶς
492 3289 560 3355 ἐπεὶ
584 3289 620 3354 δὲ
640 3284 701 3354 τδν
717 3285 875 3373 πορθμὸν
895 3285 1154 3371 διαπεράσαντες
1170 3286 1208 3350 ἐν

201 3378 291 3470 αὐτῷ
306 3382 369 3466 ἤδη
385 3391 429 3473 τῷ
443 3383 544 3476 Ἰονίφ
560 3391 694 3471 ἔπλεον,
710 3393 855 3472 χειμῶνα
869 3388 1025 3470 μέγιστον
1038 3386 1208 3450 ἐπιπεσεῖν
