<?xml version="1.0" encoding="UTF-8"?>
<!DOCTYPE html PUBLIC "-//W3C//DTD XHTML 1.0 Transitional//EN"
    "http://www.w3.org/TR/xhtml1/DTD/xhtml1-transitional.dtd">
<html xmlns="http://www.w3.org/1999/xhtml" xml:lang="en" lang="en">
 <head>
  <title>
</title>
<meta http-equiv="Content-Type" content="text/html;charset=utf-8" />
  <meta name='ocr-system' content='tesseract 3.04.00' />
  <meta name='ocr-capabilities' content='ocr_page ocr_carea ocr_par ocr_line ocrx_word'/>
</head>
<body>
  <div class='ocr_page' id='page_1' title='image "./operaadoptimoru00jacogoog/operaadoptimoru00jacogoog_0238.png"; bbox 0 0 2575 3842; ppageno 0'>
   <div class='ocr_carea' id='block_1_1' title="bbox 194 172 852 238">
    <p class='ocr_par' dir='ltr' id='par_1_1' title="bbox 194 172 852 238">
     <span class='ocr_line' id='line_1_1' title="bbox 194 172 852 238; baseline -0.005 -2"><span class='ocrx_word' id='word_1_1' title='bbox 194 172 256 238; x_wconf 81' lang='grc'><strong><em>194</em></strong></span> <span class='ocrx_word' id='word_1_2' title='bbox 545 175 852 235; x_wconf 78' lang='grc' dir='ltr'><em>ΛΟΥΚΙΑΝΟΤ</em></span> 
     </span>
    </p>
   </div>
   <div class='ocr_carea' id='block_1_2' title="bbox 121 328 1200 2756">
    <p class='ocr_par' dir='ltr' id='par_1_2' title="bbox 121 328 1200 2756">
     <span class='ocr_line' id='line_1_2' title="bbox 193 328 1199 421; baseline 0.005 -23"><span class='ocrx_word' id='word_1_3' title='bbox 193 335 229 398; x_wconf 88' lang='grc' dir='ltr'><strong><em>έκ</em></strong></span> <span class='ocrx_word' id='word_1_4' title='bbox 243 339 304 398; x_wconf 86' lang='grc' dir='ltr'><strong><em>τοῦ</em></strong></span> <span class='ocrx_word' id='word_1_5' title='bbox 319 328 468 417; x_wconf 83' lang='grc' dir='ltr'><strong><em>οὐρανοῦ</em></strong></span> <span class='ocrx_word' id='word_1_6' title='bbox 489 332 658 410; x_wconf 73' lang='grc' dir='ltr'><em>διετάξατο</em></span> <span class='ocrx_word' id='word_1_7' title='bbox 675 335 730 399; x_wconf 80' lang='grc' dir='ltr'><strong><em>καὶ</em></strong></span> <span class='ocrx_word' id='word_1_8' title='bbox 744 334 869 417; x_wconf 92' lang='grc' dir='ltr'><strong><em>νόμους</em></strong></span> <span class='ocrx_word' id='word_1_9' title='bbox 887 343 1002 418; x_wconf 90' lang='grc' dir='ltr'><strong><em>σφίσιν</em></strong></span> <span class='ocrx_word' id='word_1_10' title='bbox 1023 337 1199 421; x_wconf 75' lang='grc' dir='ltr'><strong><em>ἐποιήσατο</em></strong></span> 
     </span>
     <span class='ocr_line' id='line_1_3' title="bbox 193 426 1199 519; baseline 0.007 -25"><span class='ocrx_word' id='word_1_11' title='bbox 193 426 325 512; x_wconf 86' lang='grc' dir='ltr'><strong><em>μηδαμά</em></strong></span> <span class='ocrx_word' id='word_1_12' title='bbox 343 427 425 513; x_wconf 74' lang='grc' dir='ltr'><strong><em>μηδὲ</em></strong></span> <span class='ocrx_word' id='word_1_13' title='bbox 438 430 469 506; x_wconf 89' lang='grc' dir='ltr'><strong><em>ές</em></strong></span> <span class='ocrx_word' id='word_1_14' title='bbox 481 429 628 514; x_wconf 90' lang='grc' dir='ltr'><strong><em>πόλεμον</em></strong></span> <span class='ocrx_word' id='word_1_15' title='bbox 638 433 840 515; x_wconf 76' lang='grc' dir='ltr'><strong><em>προχωρέειν</em></strong></span> <span class='ocrx_word' id='word_1_16' title='bbox 851 434 931 515; x_wconf 79' lang='grc' dir='ltr'><strong><em>πρὶν</em></strong></span> <span class='ocrx_word' id='word_1_17' title='bbox 947 430 1009 517; x_wconf 87' lang='grc' dir='ltr'><strong><em>τὴν</em></strong></span> <span class='ocrx_word' id='word_1_18' title='bbox 1020 442 1199 519; x_wconf 74' lang='grc' dir='ltr'><strong><em>σεληναίην</em></strong></span> 
     </span>
     <span class='ocr_line' id='line_1_4' title="bbox 194 522 1199 614; baseline 0.007 -24"><span class='ocrx_word' id='word_1_19' title='bbox 194 524 319 608; x_wconf 82' lang='grc' dir='ltr'><strong><em>πλήρεα</em></strong></span> <span class='ocrx_word' id='word_1_20' title='bbox 333 528 507 609; x_wconf 84' lang='grc' dir='ltr'><strong><em>γενέσθαι·</em></strong></span> <span class='ocrx_word' id='word_1_21' title='bbox 532 522 573 590; x_wconf 89' lang='grc' dir='ltr'><strong><em>οὐ</em></strong></span> <span class='ocrx_word' id='word_1_22' title='bbox 587 523 652 611; x_wconf 85' lang='grc' dir='ltr'><strong><em>γάρ</em></strong></span> <span class='ocrx_word' id='word_1_23' title='bbox 669 535 744 609; x_wconf 89' lang='grc' dir='ltr'><strong><em>λσην</em></strong></span> <span class='ocrx_word' id='word_1_24' title='bbox 761 526 910 611; x_wconf 81' lang='grc' dir='ltr'><strong><em>ἐνόμιζεν</em></strong></span> <span class='ocrx_word' id='word_1_25' title='bbox 927 527 1010 596; x_wconf 80' lang='grc' dir='ltr'><strong><em>εἶναι</em></strong></span> <span class='ocrx_word' id='word_1_26' title='bbox 1021 528 1082 614; x_wconf 82' lang='grc' dir='ltr'><strong><em>τὴυ</em></strong></span> <span class='ocrx_word' id='word_1_27' title='bbox 1094 535 1199 597; x_wconf 90' lang='grc' dir='ltr'><strong><em>δυνα-</em></strong></span> 
     </span>
     <span class='ocr_line' id='line_1_5' title="bbox 181 621 1198 722; baseline 0.009 -34"><span class='ocrx_word' id='word_1_28' title='bbox 181 629 304 722; x_wconf 48' lang='grc' dir='ltr'><strong><em>Χστείην</em></strong></span> <span class='ocrx_word' id='word_1_29' title='bbox 329 621 556 708; x_wconf 82' lang='grc' dir='ltr'><strong><em>αὐξανομένης</em></strong></span> <span class='ocrx_word' id='word_1_30' title='bbox 581 631 639 708; x_wconf 83' lang='grc' dir='ltr'><strong><em>τῆς</em></strong></span> <span class='ocrx_word' id='word_1_31' title='bbox 665 633 838 710; x_wconf 83' lang='grc' dir='ltr'><strong><em>σεληναίης</em></strong></span> <span class='ocrx_word' id='word_1_32' title='bbox 864 630 918 694; x_wconf 87' lang='grc' dir='ltr'><strong><em>καλ</em></strong></span> <span class='ocrx_word' id='word_1_33' title='bbox 944 626 1198 716; x_wconf 83' lang='grc' dir='ltr'><strong><em>ἀφανιζομένης,</em></strong></span> 
     </span>
     <span class='ocr_line' id='line_1_6' title="bbox 192 717 1197 843; baseline 0.008 -59"><span class='ocrx_word' id='word_1_34' title='bbox 192 718 300 785; x_wconf 87' lang='grc' dir='ltr'><strong><em>πάντα</em></strong></span> <span class='ocrx_word' id='word_1_35' title='bbox 312 720 348 784; x_wconf 78' lang='grc' dir='ltr'><strong><em>δὲ</em></strong></span> <span class='ocrx_word' id='word_1_36' title='bbox 365 717 426 785; x_wconf 83' lang='grc' dir='ltr'><strong><em>ὑπ’</em></strong></span> <span class='ocrx_word' id='word_1_37' title='bbox 441 717 542 806; x_wconf 87' lang='grc' dir='ltr'><strong><em>αὐτέη</em></strong></span> <span class='ocrx_word' id='word_1_38' title='bbox 553 724 764 789; x_wconf 85' lang='grc' dir='ltr'><strong><em>διοικέεσθαι.</em></strong></span> <span class='ocrx_word' id='word_1_39' title='bbox 786 730 837 791; x_wconf 80' lang='lat'><strong><em>26.</em></strong></span> <span class='ocrx_word' id='word_1_40' title='bbox 850 722 933 791; x_wconf 89' lang='grc' dir='ltr'><strong><em>ἀλλά</em></strong></span> <span class='ocrx_word' id='word_1_41' title='bbox 945 734 1065 811; x_wconf 82' lang='grc' dir='ltr'><strong><em>μοῦνοι</em></strong></span> <span class='ocrx_word' id='word_1_42' title='bbox 1079 725 1197 843; x_wconf 82' lang='grc' dir='ltr'><strong><em>Ἀρκά-</em></strong></span> 
     </span>
     <span class='ocr_line' id='line_1_7' title="bbox 193 813 1197 909; baseline 0.007 -27"><span class='ocrx_word' id='word_1_43' title='bbox 193 822 246 894; x_wconf 88' lang='grc' dir='ltr'><strong><em>δες</em></strong></span> <span class='ocrx_word' id='word_1_44' title='bbox 257 823 358 883; x_wconf 85' lang='grc' dir='ltr'><strong><em>ταῦτα</em></strong></span> <span class='ocrx_word' id='word_1_45' title='bbox 369 813 431 882; x_wconf 88' lang='grc' dir='ltr'><strong><em>οὐκ</em></strong></span> <span class='ocrx_word' id='word_1_46' title='bbox 443 819 593 896; x_wconf 83' lang='grc' dir='ltr'><strong><em>ἐδέξαντο</em></strong></span> <span class='ocrx_word' id='word_1_47' title='bbox 605 815 684 884; x_wconf 79' lang='grc' dir='ltr'><strong><em>οὐδὲ</em></strong></span> <span class='ocrx_word' id='word_1_48' title='bbox 694 819 878 905; x_wconf 84' lang='grc' dir='ltr'><strong><em>ἐτίμησαν’</em></strong></span> <span class='ocrx_word' id='word_1_49' title='bbox 859 821 1118 909; x_wconf 88' lang='grc' dir='ltr'><strong><em>αστρολογίηυ,’</em></strong></span> <span class='ocrx_word' id='word_1_50' title='bbox 1099 830 1197 909; x_wconf 92' lang='grc' dir='ltr'><strong><em>ανοίη</em></strong></span> 
     </span>
     <span class='ocr_line' id='line_1_8' title="bbox 194 911 1197 1037; baseline 0.007 -58"><span class='ocrx_word' id='word_1_51' title='bbox 194 914 228 980; x_wconf 89' lang='grc' dir='ltr'><strong><em>δε</em></strong></span> <span class='ocrx_word' id='word_1_52' title='bbox 242 914 297 979; x_wconf 83' lang='grc' dir='ltr'><strong><em>καλ</em></strong></span> <span class='ocrx_word' id='word_1_53' title='bbox 313 911 436 1000; x_wconf 83' lang='grc' dir='ltr'><strong><em>ἀσοφίη</em></strong></span> <span class='ocrx_word' id='word_1_54' title='bbox 448 915 582 997; x_wconf 88' lang='grc' dir='ltr'><strong><em>λέγουσι</em></strong></span> <span class='ocrx_word' id='word_1_55' title='bbox 597 915 722 999; x_wconf 80' lang='grc' dir='ltr'><strong><em>καὶτῆς</em></strong></span> <span class='ocrx_word' id='word_1_56' title='bbox 737 924 909 1001; x_wconf 76' lang='grc' dir='ltr'><strong><em>σεληναίης</em></strong></span> <span class='ocrx_word' id='word_1_57' title='bbox 923 924 1063 1037; x_wconf 74' lang='grc' dir='ltr'><strong><em>ἔμμεναι</em></strong></span> <span class='ocrx_word' id='word_1_58' title='bbox 1074 945 1197 1005; x_wconf 84' lang='grc' dir='ltr'><strong><em>προγε-</em></strong></span> 
     </span>
     <span class='ocr_line' id='line_1_9' title="bbox 193 1005 1197 1135; baseline 0.005 -59"><span class='ocrx_word' id='word_1_59' title='bbox 193 1013 349 1094; x_wconf 87' lang='grc' dir='ltr'><strong><em>νέστεροι.</em></strong></span> <span class='ocrx_word' id='word_1_60' title='bbox 374 1015 423 1081; x_wconf 79' lang='lat'><strong><em>27.</em></strong></span> <span class='ocrx_word' id='word_1_61' title='bbox 440 1005 588 1096; x_wconf 88' lang='grc' dir='ltr'><strong><em>ολμεν</em></strong></span> <span class='ocrx_word' id='word_1_62' title='bbox 561 1038 609 1077; x_wconf 86' lang='grc' dir='ltr'><strong><em>ων</em></strong></span> <span class='ocrx_word' id='word_1_63' title='bbox 623 1011 687 1096; x_wconf 86' lang='grc' dir='ltr'><strong><em>πρό</em></strong></span> <span class='ocrx_word' id='word_1_64' title='bbox 700 1012 813 1135; x_wconf 86' lang='grc' dir='ltr'><strong><em>ημέων</em></strong></span> <span class='ocrx_word' id='word_1_65' title='bbox 825 1013 913 1082; x_wconf 81' lang='grc' dir='ltr'><strong><em>οὕτω</em></strong></span> <span class='ocrx_word' id='word_1_66' title='bbox 927 1017 1032 1100; x_wconf 89' lang='grc' dir='ltr'><strong><em>κάρτα</em></strong></span> <span class='ocrx_word' id='word_1_67' title='bbox 1042 1010 1127 1103; x_wconf 88' lang='grc' dir='ltr'><strong><em>ἡσαν</em></strong></span> <span class='ocrx_word' id='word_1_68' title='bbox 1139 1043 1197 1101; x_wconf 91' lang='grc' dir='ltr'><strong><em>φι-</em></strong></span> 
     </span>
     <span class='ocr_line' id='line_1_10' title="bbox 192 1107 1197 1198; baseline 0.002 -21"><span class='ocrx_word' id='word_1_69' title='bbox 192 1107 383 1194; x_wconf 87' lang='grc' dir='ltr'><strong><em>λομάντιες,</em></strong></span> <span class='ocrx_word' id='word_1_70' title='bbox 400 1115 432 1178; x_wconf 90' lang='grc' dir='ltr'><strong><em>ολ</em></strong></span> <span class='ocrx_word' id='word_1_71' title='bbox 443 1111 478 1177; x_wconf 79' lang='grc' dir='ltr'><strong><em>δὲ</em></strong></span> <span class='ocrx_word' id='word_1_72' title='bbox 490 1119 555 1176; x_wconf 80' lang='grc' dir='ltr'><strong><em>νῦν</em></strong></span> <span class='ocrx_word' id='word_1_73' title='bbox 565 1111 642 1178; x_wconf 87' lang='grc' dir='ltr'><strong><em>ολ</em></strong></span> <span class='ocrx_word' id='word_1_74' title='bbox 607 1137 668 1196; x_wconf 87' lang='grc' dir='ltr'><strong><em>μεν</em></strong></span> <span class='ocrx_word' id='word_1_75' title='bbox 684 1109 812 1177; x_wconf 83' lang='grc' dir='ltr'><strong><em>αὐτέων</em></strong></span> <span class='ocrx_word' id='word_1_76' title='bbox 824 1110 972 1179; x_wconf 90' lang='grc' dir='ltr'><strong><em>ἀδύνατα</em></strong></span> <span class='ocrx_word' id='word_1_77' title='bbox 983 1113 1066 1182; x_wconf 80' lang='grc' dir='ltr'><strong><em>εἶναι</em></strong></span> <span class='ocrx_word' id='word_1_78' title='bbox 1078 1117 1197 1198; x_wconf 91' lang='grc' dir='ltr'><strong><em>λέγου-</em></strong></span> 
     </span>
     <span class='ocr_line' id='line_1_11' title="bbox 194 1211 1200 1300; baseline 0.001 -20"><span class='ocrx_word' id='word_1_79' title='bbox 194 1234 248 1280; x_wconf 89' lang='grc' dir='ltr'><strong><em>σιν</em></strong></span> <span class='ocrx_word' id='word_1_80' title='bbox 260 1211 471 1297; x_wconf 72' lang='grc' dir='ltr'><strong><em>ἀνθρώποισι</em></strong></span> <span class='ocrx_word' id='word_1_81' title='bbox 481 1217 572 1290; x_wconf 82' lang='grc' dir='ltr'><strong><em>τέλος</em></strong></span> <span class='ocrx_word' id='word_1_82' title='bbox 584 1211 750 1298; x_wconf 79' lang='grc' dir='ltr'><strong><em>εὕρασθαι</em></strong></span> <span class='ocrx_word' id='word_1_83' title='bbox 761 1221 920 1298; x_wconf 79' lang='grc' dir='ltr'><strong><em>μαντικῆς</em></strong></span> <span class='ocrx_word' id='word_1_84' title='bbox 932 1255 969 1265; x_wconf 98' lang='grc'>-</span> <span class='ocrx_word' id='word_1_85' title='bbox 984 1214 1025 1281; x_wconf 89' lang='grc' dir='ltr'><strong><em>οὐ</em></strong></span> <span class='ocrx_word' id='word_1_86' title='bbox 1036 1215 1099 1300; x_wconf 89' lang='grc' dir='ltr'><strong><em>γάρ</em></strong></span> <span class='ocrx_word' id='word_1_87' title='bbox 1113 1213 1200 1282; x_wconf 84' lang='grc' dir='ltr'><strong><em>εἷναί</em></strong></span> 
     </span>
     <span class='ocr_line' id='line_1_12' title="bbox 124 1307 1197 1397; baseline 0 -21"><span class='ocrx_word' id='word_1_88' title='bbox 124 1322 177 1378; x_wconf 70' lang='grc' dir='ltr'><strong><em>δ72</em></strong></span> <span class='ocrx_word' id='word_1_89' title='bbox 193 1338 252 1397; x_wconf 94' lang='grc' dir='ltr'><strong><em>μιν</em></strong></span> <span class='ocrx_word' id='word_1_90' title='bbox 267 1309 344 1377; x_wconf 83' lang='grc' dir='ltr'><strong><em>οὐτε</em></strong></span> <span class='ocrx_word' id='word_1_91' title='bbox 360 1308 481 1395; x_wconf 88' lang='grc' dir='ltr'><strong><em>πιστὴν</em></strong></span> <span class='ocrx_word' id='word_1_92' title='bbox 498 1308 575 1376; x_wconf 85' lang='grc' dir='ltr'><strong><em>οὐτε</em></strong></span> <span class='ocrx_word' id='word_1_93' title='bbox 587 1307 732 1395; x_wconf 84' lang='grc' dir='ltr'><strong><em>ἀληθέα,</em></strong></span> <span class='ocrx_word' id='word_1_94' title='bbox 749 1307 827 1388; x_wconf 77' lang='grc' dir='ltr'><strong><em>οὐδὲ</em></strong></span> <span class='ocrx_word' id='word_1_95' title='bbox 845 1307 1045 1397; x_wconf 80' lang='grc' dir='ltr'><strong><em>τὸν’Ἁρεαὴ’</em></strong></span> <span class='ocrx_word' id='word_1_96' title='bbox 1059 1309 1119 1378; x_wconf 83' lang='grc' dir='ltr'><strong><em>τόν</em></strong></span> <span class='ocrx_word' id='word_1_97' title='bbox 1129 1318 1197 1378; x_wconf 88' lang='grc' dir='ltr'><strong><em>Δία</em></strong></span> 
     </span>
     <span class='ocr_line' id='line_1_13' title="bbox 192 1405 1196 1497; baseline -0.002 -22"><span class='ocrx_word' id='word_1_98' title='bbox 192 1413 229 1476; x_wconf 85' lang='grc' dir='ltr'><strong><em>ἐν</em></strong></span> <span class='ocrx_word' id='word_1_99' title='bbox 242 1415 287 1497; x_wconf 78' lang='grc' dir='ltr'><strong><em>τῷ</em></strong></span> <span class='ocrx_word' id='word_1_100' title='bbox 303 1405 438 1496; x_wconf 74' lang='grc' dir='ltr'><strong><em>οὐρανῷ</em></strong></span> <span class='ocrx_word' id='word_1_101' title='bbox 448 1405 559 1490; x_wconf 80' lang='grc' dir='ltr'><strong><em>ἡμέων</em></strong></span> <span class='ocrx_word' id='word_1_102' title='bbox 571 1408 669 1474; x_wconf 81' lang='grc' dir='ltr'><strong><em>ἕνεκα</em></strong></span> <span class='ocrx_word' id='word_1_103' title='bbox 683 1411 869 1490; x_wconf 81' lang='grc' dir='ltr'><strong><em>κινέεσθαι,</em></strong></span> <span class='ocrx_word' id='word_1_104' title='bbox 886 1407 970 1475; x_wconf 88' lang='grc' dir='ltr'><strong><em>ἀλλά</em></strong></span> <span class='ocrx_word' id='word_1_105' title='bbox 982 1416 1049 1475; x_wconf 78' lang='grc' dir='ltr'><strong><em>τῶν</em></strong></span> <span class='ocrx_word' id='word_1_106' title='bbox 1063 1409 1125 1493; x_wconf 73' lang='grc' dir='ltr'><strong><em>μὲν</em></strong></span> <span class='ocrx_word' id='word_1_107' title='bbox 1134 1406 1196 1473; x_wconf 91' lang='grc' dir='ltr'><strong><em>ἀν-</em></strong></span> 
     </span>
     <span class='ocr_line' id='line_1_14' title="bbox 190 1501 1197 1590; baseline -0.004 -18"><span class='ocrx_word' id='word_1_108' title='bbox 190 1510 376 1589; x_wconf 85' lang='grc' dir='ltr'><strong><em>θρωπηίων</em></strong></span> <span class='ocrx_word' id='word_1_109' title='bbox 390 1503 593 1587; x_wconf 79' lang='grc' dir='ltr'><strong><em>πρηγμάτων</em></strong></span> <span class='ocrx_word' id='word_1_110' title='bbox 611 1501 771 1590; x_wconf 79' lang='grc' dir='ltr'><strong><em>οὐδεμίην</em></strong></span> <span class='ocrx_word' id='word_1_111' title='bbox 787 1503 878 1590; x_wconf 78' lang='grc' dir='ltr'><strong><em>ὐρηυ</em></strong></span> <span class='ocrx_word' id='word_1_112' title='bbox 894 1507 1014 1572; x_wconf 85' lang='grc' dir='ltr'><strong><em>ἐκεῖνοι</em></strong></span> <span class='ocrx_word' id='word_1_113' title='bbox 1030 1507 1197 1571; x_wconf 87' lang='grc' dir='ltr'><strong><em>ποιέονται</em></strong></span> 
     </span>
     <span class='ocr_line' id='line_1_15' title="bbox 192 1600 1196 1689; baseline -0.005 -16"><span class='ocrx_word' id='word_1_114' title='bbox 192 1603 266 1674; x_wconf 89' lang='grc' dir='ltr'><strong><em>οὐδ’</em></strong></span> <span class='ocrx_word' id='word_1_115' title='bbox 285 1611 374 1671; x_wconf 83' lang='grc' dir='ltr'><strong><em>ἔστιν</em></strong></span> <span class='ocrx_word' id='word_1_116' title='bbox 390 1600 534 1671; x_wconf 90' lang='grc' dir='ltr'><strong><em>αὐτέοισι</em></strong></span> <span class='ocrx_word' id='word_1_117' title='bbox 551 1601 633 1688; x_wconf 82' lang='grc' dir='ltr'><strong><em>πρὸς</em></strong></span> <span class='ocrx_word' id='word_1_118' title='bbox 648 1604 726 1670; x_wconf 89' lang='grc' dir='ltr'><strong><em>τάδε</em></strong></span> <span class='ocrx_word' id='word_1_119' title='bbox 741 1611 917 1689; x_wconf 90' lang='grc' dir='ltr'><strong><em>κοινωνίη,</em></strong></span> <span class='ocrx_word' id='word_1_120' title='bbox 941 1602 1023 1671; x_wconf 89' lang='grc' dir='ltr'><strong><em>κατά</em></strong></span> <span class='ocrx_word' id='word_1_121' title='bbox 1041 1607 1144 1687; x_wconf 91' lang='grc' dir='ltr'><strong><em>σφέας</em></strong></span> <span class='ocrx_word' id='word_1_122' title='bbox 1161 1602 1196 1669; x_wconf 72' lang='grc' dir='ltr'><strong><em>δέ</em></strong></span> 
     </span>
     <span class='ocr_line' id='line_1_16' title="bbox 190 1697 1197 1787; baseline 0 -21"><span class='ocrx_word' id='word_1_123' title='bbox 190 1707 282 1787; x_wconf 86' lang='grc' dir='ltr'><strong><em>χρείη</em></strong></span> <span class='ocrx_word' id='word_1_124' title='bbox 293 1707 350 1784; x_wconf 82' lang='grc' dir='ltr'><strong><em>τῆς</em></strong></span> <span class='ocrx_word' id='word_1_125' title='bbox 361 1707 544 1785; x_wconf 82' lang='grc' dir='ltr'><strong><em>περιφορῆς</em></strong></span> <span class='ocrx_word' id='word_1_126' title='bbox 555 1697 837 1786; x_wconf 87' lang='grc' dir='ltr'><strong><em>ἀναστρέφονται·</em></strong></span> <span class='ocrx_word' id='word_1_127' title='bbox 855 1708 904 1770; x_wconf 66' lang='lat'><strong><em>28.</em></strong></span> <span class='ocrx_word' id='word_1_128' title='bbox 922 1701 1016 1769; x_wconf 79' lang='grc' dir='ltr'><strong><em>ἄλλοι</em></strong></span> <span class='ocrx_word' id='word_1_129' title='bbox 1028 1700 1197 1785; x_wconf 76' lang='grc' dir='ltr'><strong><em>δὲάστρο-</em></strong></span> 
     </span>
     <span class='ocr_line' id='line_1_17' title="bbox 191 1795 1196 1884; baseline -0.003 -19"><span class='ocrx_word' id='word_1_130' title='bbox 191 1803 308 1881; x_wconf 90' lang='grc' dir='ltr'><strong><em>λογίην</em></strong></span> <span class='ocrx_word' id='word_1_131' title='bbox 320 1795 465 1874; x_wconf 77' lang='grc' dir='ltr'><strong><em>ἀψευδέα</em></strong></span> <span class='ocrx_word' id='word_1_132' title='bbox 477 1801 548 1882; x_wconf 90' lang='grc' dir='ltr'><strong><em>μέν,</em></strong></span> <span class='ocrx_word' id='word_1_133' title='bbox 561 1795 736 1882; x_wconf 86' lang='grc' dir='ltr'><strong><em>ἀνωφελέα</em></strong></span> <span class='ocrx_word' id='word_1_134' title='bbox 747 1795 778 1864; x_wconf 88' lang='grc' dir='ltr'><strong><em>δ’</em></strong></span> <span class='ocrx_word' id='word_1_135' title='bbox 793 1796 876 1865; x_wconf 88' lang='grc' dir='ltr'><strong><em>ελναι</em></strong></span> <span class='ocrx_word' id='word_1_136' title='bbox 888 1800 1059 1884; x_wconf 89' lang='grc' dir='ltr'><strong><em>λέγουσιν·</em></strong></span> <span class='ocrx_word' id='word_1_137' title='bbox 1078 1796 1120 1864; x_wconf 91' lang='grc' dir='ltr'><strong><em>οὐ</em></strong></span> <span class='ocrx_word' id='word_1_138' title='bbox 1130 1796 1196 1882; x_wconf 81' lang='grc' dir='ltr'><strong><em>γάρ</em></strong></span> 
     </span>
     <span class='ocr_line' id='line_1_18' title="bbox 192 1893 1196 1984; baseline -0.003 -21"><span class='ocrx_word' id='word_1_139' title='bbox 192 1894 257 1963; x_wconf 83' lang='grc' dir='ltr'><strong><em>ὑπὸ</em></strong></span> <span class='ocrx_word' id='word_1_140' title='bbox 273 1897 465 1983; x_wconf 84' lang='grc' dir='ltr'><strong><em>μαντοσύνη</em></strong></span> <span class='ocrx_word' id='word_1_141' title='bbox 477 1893 702 1964; x_wconf 82' lang='grc' dir='ltr'><strong><em>ἀλλάσσεσθαι</em></strong></span> <span class='ocrx_word' id='word_1_142' title='bbox 714 1893 817 1963; x_wconf 86' lang='grc' dir='ltr'><strong><em>ὁκόσα</em></strong></span> <span class='ocrx_word' id='word_1_143' title='bbox 828 1904 902 1984; x_wconf 84' lang='grc' dir='ltr'><strong><em>τησι</em></strong></span> <span class='ocrx_word' id='word_1_144' title='bbox 913 1903 1046 1982; x_wconf 87' lang='grc' dir='ltr'><strong><em>μοίρησι</em></strong></span> <span class='ocrx_word' id='word_1_145' title='bbox 1058 1899 1196 1962; x_wconf 88' lang='grc' dir='ltr'><strong><em>δοκέου-</em></strong></span> 
     </span>
     <span class='ocr_line' id='line_1_19' title="bbox 191 1991 1197 2080; baseline -0.002 -20"><span class='ocrx_word' id='word_1_146' title='bbox 191 2021 230 2060; x_wconf 90' lang='grc' dir='ltr'><strong><em>τα</em></strong></span> <span class='ocrx_word' id='word_1_147' title='bbox 246 1996 422 2079; x_wconf 83' lang='grc' dir='ltr'><strong><em>ἐπέρχεται.</em></strong></span> <span class='ocrx_word' id='word_1_148' title='bbox 445 1999 495 2061; x_wconf 78' lang='lat'><strong><em>29.</em></strong></span> <span class='ocrx_word' id='word_1_149' title='bbox 515 1993 578 2080; x_wconf 80' lang='grc' dir='ltr'><strong><em>ἐγω</em></strong></span> <span class='ocrx_word' id='word_1_150' title='bbox 594 1997 629 2061; x_wconf 80' lang='grc' dir='ltr'><strong><em>δὲ</em></strong></span> <span class='ocrx_word' id='word_1_151' title='bbox 644 1991 728 2076; x_wconf 86' lang='grc' dir='ltr'><strong><em>πρός</em></strong></span> <span class='ocrx_word' id='word_1_152' title='bbox 745 1995 822 2060; x_wconf 88' lang='grc' dir='ltr'><strong><em>τάδε</em></strong></span> <span class='ocrx_word' id='word_1_153' title='bbox 836 1991 937 2079; x_wconf 88' lang='grc' dir='ltr'><strong><em>ἀμφω</em></strong></span> <span class='ocrx_word' id='word_1_154' title='bbox 952 1996 1060 2060; x_wconf 79' lang='grc' dir='ltr'><strong><em>ἐκεῖνα</em></strong></span> <span class='ocrx_word' id='word_1_155' title='bbox 1072 1998 1134 2077; x_wconf 86' lang='grc' dir='ltr'><strong><em>έχω</em></strong></span> <span class='ocrx_word' id='word_1_156' title='bbox 1151 1998 1197 2058; x_wconf 89' lang='grc' dir='ltr'><strong><em>εί-</em></strong></span> 
     </span>
     <span class='ocr_line' id='line_1_20' title="bbox 191 2088 1198 2179; baseline -0.004 -21"><span class='ocrx_word' id='word_1_157' title='bbox 191 2106 282 2174; x_wconf 87' lang='grc' dir='ltr'><strong><em>πελν,</em></strong></span> <span class='ocrx_word' id='word_1_158' title='bbox 311 2090 361 2158; x_wconf 84' lang='grc' dir='ltr'><strong><em>ότι</em></strong></span> <span class='ocrx_word' id='word_1_159' title='bbox 384 2093 493 2175; x_wconf 77' lang='grc' dir='ltr'><strong><em>οἱμὲν</em></strong></span> <span class='ocrx_word' id='word_1_160' title='bbox 515 2089 649 2176; x_wconf 85' lang='grc' dir='ltr'><strong><em>ἀστέρες</em></strong></span> <span class='ocrx_word' id='word_1_161' title='bbox 669 2093 769 2178; x_wconf 80' lang='grc' dir='ltr'><strong><em>ἐντῷ</em></strong></span> <span class='ocrx_word' id='word_1_162' title='bbox 793 2088 926 2179; x_wconf 80' lang='grc' dir='ltr'><strong><em>οὐρανῷ</em></strong></span> <span class='ocrx_word' id='word_1_163' title='bbox 948 2088 1010 2175; x_wconf 89' lang='grc' dir='ltr'><strong><em>τὴν</em></strong></span> <span class='ocrx_word' id='word_1_164' title='bbox 1031 2092 1198 2174; x_wconf 87' lang='grc' dir='ltr'><strong><em>σφετέρην</em></strong></span> 
     </span>
     <span class='ocr_line' id='line_1_21' title="bbox 192 2184 1198 2272; baseline -0.006 -15"><span class='ocrx_word' id='word_1_165' title='bbox 192 2193 361 2270; x_wconf 74' lang='grc' dir='ltr'><strong><em>εἱλέονται,</em></strong></span> <span class='ocrx_word' id='word_1_166' title='bbox 373 2187 542 2272; x_wconf 90' lang='grc' dir='ltr'><strong><em>πάρεργον</em></strong></span> <span class='ocrx_word' id='word_1_167' title='bbox 555 2188 590 2254; x_wconf 77' lang='grc' dir='ltr'><strong><em>δὲ</em></strong></span> <span class='ocrx_word' id='word_1_168' title='bbox 602 2193 695 2272; x_wconf 85' lang='grc' dir='ltr'><strong><em>σφίσι</em></strong></span> <span class='ocrx_word' id='word_1_169' title='bbox 705 2194 762 2272; x_wconf 78' lang='grc' dir='ltr'><strong><em>τῆς</em></strong></span> <span class='ocrx_word' id='word_1_170' title='bbox 772 2187 920 2272; x_wconf 82' lang='grc' dir='ltr'><strong><em>κινήσιος</em></strong></span> <span class='ocrx_word' id='word_1_171' title='bbox 930 2195 997 2253; x_wconf 79' lang='grc' dir='ltr'><strong><em>τῶν</em></strong></span> <span class='ocrx_word' id='word_1_172' title='bbox 1008 2184 1080 2253; x_wconf 91' lang='grc' dir='ltr'><strong><em>κατ’</em></strong></span> <span class='ocrx_word' id='word_1_173' title='bbox 1094 2184 1198 2271; x_wconf 81' lang='grc' dir='ltr'><strong><em>ἡμέας</em></strong></span> 
     </span>
     <span class='ocr_line' id='line_1_22' title="bbox 191 2280 1197 2370; baseline -0.004 -18"><span class='ocrx_word' id='word_1_174' title='bbox 191 2289 331 2353; x_wconf 82' lang='grc' dir='ltr'><strong><em>ἕκαστον</em></strong></span> <span class='ocrx_word' id='word_1_175' title='bbox 341 2287 550 2368; x_wconf 85' lang='grc' dir='ltr'><strong><em>ἐπιγίγνεται.</em></strong></span> <span class='ocrx_word' id='word_1_176' title='bbox 564 2280 586 2369; x_wconf 82' lang='grc' dir='ltr'><strong><em>ἡ</em></strong></span> <span class='ocrx_word' id='word_1_177' title='bbox 599 2287 724 2362; x_wconf 83' lang='grc' dir='ltr'><strong><em>ἐθέλεις</em></strong></span> <span class='ocrx_word' id='word_1_178' title='bbox 735 2287 840 2351; x_wconf 78' lang='grc' dir='ltr'><strong><em>ἵππου</em></strong></span> <span class='ocrx_word' id='word_1_179' title='bbox 851 2284 912 2370; x_wconf 77' lang='grc' dir='ltr'><strong><em>μὲν</em></strong></span> <span class='ocrx_word' id='word_1_180' title='bbox 923 2286 1062 2361; x_wconf 82' lang='grc' dir='ltr'><strong><em>θέοντος</em></strong></span> <span class='ocrx_word' id='word_1_181' title='bbox 1073 2286 1126 2350; x_wconf 86' lang='grc' dir='ltr'><strong><em>καλ</em></strong></span> <span class='ocrx_word' id='word_1_182' title='bbox 1137 2281 1197 2365; x_wconf 91' lang='grc' dir='ltr'><strong><em>ὀρ-</em></strong></span> 
     </span>
     <span class='ocr_line' id='line_1_23' title="bbox 192 2377 1197 2465; baseline -0.004 -17"><span class='ocrx_word' id='word_1_183' title='bbox 192 2389 300 2448; x_wconf 87' lang='grc' dir='ltr'><strong><em>νίθων</em></strong></span> <span class='ocrx_word' id='word_1_184' title='bbox 310 2383 364 2446; x_wconf 85' lang='grc' dir='ltr'><strong><em>καὶ</em></strong></span> <span class='ocrx_word' id='word_1_185' title='bbox 374 2377 508 2464; x_wconf 81' lang='grc' dir='ltr'><strong><em>ἀνδρῶν</em></strong></span> <span class='ocrx_word' id='word_1_186' title='bbox 519 2383 723 2465; x_wconf 88' lang='grc' dir='ltr'><strong><em>κινεομένων</em></strong></span> <span class='ocrx_word' id='word_1_187' title='bbox 733 2389 852 2458; x_wconf 83' lang='grc' dir='ltr'><strong><em>λίθους</em></strong></span> <span class='ocrx_word' id='word_1_188' title='bbox 864 2378 1131 2448; x_wconf 86' lang='grc' dir='ltr'><strong><em>ἀνασαλεύεσθαι</em></strong></span> <span class='ocrx_word' id='word_1_189' title='bbox 1142 2382 1197 2446; x_wconf 89' lang='grc' dir='ltr'><strong><em>καλ</em></strong></span> 
     </span>
     <span class='ocr_line' id='line_1_24' title="bbox 121 2473 1197 2562; baseline -0.003 -18"><span class='ocrx_word' id='word_1_190' title='bbox 121 2491 173 2546; x_wconf 84' lang='grc'><strong><em>373</em></strong></span> <span class='ocrx_word' id='word_1_191' title='bbox 192 2478 322 2560; x_wconf 90' lang='grc' dir='ltr'><strong><em>κάρφεα</em></strong></span> <span class='ocrx_word' id='word_1_192' title='bbox 337 2478 512 2543; x_wconf 83' lang='grc' dir='ltr'><strong><em>δονέεσθαι</em></strong></span> <span class='ocrx_word' id='word_1_193' title='bbox 529 2473 595 2542; x_wconf 79' lang='grc' dir='ltr'><strong><em>ὑπὸ</em></strong></span> <span class='ocrx_word' id='word_1_194' title='bbox 610 2484 678 2543; x_wconf 81' lang='grc' dir='ltr'><strong><em>τῶν</em></strong></span> <span class='ocrx_word' id='word_1_195' title='bbox 692 2475 825 2562; x_wconf 83' lang='grc' dir='ltr'><strong><em>ἀνέμων</em></strong></span> <span class='ocrx_word' id='word_1_196' title='bbox 839 2486 899 2544; x_wconf 85' lang='grc' dir='ltr'><strong><em>τοῦ</em></strong></span> <span class='ocrx_word' id='word_1_197' title='bbox 915 2478 1058 2562; x_wconf 89' lang='grc' dir='ltr'><strong><em>δρόμου,</em></strong></span> <span class='ocrx_word' id='word_1_198' title='bbox 1080 2473 1197 2543; x_wconf 75' lang='grc' dir='ltr'><strong><em>ὑπὸδὲ</em></strong></span> 
     </span>
     <span class='ocr_line' id='line_1_25' title="bbox 189 2571 1197 2662; baseline -0.006 -20"><span class='ocrx_word' id='word_1_199' title='bbox 189 2582 229 2662; x_wconf 80' lang='grc' dir='ltr'><strong><em>τῇ</em></strong></span> <span class='ocrx_word' id='word_1_200' title='bbox 246 2578 321 2660; x_wconf 91' lang='grc' dir='ltr'><strong><em>δίνη</em></strong></span> <span class='ocrx_word' id='word_1_201' title='bbox 337 2579 405 2639; x_wconf 79' lang='grc' dir='ltr'><strong><em>τῶν</em></strong></span> <span class='ocrx_word' id='word_1_202' title='bbox 419 2571 568 2655; x_wconf 89' lang='grc' dir='ltr'><strong><em>ἀστέρων</em></strong></span> <span class='ocrx_word' id='word_1_203' title='bbox 582 2577 686 2659; x_wconf 76' lang='grc' dir='ltr'><strong><em>μηδὲν</em></strong></span> <span class='ocrx_word' id='word_1_204' title='bbox 702 2573 783 2642; x_wconf 88' lang='grc' dir='ltr'><strong><em>ἀλλο</em></strong></span> <span class='ocrx_word' id='word_1_205' title='bbox 801 2583 992 2660; x_wconf 81' lang='grc' dir='ltr'><strong><em>γίγνεσθαι;</em></strong></span> <span class='ocrx_word' id='word_1_206' title='bbox 1014 2576 1068 2640; x_wconf 84' lang='grc' dir='ltr'><strong><em>καὶ</em></strong></span> <span class='ocrx_word' id='word_1_207' title='bbox 1084 2575 1120 2638; x_wconf 85' lang='grc' dir='ltr'><strong><em>ἐκ</em></strong></span> <span class='ocrx_word' id='word_1_208' title='bbox 1134 2575 1197 2658; x_wconf 80' lang='grc' dir='ltr'><strong><em>μὲν</em></strong></span> 
     </span>
     <span class='ocr_line' id='line_1_26' title="bbox 190 2664 1196 2756; baseline -0.005 -18"><span class='ocrx_word' id='word_1_209' title='bbox 190 2669 305 2756; x_wconf 88' lang='grc' dir='ltr'><strong><em>ὀλίγον</em></strong></span> <span class='ocrx_word' id='word_1_210' title='bbox 319 2667 425 2751; x_wconf 83' lang='grc' dir='ltr'><strong><em>πυρὸς</em></strong></span> <span class='ocrx_word' id='word_1_211' title='bbox 442 2666 603 2756; x_wconf 87' lang='grc' dir='ltr'><strong><em>ἀπορροίη</em></strong></span> <span class='ocrx_word' id='word_1_212' title='bbox 620 2672 653 2748; x_wconf 86' lang='grc' dir='ltr'><strong><em>ές</em></strong></span> <span class='ocrx_word' id='word_1_213' title='bbox 666 2667 768 2756; x_wconf 90' lang='grc' dir='ltr'><strong><em>ἡμέας</em></strong></span> <span class='ocrx_word' id='word_1_214' title='bbox 783 2676 926 2756; x_wconf 81' lang='grc' dir='ltr'><strong><em>ἔρχεται,</em></strong></span> <span class='ocrx_word' id='word_1_215' title='bbox 946 2673 1001 2738; x_wconf 83' lang='grc' dir='ltr'><strong><em>καλ</em></strong></span> <span class='ocrx_word' id='word_1_216' title='bbox 1014 2667 1049 2736; x_wconf 83' lang='grc' dir='ltr'><strong><em>τὸ</em></strong></span> <span class='ocrx_word' id='word_1_217' title='bbox 1068 2678 1135 2753; x_wconf 86' lang='grc' dir='ltr'><strong><em>πῦρ</em></strong></span> <span class='ocrx_word' id='word_1_218' title='bbox 1154 2664 1196 2734; x_wconf 89' lang='grc' dir='ltr'><strong><em>οὐ</em></strong></span> 
     </span>
    </p>
   </div>
   <div class='ocr_carea' id='block_1_3' title="bbox 186 2764 1196 3436">
    <p class='ocr_par' dir='ltr' id='par_1_3' title="bbox 186 2764 1196 3436">
     <span class='ocr_line' id='line_1_27' title="bbox 190 2764 1195 2853; baseline -0.004 -18"><span class='ocrx_word' id='word_1_219' title='bbox 190 2765 234 2835; x_wconf 89' lang='grc' dir='ltr'><strong><em>δι’</em></strong></span> <span class='ocrx_word' id='word_1_220' title='bbox 251 2765 352 2852; x_wconf 87' lang='grc' dir='ltr'><strong><em>ἡμέας</em></strong></span> <span class='ocrx_word' id='word_1_221' title='bbox 373 2773 457 2834; x_wconf 90' lang='grc' dir='ltr'><strong><em>καίει</em></strong></span> <span class='ocrx_word' id='word_1_222' title='bbox 473 2794 504 2833; x_wconf 88' lang='grc' dir='ltr'><strong><em>τι</em></strong></span> <span class='ocrx_word' id='word_1_223' title='bbox 525 2764 607 2835; x_wconf 90' lang='grc' dir='ltr'><strong><em>οὐδέ</em></strong></span> <span class='ocrx_word' id='word_1_224' title='bbox 626 2773 659 2834; x_wconf 87' lang='grc' dir='ltr'><strong><em>ολ</em></strong></span> <span class='ocrx_word' id='word_1_225' title='bbox 673 2771 763 2852; x_wconf 88' lang='grc' dir='ltr'><strong><em>μέλει</em></strong></span> <span class='ocrx_word' id='word_1_226' title='bbox 782 2775 843 2835; x_wconf 82' lang='grc' dir='ltr'><strong><em>τοῦ</em></strong></span> <span class='ocrx_word' id='word_1_227' title='bbox 858 2766 1020 2853; x_wconf 90' lang='grc' dir='ltr'><strong><em>ἡμετέρου</em></strong></span> <span class='ocrx_word' id='word_1_228' title='bbox 1036 2768 1195 2845; x_wconf 84' lang='grc' dir='ltr'><strong><em>θάλπεος,</em></strong></span> 
     </span>
     <span class='ocr_line' id='line_1_28' title="bbox 189 2861 1196 2951; baseline -0.002 -21"><span class='ocrx_word' id='word_1_229' title='bbox 189 2863 337 2944; x_wconf 90' lang='grc' dir='ltr'><strong><em>ἀστέρων</em></strong></span> <span class='ocrx_word' id='word_1_230' title='bbox 349 2863 385 2931; x_wconf 80' lang='grc' dir='ltr'><strong><em>δὲ</em></strong></span> <span class='ocrx_word' id='word_1_231' title='bbox 397 2861 556 2951; x_wconf 88' lang='grc' dir='ltr'><strong><em>οὐδεμίην</em></strong></span> <span class='ocrx_word' id='word_1_232' title='bbox 568 2862 753 2948; x_wconf 90' lang='grc' dir='ltr'><strong><em>ἀπορροίην</em></strong></span> <span class='ocrx_word' id='word_1_233' title='bbox 765 2864 946 2949; x_wconf 74' lang='grc' dir='ltr'><strong><em>δεχόμεθας</em></strong></span> <span class='ocrx_word' id='word_1_234' title='bbox 967 2865 1022 2932; x_wconf 86' lang='grc' dir='ltr'><strong><em>καλ</em></strong></span> <span class='ocrx_word' id='word_1_235' title='bbox 1033 2867 1146 2949; x_wconf 85' lang='grc' dir='ltr'><strong><em>μέντοι</em></strong></span> <span class='ocrx_word' id='word_1_236' title='bbox 1156 2869 1196 2949; x_wconf 77' lang='grc' dir='ltr'><strong><em>τῇ</em></strong></span> 
     </span>
     <span class='ocr_line' id='line_1_29' title="bbox 189 2957 1196 3048; baseline -0.004 -20"><span class='ocrx_word' id='word_1_237' title='bbox 189 2959 388 3048; x_wconf 91' lang='grc' dir='ltr'><strong><em>ἀστρολογίη</em></strong></span> <span class='ocrx_word' id='word_1_238' title='bbox 404 2960 443 3028; x_wconf 87' lang='grc' dir='ltr'><strong><em>τά</em></strong></span> <span class='ocrx_word' id='word_1_239' title='bbox 462 2961 524 3047; x_wconf 78' lang='grc' dir='ltr'><strong><em>μὲν</em></strong></span> <span class='ocrx_word' id='word_1_240' title='bbox 538 2968 651 3047; x_wconf 83' lang='grc' dir='ltr'><strong><em>φαῦλα</em></strong></span> <span class='ocrx_word' id='word_1_241' title='bbox 669 2957 774 3028; x_wconf 87' lang='grc' dir='ltr'><strong><em>έσθλά</em></strong></span> <span class='ocrx_word' id='word_1_242' title='bbox 789 2970 924 3047; x_wconf 81' lang='grc' dir='ltr'><strong><em>ποιησαι</em></strong></span> <span class='ocrx_word' id='word_1_243' title='bbox 940 2960 1089 3028; x_wconf 79' lang='grc' dir='ltr'><strong><em>ἀδύνατά</em></strong></span> <span class='ocrx_word' id='word_1_244' title='bbox 1106 2962 1196 3026; x_wconf 87' lang='grc' dir='ltr'><strong><em>ἐστιν</em></strong></span> 
     </span>
     <span class='ocr_line' id='line_1_30' title="bbox 189 3055 1196 3145; baseline -0.002 -21"><span class='ocrx_word' id='word_1_245' title='bbox 189 3056 266 3125; x_wconf 81' lang='grc' dir='ltr'><strong><em>οὐδὲ</em></strong></span> <span class='ocrx_word' id='word_1_246' title='bbox 279 3056 416 3138; x_wconf 83' lang='grc' dir='ltr'><strong><em>ἀλλάξαι</em></strong></span> <span class='ocrx_word' id='word_1_247' title='bbox 428 3066 537 3124; x_wconf 78' lang='grc' dir='ltr'><strong><em>τιτῶν</em></strong></span> <span class='ocrx_word' id='word_1_248' title='bbox 548 3057 785 3142; x_wconf 79' lang='grc' dir='ltr'><strong><em>ἀπορρεόντων</em></strong></span> <span class='ocrx_word' id='word_1_249' title='bbox 795 3060 1008 3145; x_wconf 88' lang='grc' dir='ltr'><strong><em>πρηγμάτων,</em></strong></span> <span class='ocrx_word' id='word_1_250' title='bbox 1020 3056 1104 3125; x_wconf 85' lang='grc' dir='ltr'><strong><em>ἀλλά</em></strong></span> <span class='ocrx_word' id='word_1_251' title='bbox 1116 3055 1196 3134; x_wconf 83' lang='grc' dir='ltr'><strong><em>τούς</em></strong></span> 
     </span>
     <span class='ocr_line' id='line_1_31' title="bbox 186 3151 1196 3240; baseline -0.003 -19"><span class='ocrx_word' id='word_1_252' title='bbox 186 3155 387 3240; x_wconf 87' lang='grc' dir='ltr'><strong><em>χρεομένους</em></strong></span> <span class='ocrx_word' id='word_1_253' title='bbox 401 3154 479 3222; x_wconf 90' lang='grc' dir='ltr'><strong><em>τάδε</em></strong></span> <span class='ocrx_word' id='word_1_254' title='bbox 497 3153 652 3239; x_wconf 76' lang='grc' dir='ltr'><strong><em>ὠφελέει,</em></strong></span> <span class='ocrx_word' id='word_1_255' title='bbox 673 3151 712 3220; x_wconf 84' lang='grc' dir='ltr'><strong><em>τά</em></strong></span> <span class='ocrx_word' id='word_1_256' title='bbox 729 3155 790 3240; x_wconf 76' lang='grc' dir='ltr'><strong><em>μὲν</em></strong></span> <span class='ocrx_word' id='word_1_257' title='bbox 810 3153 915 3224; x_wconf 83' lang='grc' dir='ltr'><strong><em>ἐσθλά</em></strong></span> <span class='ocrx_word' id='word_1_258' title='bbox 936 3154 1063 3232; x_wconf 83' lang='grc' dir='ltr'><strong><em>εἰδότας</em></strong></span> <span class='ocrx_word' id='word_1_259' title='bbox 1079 3151 1196 3232; x_wconf 85' lang='grc' dir='ltr'><strong><em>ἀπιξό-</em></strong></span> 
     </span>
     <span class='ocr_line' id='line_1_32' title="bbox 187 3247 1195 3338; baseline -0.002 -19"><span class='ocrx_word' id='word_1_260' title='bbox 187 3279 271 3337; x_wconf 91' lang='grc' dir='ltr'><strong><em>μενα</em></strong></span> <span class='ocrx_word' id='word_1_261' title='bbox 292 3249 418 3320; x_wconf 85' lang='grc' dir='ltr'><strong><em>πολλόν</em></strong></span> <span class='ocrx_word' id='word_1_262' title='bbox 439 3250 660 3336; x_wconf 86' lang='grc' dir='ltr'><strong><em>ἀπόπροσθεν</em></strong></span> <span class='ocrx_word' id='word_1_263' title='bbox 678 3250 871 3338; x_wconf 85' lang='grc' dir='ltr'><strong><em>εὐφρανέει,</em></strong></span> <span class='ocrx_word' id='word_1_264' title='bbox 892 3251 932 3320; x_wconf 90' lang='grc' dir='ltr'><strong><em>τά</em></strong></span> <span class='ocrx_word' id='word_1_265' title='bbox 950 3255 985 3319; x_wconf 73' lang='grc' dir='ltr'><strong><em>δὲ</em></strong></span> <span class='ocrx_word' id='word_1_266' title='bbox 1006 3259 1120 3338; x_wconf 85' lang='grc' dir='ltr'><strong><em>φαῦλα</em></strong></span> <span class='ocrx_word' id='word_1_267' title='bbox 1137 3247 1195 3317; x_wconf 89' lang='grc' dir='ltr'><strong><em>εὐ·</em></strong></span> 
     </span>
     <span class='ocr_line' id='line_1_33' title="bbox 186 3348 1194 3436; baseline 0.001 -23"><span class='ocrx_word' id='word_1_268' title='bbox 186 3351 314 3432; x_wconf 87' lang='grc' dir='ltr'><strong><em>μαρέως</em></strong></span> <span class='ocrx_word' id='word_1_269' title='bbox 333 3350 497 3433; x_wconf 71' lang='grc' dir='ltr'><strong><em>δέχονταυ</em></strong></span> <span class='ocrx_word' id='word_1_270' title='bbox 521 3348 561 3416; x_wconf 91' lang='grc' dir='ltr'><strong><em>οὐ</em></strong></span> <span class='ocrx_word' id='word_1_271' title='bbox 579 3350 644 3436; x_wconf 93' lang='grc' dir='ltr'><strong><em>γάρ</em></strong></span> <span class='ocrx_word' id='word_1_272' title='bbox 662 3370 777 3434; x_wconf 91' lang='grc' dir='ltr'><strong><em>σφισιν</em></strong></span> <span class='ocrx_word' id='word_1_273' title='bbox 797 3349 996 3436; x_wconf 81' lang='grc' dir='ltr'><strong><em>ἀγνοέουσιν</em></strong></span> <span class='ocrx_word' id='word_1_274' title='bbox 1014 3351 1194 3436; x_wconf 81' lang='grc' dir='ltr'><strong><em>ἐπέρχεται,</em></strong></span> 
     </span>
    </p>
   </div>
   <div class='ocr_carea' id='block_1_4' title="bbox 0 0 1292 3842">
    <p class='ocr_par' dir='ltr' id='par_1_4' title="bbox 0 0 1292 3842">
     <span class='ocr_line' id='line_1_34' title="bbox 0 0 1292 3842; baseline 0 0"><span class='ocrx_word' id='word_1_275' title='bbox 0 0 1292 3842; x_wconf 95' lang='lat' dir='ltr'><strong><em> </em></strong></span> 
     </span>
    </p>
   </div>
  </div>
 </body>
</html>
