2575 3842
314 213 878 272 ΑΛΗοονΣιΣΤοΡιΑΣΑ.
965 187 969 199 ’
1059 209 1100 272 49

90 377 236 440 ἔκοπτον
251 367 390 457 αύτούς,
404 374 458 439 καὶ
473 370 566 458 ήμείς
583 372 689 438 δὲκαὶ
704 369 798 438 αὐτοὶ
812 374 910 438 πέντε
924 373 980 439 καί
995 380 1099 438 είκοσι

89 467 149 537 τόν
166 466 317 554 ἀριθμόν
337 467 485 547 ὅντες-
498 469 553 535 καὶ
574 466 639 553 γάρ
661 467 890 550 ὁΣκίνθαρος
907 471 959 534 καὶ
983 464 1000 533 ὃ
1022 480 1099 544 παῖς

91 563 198 634 αὐτοῦ
212 567 513 652 συνεστρατεύοντο
531 605 574 616 -
588 562 832 650 ὑπηντιάζομεν
847 569 901 632 καὶ
916 569 1098 650 συμμιξαν-

15 729 17 734 .
90 688 142 740 τες
156 669 259 749 θυμῷ
275 666 330 730 καὶ
349 662 444 750 ῥύμη
463 663 768 746 διεκινδυνεύομεν.
801 665 893 740 τέλος
914 663 950 729 δὲ
971 658 1098 746 τροπήν

92 757 204 826 αὐτῶν
222 760 440 844 ποιησάμενοι
464 757 709 843 κατεδιώξαμεν
728 756 803 843 άχρι
825 755 910 844 πρός
929 754 1008 834 τούς
1025 781 1085 840 φω

91 854 198 932 λεούς.
223 853 396 923 άπέθαυον
411 857 447 923 δὲ
463 863 531 923 τῶν
545 855 607 940 μὲν
620 862 787 939 πολεμίων
805 855 1032 942 ἑβδομήκοντα
1044 855 1098 919 καὶ

93 953 228 1036 ἑκατόν,
248 950 345 1038 ἡμῶν
363 956 398 1019 δὲ
420 947 466 1030 εἷς
484 955 539 1019 καί
560 949 578 1019 ὁ
595 953 802 1039 κυβερνήτης
820 960 953 1038 τρίγλης
969 955 1098 1035 πλευρᾷ

92 1053 263 1132 διαπαρείς
280 1047 316 1117 τό
332 1050 551 1135 μετάφρενον.
574 1055 624 1118 38.
643 1052 773 1136 ἐκείνην
787 1051 849 1136 μὲν
864 1043 929 1116 ούν
943 1048 1005 1134 τήν
1018 1047 1095 1134 ἡμέ-

91 1172 155 1230 ραν
171 1146 227 1213 καὶ
243 1144 304 1230 τήν
319 1144 424 1213 νύκτα
439 1145 692 1232 ἐπηυλισάμεθα
708 1155 748 1236 τῇ
767 1149 853 1235 μάχη
867 1152 922 1214 καὶ
938 1148 1099 1233 τρόπαιον

91 1243 275 1328 ἐστήσαμεν
292 1241 388 1330 ῥάχιν
404 1240 507 1328 ξηράν
522 1247 677 1327 δελφῖνος
693 1242 927 1330 ἀναπήξαντες.
951 1253 990 1330 τη
1001 1241 1097 1309 ὑστε-
1117 1254 1168 1307 101

91 1346 170 1427 ραίρι
186 1339 223 1406 δδ
239 1342 341 1406 καλοί
354 1339 448 1407 άλλοι
463 1339 660 1425 αἰσθόμενοι
676 1348 845 1427 παρῆσαν,
861 1339 897 1408 ιδ
910 1341 971 1426 μέν
988 1336 1098 1418 δεξιόν

91 1440 190 1525 κέρας
212 1442 340 1522 ἔχοντες
360 1442 394 1505 οί
411 1443 592 1522 Ταριχᾶνες
608 1477 651 1489 -
667 1435 776 1522 ἡγεῖτο
800 1439 835 1505 δὲ
852 1435 964 1504 αὐτῶν
982 1437 1098 1522 Πήλα-

91 1560 151 1620 μος
163 1575 204 1585 -
215 1531 252 1600 τό
268 1535 304 1601 δὲ
319 1532 495 1620 εύάνυμον
514 1540 548 1602 oc
560 1537 831 1621 Θυννοκέφαλοι,
849 1533 886 1602 τό
904 1537 1006 1620 μέσον
1020 1534 1056 1600 δέ
1067 1536 1101 1599 οί

91 1631 365 1717 Καρκινόχειρες·
398 1637 431 1700 οί
450 1629 515 1718 γάρ
541 1636 847 1718 Τριτωνομένδητες
870 1629 932 1717 τήν
958 1629 1099 1716 ἡσυχίαν

91 1722 177 1815 ήγον
188 1725 375 1813 οὐδετέροις
387 1745 569 1815 συμμαχεῖν
579 1731 849 1816 προαιρούμενοι.
864 1727 957 1817 ἡμεῖς
969 1731 1004 1797 δέ
1014 1753 1098 1815 προ-

92 1824 341 1909 απαντήσαντες
355 1824 467 1904 αὐτοῖς
480 1824 569 1909 παρά
584 1825 621 1893 τό
635 1827 864 1893 Ποσειδάνιον
878 1831 1099 1912 συνεμιῖαμεν

91 1931 198 2012 πολλή
211 1931 273 2012 βοῇ
284 1923 456 2009 χράμενοι.
479 1923 611 2010 άντήχει
627 1925 663 1991 δέ
674 1922 710 1990 τό
727 1925 826 2001 κύτος
838 1922 948 2008 ὥσπερ
960 1922 1000 1990 τά
1012 1924 1100 2006 σπή-

91 2030 178 2090 λαια.
202 2021 402 2107 τρεψάμενοι
420 2019 450 2089 δ’
465 2020 587 2098 αύτούς
599 2019 656 2087 άτε
671 2021 840 2105 γυμνήτας
855 2019 953 2095 ὄντας
967 2021 1022 2085 καί
1037 2045 1099 2084 κα-

92 2119 310 2200 ταδιεόξαντες
320 2121 352 2197 ἐς
363 2117 424 2205 τήν
435 2119 520 2205 ὕλην
530 2117 567 2186 τδ
578 2116 698 2186 λοιπόν
707 2121 951 2202 ἐπεκρατοῦμεν
961 2122 1018 2200 τῆς
1027 2123 1096 2198 γῆς.

93 2223 142 2286 39.
163 2218 219 2285 καὶ
233 2215 303 2303 μετ’
323 2215 365 2284 ού
378 2217 464 2285 πολύ
479 2218 626 2304 κήρυκας
640 2215 891 2291 ἀποστείλαντες
907 2212 1048 2297 νεκρούς
1062 2236 1098 2276 τε

92 2316 281 2404 άνηροάντο
297 2318 351 2383 καὶ
367 2319 441 2400 περὶ
455 2321 566 2400 φιλίας
581 2319 784 2400 διελέγοντο·
806 2309 887 2397 ἡμῖν
901 2311 936 2377 δέ
949 2307 1010 2374 οὐκ
1023 2307 1098 2374 ἐδό-

92 2441 143 2483 κει
164 2416 385 2495 σπένδεσθαι,
407 2411 491 2482 άλλά
508 2421 547 2502 τῇ
569 2411 726 2499 ὑστεραία
741 2411 948 2497 χωρήσαντες
965 2405 1016 2473 ἐπ’
1035 2403 1097 2472 αύ-

93 2509 172 2590 τούς
194 2510 319 2588 πάντας
337 2509 443 2596 άρδην
459 2511 661 2596 ἐξεκόψαμεν
675 2507 763 2595 πλήν
783 2516 851 2575 τῶν
869 2514 1097 2592 Τριτωνομεν-

94 2611 214 2696 δήτων.
244 2601 336 2676 οὗτοι
358 2608 394 2676 δέ
410 2605 454 2686 ὡς
471 2607 560 2676 εἶδον
574 2607 614 2675 τά
632 2608 829 2694 γιγνόμενα,
852 2604 1045 2690 διαδράντες
1063 2612 1099 2670 ἐκ

94 2715 160 2776 τῶν
176 2713 345 2794 βραγχίων
356 2705 491 2792 ἀφῆκαν
501 2703 624 2784 αὑτούς
635 2709 668 2784 ἐς
682 2703 744 2790 τήν
757 2704 936 2771 θάλατταν.
959 2699 1051 2788 ἡμεῖς
1062 2705 1098 2768 δὲ

93 2805 154 2892 τήν
169 2806 282 2891 χάραν
298 2805 497 2884 ἐπελθόντες
511 2811 633 2891 ἔρημον
647 2803 710 2889 ήδη
726 2796 833 2869 οὖσαν
847 2809 914 2868 τῶν
931 2806 1098 2883 πολεμίων

93 2903 130 2972 ιδ
147 2901 267 2972 λοιπὸν
279 2901 383 2980 άδεαῑς
393 2911 606 2993 κατῳκοῦμεν
617 2899 657 2968 τά
670 2898 776 2967 πολλά
786 2901 981 2983 γυμνασίοις
995 2921 1030 2960 τε
1044 2895 1098 2961 καὶ

93 3008 305 3088 κυνηγεσίοις
314 3002 480 3086 χρεόμενοι
491 3003 545 3068 καὶ
555 2997 865 3085 ἀμπελουργοῦντες
875 2998 928 3062 καὶ
945 2989 1005 3058 τόν
1016 3017 1100 3074 καρ-
1163 3032 1166 3037 -

94 3098 159 3168 πδν
173 3099 450 3184 συγκομιζόμενοι
461 3096 521 3166 τόν
533 3101 646 3165 ἐκτῶν
658 3095 817 3173 δένδρων,
826 3093 880 3157 καί
891 3089 976 3166 όλως
987 3089 1101 3176 ἐρύκει-

95 3225 155 3283 μεν
166 3211 234 3275 τοῖς
246 3200 283 3264 έν
294 3201 507 3285 δεσμωτηρίῳ
521 3195 653 3284 μεγάλῳ
665 3192 719 3257 καὶ
732 3187 871 3278 άφύκτφ
882 3195 1034 3274 τρυφῶσι
1046 3189 1100 3256 καὶ

96 3297 295 3381 λελυμένοις..
329 3293 484 3362 ἐνιαυτόν
505 3293 567 3380 μὲν
585 3284 650 3358 οὖν
667 3289 722 3356 καὶ
741 3294 847 3374 μῆνας
870 3282 957 3352 όκτά
978 3295 1099 3354 τούτου

96 3397 254 3488 διήγομεν
264 3391 328 3543 τδμΙ
335 3393 469 3479 τρόπον.
492 3397 542 3460 40.
556 3397 601 3480 τῷ
612 3387 643 3456 δ’
658 3387 763 3478 ένάτφ
778 3388 857 3472 μηνί
867 3388 997 3475 πέμπτη
1008 3391 1082 3454 ίστα

178 3505 284 3544 welu-
331 3528 337 3542 ι
