<?xml version="1.0" encoding="UTF-8"?>
<!DOCTYPE html PUBLIC "-//W3C//DTD XHTML 1.0 Transitional//EN"
    "http://www.w3.org/TR/xhtml1/DTD/xhtml1-transitional.dtd">
<html xmlns="http://www.w3.org/1999/xhtml" xml:lang="en" lang="en">
 <head>
  <title>
</title>
<meta http-equiv="Content-Type" content="text/html;charset=utf-8" />
  <meta name='ocr-system' content='tesseract 3.04.00' />
  <meta name='ocr-capabilities' content='ocr_page ocr_carea ocr_par ocr_line ocrx_word'/>
</head>
<body>
  <div class='ocr_page' id='page_1' title='image "./operaadoptimoru00jacogoog/operaadoptimoru00jacogoog_0211.png"; bbox 0 0 2575 3842; ppageno 0'>
   <div class='ocr_carea' id='block_1_1' title="bbox 752 135 781 158">
    <p class='ocr_par' dir='ltr' id='par_1_1' title="bbox 752 135 781 158">
     <span class='ocr_line' id='line_1_1' title="bbox 752 135 781 158; baseline 0 -15"><span class='ocrx_word' id='word_1_1' title='bbox 752 135 781 158; x_wconf 55' lang='lat'>,</span> 
     </span>
    </p>
   </div>
   <div class='ocr_carea' id='block_1_2' title="bbox 426 199 1134 263">
    <p class='ocr_par' dir='ltr' id='par_1_2' title="bbox 426 199 1134 263">
     <span class='ocr_line' id='line_1_2' title="bbox 426 199 1134 263; baseline 0.008 -7"><span class='ocrx_word' id='word_1_2' title='bbox 426 201 543 258; x_wconf 80' lang='grc' dir='ltr'><em>ΠΕΡΙ</em></span> <span class='ocrx_word' id='word_1_3' title='bbox 566 201 840 261; x_wconf 78' lang='grc' dir='ltr'><em>ΟΡΧΗΣΕΩΣ.</em></span> <span class='ocrx_word' id='word_1_4' title='bbox 1075 199 1134 263; x_wconf 82' lang='lat'><strong><em>167</em></strong></span> 
     </span>
    </p>
   </div>
   <div class='ocr_carea' id='block_1_3' title="bbox 121 355 1219 3486">
    <p class='ocr_par' dir='ltr' id='par_1_3' title="bbox 123 355 1204 2888">
     <span class='ocr_line' id='line_1_3' title="bbox 126 355 1133 449; baseline 0.004 -23"><span class='ocrx_word' id='word_1_5' title='bbox 126 363 209 426; x_wconf 82' lang='grc' dir='ltr'><strong><em>ἔστω</em></strong></span> <span class='ocrx_word' id='word_1_6' title='bbox 230 355 340 427; x_wconf 77' lang='grc' dir='ltr'><strong><em>καὶτὸ</em></strong></span> <span class='ocrx_word' id='word_1_7' title='bbox 362 367 456 444; x_wconf 76' lang='grc' dir='ltr'><strong><em>σῶμα</em></strong></span> <span class='ocrx_word' id='word_1_8' title='bbox 480 363 660 446; x_wconf 81' lang='grc' dir='ltr'><strong><em>λελυμένος</em></strong></span> <span class='ocrx_word' id='word_1_9' title='bbox 678 386 713 427; x_wconf 92' lang='grc' dir='ltr'><strong><em>τε</em></strong></span> <span class='ocrx_word' id='word_1_10' title='bbox 732 358 800 445; x_wconf 88' lang='grc' dir='ltr'><strong><em>ἀμα</em></strong></span> <span class='ocrx_word' id='word_1_11' title='bbox 825 365 879 428; x_wconf 81' lang='grc' dir='ltr'><strong><em>καὶ</em></strong></span> <span class='ocrx_word' id='word_1_12' title='bbox 900 363 1133 449; x_wconf 78' lang='grc' dir='ltr'><strong><em>συμπεπηγώς,</em></strong></span> 
     </span>
     <span class='ocr_line' id='line_1_4' title="bbox 125 454 1133 544; baseline 0.003 -20"><span class='ocrx_word' id='word_1_13' title='bbox 125 454 170 534; x_wconf 80' lang='grc' dir='ltr'><strong><em>ὡς</em></strong></span> <span class='ocrx_word' id='word_1_14' title='bbox 186 462 381 542; x_wconf 75' lang='grc' dir='ltr'><strong><em>λυγίζεσθαί</em></strong></span> <span class='ocrx_word' id='word_1_15' title='bbox 398 483 433 523; x_wconf 89' lang='grc' dir='ltr'><strong><em>τε</em></strong></span> <span class='ocrx_word' id='word_1_16' title='bbox 450 454 516 541; x_wconf 86' lang='grc' dir='ltr'><strong><em>όπη</em></strong></span> <span class='ocrx_word' id='word_1_17' title='bbox 533 455 649 542; x_wconf 91' lang='grc' dir='ltr'><strong><em>καιρός</em></strong></span> <span class='ocrx_word' id='word_1_18' title='bbox 664 460 719 525; x_wconf 81' lang='grc' dir='ltr'><strong><em>καὶ</em></strong></span> <span class='ocrx_word' id='word_1_19' title='bbox 739 457 939 524; x_wconf 77' lang='grc' dir='ltr'><strong><em>συνεστάναι</em></strong></span> <span class='ocrx_word' id='word_1_20' title='bbox 956 468 1133 544; x_wconf 77' lang='grc' dir='ltr'><strong><em>καρτερῶς,</em></strong></span> 
     </span>
     <span class='ocr_line' id='line_1_5' title="bbox 126 552 1134 640; baseline 0.003 -20"><span class='ocrx_word' id='word_1_21' title='bbox 126 559 157 620; x_wconf 82' lang='grc' dir='ltr'><strong><em>εί</em></strong></span> <span class='ocrx_word' id='word_1_22' title='bbox 172 555 293 620; x_wconf 89' lang='grc' dir='ltr'><strong><em>τούτου</em></strong></span> <span class='ocrx_word' id='word_1_23' title='bbox 314 558 392 621; x_wconf 91' lang='grc' dir='ltr'><strong><em>δέοι.</em></strong></span> <span class='ocrx_word' id='word_1_24' title='bbox 426 558 476 622; x_wconf 86' lang='grc'><strong><em>78.</em></strong></span> <span class='ocrx_word' id='word_1_25' title='bbox 492 552 543 621; x_wconf 85' lang='grc' dir='ltr'><strong><em>ότι</em></strong></span> <span class='ocrx_word' id='word_1_26' title='bbox 561 556 597 621; x_wconf 79' lang='grc' dir='ltr'><strong><em>δὲ</em></strong></span> <span class='ocrx_word' id='word_1_27' title='bbox 618 554 681 622; x_wconf 86' lang='grc' dir='ltr'><strong><em>ούκ</em></strong></span> <span class='ocrx_word' id='word_1_28' title='bbox 707 553 911 640; x_wconf 77' lang='grc' dir='ltr'><strong><em>ἀπήλλακται</em></strong></span> <span class='ocrx_word' id='word_1_29' title='bbox 932 553 1064 640; x_wconf 86' lang='grc' dir='ltr'><strong><em>ὀρχησις</em></strong></span> <span class='ocrx_word' id='word_1_30' title='bbox 1080 559 1134 624; x_wconf 82' lang='grc' dir='ltr'><strong><em>καὶ</em></strong></span> 
     </span>
     <span class='ocr_line' id='line_1_6' title="bbox 125 649 1134 738; baseline 0 -20"><span class='ocrx_word' id='word_1_31' title='bbox 125 659 184 735; x_wconf 85' lang='grc' dir='ltr'><strong><em>της</em></strong></span> <span class='ocrx_word' id='word_1_32' title='bbox 199 654 382 737; x_wconf 78' lang='grc' dir='ltr'><strong><em>ἐναγωνίου</em></strong></span> <span class='ocrx_word' id='word_1_33' title='bbox 392 658 618 737; x_wconf 80' lang='grc' dir='ltr'><strong><em>χειρονομίας,</em></strong></span> <span class='ocrx_word' id='word_1_34' title='bbox 635 649 718 719; x_wconf 91' lang='grc' dir='ltr'><strong><em>ἀλλά</em></strong></span> <span class='ocrx_word' id='word_1_35' title='bbox 730 655 855 737; x_wconf 82' lang='grc' dir='ltr'><strong><em>μετέχει</em></strong></span> <span class='ocrx_word' id='word_1_36' title='bbox 866 652 921 718; x_wconf 81' lang='grc' dir='ltr'><strong><em>καὶ</em></strong></span> <span class='ocrx_word' id='word_1_37' title='bbox 932 661 1000 718; x_wconf 80' lang='grc' dir='ltr'><strong><em>τῶν</em></strong></span> <span class='ocrx_word' id='word_1_38' title='bbox 1010 650 1134 738; x_wconf 84' lang='grc' dir='ltr'><strong><em>Ἑρμοῦ</em></strong></span> 
     </span>
     <span class='ocr_line' id='line_1_7' title="bbox 126 747 1134 835; baseline -0.002 -17"><span class='ocrx_word' id='word_1_39' title='bbox 126 753 181 819; x_wconf 81' lang='grc' dir='ltr'><strong><em>καὶ</em></strong></span> <span class='ocrx_word' id='word_1_40' title='bbox 189 750 427 828; x_wconf 88' lang='grc' dir='ltr'><strong><em>Πολυδεύκους</em></strong></span> <span class='ocrx_word' id='word_1_41' title='bbox 437 752 490 816; x_wconf 82' lang='grc' dir='ltr'><strong><em>καλ</em></strong></span> <span class='ocrx_word' id='word_1_42' title='bbox 501 747 703 833; x_wconf 75' lang='grc' dir='ltr'><strong><em>Ἡρακλέους</em></strong></span> <span class='ocrx_word' id='word_1_43' title='bbox 713 753 749 817; x_wconf 87' lang='grc' dir='ltr'><strong><em>ἐν</em></strong></span> <span class='ocrx_word' id='word_1_44' title='bbox 760 747 901 835; x_wconf 78' lang='grc' dir='ltr'><strong><em>ἀθλήσει</em></strong></span> <span class='ocrx_word' id='word_1_45' title='bbox 911 757 1034 834; x_wconf 80' lang='grc' dir='ltr'><strong><em>καλῶν,</em></strong></span> <span class='ocrx_word' id='word_1_46' title='bbox 1051 755 1134 828; x_wconf 84' lang='grc' dir='ltr'><strong><em>ίδοις</em></strong></span> 
     </span>
     <span class='ocr_line' id='line_1_8' title="bbox 125 840 1203 937; baseline 0.003 -22"><span class='ocrx_word' id='word_1_47' title='bbox 125 845 170 915; x_wconf 85' lang='grc' dir='ltr'><strong><em>ἀν</em></strong></span> <span class='ocrx_word' id='word_1_48' title='bbox 185 850 303 936; x_wconf 83' lang='grc' dir='ltr'><strong><em>ἑκάστη</em></strong></span> <span class='ocrx_word' id='word_1_49' title='bbox 317 857 385 914; x_wconf 81' lang='grc' dir='ltr'><strong><em>των</em></strong></span> <span class='ocrx_word' id='word_1_50' title='bbox 400 848 572 933; x_wconf 80' lang='grc' dir='ltr'><strong><em>μιμήσεων</em></strong></span> <span class='ocrx_word' id='word_1_51' title='bbox 584 848 736 932; x_wconf 80' lang='grc' dir='ltr'><strong><em>ἐ’πισχάν.</em></strong></span> <span class='ocrx_word' id='word_1_52' title='bbox 755 845 923 937; x_wconf 87' lang='grc' dir='ltr'><strong><em>Ἡροδότφ</em></strong></span> <span class='ocrx_word' id='word_1_53' title='bbox 937 847 999 932; x_wconf 70' lang='grc' dir='ltr'><strong><em>μὲν</em></strong></span> <span class='ocrx_word' id='word_1_54' title='bbox 1015 840 1078 914; x_wconf 89' lang='grc' dir='ltr'><strong><em>ούν</em></strong></span> <span class='ocrx_word' id='word_1_55' title='bbox 1092 847 1132 914; x_wconf 82' lang='grc' dir='ltr'><strong><em>τά</em></strong></span> <span class='ocrx_word' id='word_1_56' title='bbox 1151 865 1203 918; x_wconf 77' lang='lat'><strong><em>31⁰</em></strong></span> 
     </span>
     <span class='ocr_line' id='line_1_9' title="bbox 126 943 1134 1033; baseline -0.001 -19"><span class='ocrx_word' id='word_1_57' title='bbox 126 945 171 1014; x_wconf 86' lang='grc' dir='ltr'><strong><em>δι’</em></strong></span> <span class='ocrx_word' id='word_1_58' title='bbox 197 945 353 1033; x_wconf 78' lang='grc' dir='ltr'><strong><em>ὀμμάτων</em></strong></span> <span class='ocrx_word' id='word_1_59' title='bbox 368 946 556 1031; x_wconf 86' lang='grc' dir='ltr'><strong><em>φαινόμενα</em></strong></span> <span class='ocrx_word' id='word_1_60' title='bbox 573 945 750 1031; x_wconf 88' lang='grc' dir='ltr'><strong><em>πιστότερα</em></strong></span> <span class='ocrx_word' id='word_1_61' title='bbox 773 943 941 1013; x_wconf 80' lang='grc' dir='ltr'><strong><em>εἶναιτῶν</em></strong></span> <span class='ocrx_word' id='word_1_62' title='bbox 963 943 1058 1012; x_wconf 81' lang='grc' dir='ltr'><strong><em>ἀτων</em></strong></span> <span class='ocrx_word' id='word_1_63' title='bbox 1075 951 1134 1013; x_wconf 88' lang='grc' dir='ltr'><strong><em>δο-</em></strong></span> 
     </span>
     <span class='ocr_line' id='line_1_10' title="bbox 125 1041 1132 1129; baseline -0.005 -17"><span class='ocrx_word' id='word_1_64' title='bbox 125 1059 179 1113; x_wconf 82' lang='grc' dir='ltr'><strong><em>κεῖ</em></strong></span> <span class='ocrx_word' id='word_1_65' title='bbox 185 1071 190 1084; x_wconf 92' lang='grc'>·</span> <span class='ocrx_word' id='word_1_66' title='bbox 223 1043 354 1129; x_wconf 86' lang='grc' dir='ltr'><strong><em>ὀρχήσει</em></strong></span> <span class='ocrx_word' id='word_1_67' title='bbox 370 1044 476 1111; x_wconf 75' lang='grc' dir='ltr'><strong><em>δὲκαὶ</em></strong></span> <span class='ocrx_word' id='word_1_68' title='bbox 495 1041 535 1109; x_wconf 84' lang='grc' dir='ltr'><strong><em>τά</em></strong></span> <span class='ocrx_word' id='word_1_69' title='bbox 553 1041 648 1110; x_wconf 82' lang='grc' dir='ltr'><strong><em>ἀτων</em></strong></span> <span class='ocrx_word' id='word_1_70' title='bbox 663 1046 716 1110; x_wconf 82' lang='grc' dir='ltr'><strong><em>καὶ</em></strong></span> <span class='ocrx_word' id='word_1_71' title='bbox 733 1041 923 1129; x_wconf 73' lang='grc' dir='ltr'><strong><em>ὀφθαλμῶν</em></strong></span> <span class='ocrx_word' id='word_1_72' title='bbox 943 1045 1132 1129; x_wconf 90' lang='grc' dir='ltr'><strong><em>πρόσεστιν.</em></strong></span> 
     </span>
     <span class='ocr_line' id='line_1_11' title="bbox 126 1137 1133 1227; baseline -0.002 -17"><span class='ocrx_word' id='word_1_73' title='bbox 126 1141 175 1210; x_wconf 74' lang='lat'><strong><em>792</em></strong></span> <span class='ocrx_word' id='word_1_74' title='bbox 192 1141 281 1208; x_wconf 78' lang='grc' dir='ltr'><strong><em>οὕτω</em></strong></span> <span class='ocrx_word' id='word_1_75' title='bbox 292 1143 327 1208; x_wconf 83' lang='grc' dir='ltr'><strong><em>δέ</em></strong></span> <span class='ocrx_word' id='word_1_76' title='bbox 338 1143 452 1226; x_wconf 78' lang='grc' dir='ltr'><strong><em>θέλγει</em></strong></span> <span class='ocrx_word' id='word_1_77' title='bbox 467 1139 616 1227; x_wconf 87' lang='grc' dir='ltr'><strong><em>όρχησις,</em></strong></span> <span class='ocrx_word' id='word_1_78' title='bbox 636 1139 719 1207; x_wconf 76' lang='grc' dir='ltr'><strong><em>ὥστε</em></strong></span> <span class='ocrx_word' id='word_1_79' title='bbox 731 1137 774 1207; x_wconf 89' lang='grc' dir='ltr'><strong><em>ἀν</em></strong></span> <span class='ocrx_word' id='word_1_80' title='bbox 785 1143 872 1222; x_wconf 82' lang='grc' dir='ltr'><strong><em>ἐρῶν</em></strong></span> <span class='ocrx_word' id='word_1_81' title='bbox 882 1167 931 1219; x_wconf 93' lang='grc' dir='ltr'><strong><em>τις</em></strong></span> <span class='ocrx_word' id='word_1_82' title='bbox 944 1147 989 1219; x_wconf 90' lang='grc' dir='ltr'><strong><em>είς</em></strong></span> <span class='ocrx_word' id='word_1_83' title='bbox 1000 1139 1037 1208; x_wconf 86' lang='grc' dir='ltr'><strong><em>τό</em></strong></span> <span class='ocrx_word' id='word_1_84' title='bbox 1049 1143 1133 1208; x_wconf 90' lang='grc' dir='ltr'><strong><em>θέα-</em></strong></span> 
     </span>
     <span class='ocr_line' id='line_1_12' title="bbox 124 1234 1132 1323; baseline -0.003 -17"><span class='ocrx_word' id='word_1_85' title='bbox 124 1263 206 1323; x_wconf 95' lang='grc' dir='ltr'><strong><em>τρον</em></strong></span> <span class='ocrx_word' id='word_1_86' title='bbox 217 1239 390 1322; x_wconf 89' lang='grc' dir='ltr'><strong><em>παρέλθοι,</em></strong></span> <span class='ocrx_word' id='word_1_87' title='bbox 401 1240 636 1323; x_wconf 79' lang='grc' dir='ltr'><strong><em>ἐσωφρονίσθη</em></strong></span> <span class='ocrx_word' id='word_1_88' title='bbox 649 1234 732 1303; x_wconf 80' lang='grc' dir='ltr'><strong><em>ίδάν</em></strong></span> <span class='ocrx_word' id='word_1_89' title='bbox 744 1235 805 1303; x_wconf 84' lang='grc' dir='ltr'><strong><em>ὅσα</em></strong></span> <span class='ocrx_word' id='word_1_90' title='bbox 816 1242 936 1322; x_wconf 80' lang='grc' dir='ltr'><strong><em>ἔρωτος</em></strong></span> <span class='ocrx_word' id='word_1_91' title='bbox 947 1236 1032 1305; x_wconf 89' lang='grc' dir='ltr'><strong><em>κακά</em></strong></span> <span class='ocrx_word' id='word_1_92' title='bbox 1040 1239 1132 1321; x_wconf 84' lang='grc' dir='ltr'><strong><em>τέλη·</em></strong></span> 
     </span>
     <span class='ocr_line' id='line_1_13' title="bbox 124 1334 1204 1422; baseline -0.001 -21"><span class='ocrx_word' id='word_1_93' title='bbox 124 1338 180 1402; x_wconf 84' lang='grc' dir='ltr'><strong><em>καὶ</em></strong></span> <span class='ocrx_word' id='word_1_94' title='bbox 202 1334 291 1422; x_wconf 85' lang='grc' dir='ltr'><strong><em>λύπη</em></strong></span> <span class='ocrx_word' id='word_1_95' title='bbox 312 1335 467 1419; x_wconf 78' lang='grc' dir='ltr'><strong><em>ἐχόμενος</em></strong></span> <span class='ocrx_word' id='word_1_96' title='bbox 489 1337 649 1420; x_wconf 87' lang='grc' dir='ltr'><strong><em>ἐξέρχεται</em></strong></span> <span class='ocrx_word' id='word_1_97' title='bbox 666 1343 727 1401; x_wconf 80' lang='grc' dir='ltr'><strong><em>τοῦ</em></strong></span> <span class='ocrx_word' id='word_1_98' title='bbox 742 1335 892 1416; x_wconf 86' lang='grc' dir='ltr'><strong><em>θεάτρου</em></strong></span> <span class='ocrx_word' id='word_1_99' title='bbox 913 1335 1133 1421; x_wconf 72' lang='grc' dir='ltr'><strong><em>φαιδρότερος</em></strong></span> <span class='ocrx_word' id='word_1_100' title='bbox 1201 1348 1204 1352; x_wconf 77' lang='grc'><strong>’</strong></span> 
     </span>
     <span class='ocr_line' id='line_1_14' title="bbox 126 1429 1132 1520; baseline -0.003 -21"><span class='ocrx_word' id='word_1_101' title='bbox 126 1432 237 1520; x_wconf 73' lang='grc' dir='ltr'><strong><em>ὥσπερ</em></strong></span> <span class='ocrx_word' id='word_1_102' title='bbox 259 1459 290 1498; x_wconf 92' lang='grc' dir='ltr'><strong><em>τι</em></strong></span> <span class='ocrx_word' id='word_1_103' title='bbox 312 1432 491 1518; x_wconf 88' lang='grc' dir='ltr'><strong><em>φάρμακον</em></strong></span> <span class='ocrx_word' id='word_1_104' title='bbox 513 1432 705 1518; x_wconf 88' lang='grc' dir='ltr'><strong><em>ληθεδανόν</em></strong></span> <span class='ocrx_word' id='word_1_105' title='bbox 725 1433 780 1500; x_wconf 78' lang='grc' dir='ltr'><strong><em>καὶ</em></strong></span> <span class='ocrx_word' id='word_1_106' title='bbox 798 1430 881 1500; x_wconf 82' lang='grc' dir='ltr'><strong><em>κατά</em></strong></span> <span class='ocrx_word' id='word_1_107' title='bbox 905 1430 966 1499; x_wconf 86' lang='grc' dir='ltr'><strong><em>τόν</em></strong></span> <span class='ocrx_word' id='word_1_108' title='bbox 991 1429 1132 1516; x_wconf 87' lang='grc' dir='ltr'><strong><em>ποιητήν</em></strong></span> 
     </span>
     <span class='ocr_line' id='line_1_15' title="bbox 124 1527 1132 1616; baseline -0.002 -21"><span class='ocrx_word' id='word_1_109' title='bbox 124 1535 292 1615; x_wconf 87' lang='grc' dir='ltr'><strong><em>νηπενθές</em></strong></span> <span class='ocrx_word' id='word_1_110' title='bbox 311 1556 346 1597; x_wconf 92' lang='grc' dir='ltr'><strong><em>τε</em></strong></span> <span class='ocrx_word' id='word_1_111' title='bbox 367 1533 421 1597; x_wconf 83' lang='grc' dir='ltr'><strong><em>καὶ</em></strong></span> <span class='ocrx_word' id='word_1_112' title='bbox 441 1529 562 1616; x_wconf 88' lang='grc' dir='ltr'><strong><em>ἀχολον</em></strong></span> <span class='ocrx_word' id='word_1_113' title='bbox 578 1531 675 1596; x_wconf 88' lang='grc' dir='ltr'><strong><em>πιω’ν.</em></strong></span> <span class='ocrx_word' id='word_1_114' title='bbox 707 1544 845 1616; x_wconf 86' lang='grc' dir='ltr'><strong><em>σημεῖον</em></strong></span> <span class='ocrx_word' id='word_1_115' title='bbox 865 1532 902 1597; x_wconf 73' lang='grc' dir='ltr'><strong><em>δὲ</em></strong></span> <span class='ocrx_word' id='word_1_116' title='bbox 922 1537 979 1615; x_wconf 83' lang='grc' dir='ltr'><strong><em>τῆς</em></strong></span> <span class='ocrx_word' id='word_1_117' title='bbox 994 1527 1077 1615; x_wconf 88' lang='grc' dir='ltr'><strong><em>πρός</em></strong></span> <span class='ocrx_word' id='word_1_118' title='bbox 1092 1527 1132 1594; x_wconf 86' lang='grc' dir='ltr'><strong><em>τά</em></strong></span> 
     </span>
     <span class='ocr_line' id='line_1_16' title="bbox 124 1628 1132 1714; baseline -0.003 -20"><span class='ocrx_word' id='word_1_119' title='bbox 124 1628 307 1714; x_wconf 90' lang='grc' dir='ltr'><strong><em>γιγνόμενα</em></strong></span> <span class='ocrx_word' id='word_1_120' title='bbox 328 1630 527 1714; x_wconf 83' lang='grc' dir='ltr'><strong><em>οἰκειότητος</em></strong></span> <span class='ocrx_word' id='word_1_121' title='bbox 548 1630 602 1694; x_wconf 84' lang='grc' dir='ltr'><strong><em>καὶ</em></strong></span> <span class='ocrx_word' id='word_1_122' title='bbox 624 1634 685 1693; x_wconf 84' lang='grc' dir='ltr'><strong><em>τοῦ</em></strong></span> <span class='ocrx_word' id='word_1_123' title='bbox 704 1632 878 1713; x_wconf 79' lang='grc' dir='ltr'><strong><em>γνωρίζειν</em></strong></span> <span class='ocrx_word' id='word_1_124' title='bbox 902 1628 1042 1693; x_wconf 79' lang='grc' dir='ltr'><strong><em>ἕκαστον</em></strong></span> <span class='ocrx_word' id='word_1_125' title='bbox 1065 1634 1132 1692; x_wconf 83' lang='grc' dir='ltr'><strong><em>των</em></strong></span> 
     </span>
     <span class='ocr_line' id='line_1_17' title="bbox 124 1723 1132 1811; baseline -0.003 -19"><span class='ocrx_word' id='word_1_126' title='bbox 124 1724 285 1808; x_wconf 86' lang='grc' dir='ltr'><strong><em>ὀριόντων</em></strong></span> <span class='ocrx_word' id='word_1_127' title='bbox 300 1723 340 1792; x_wconf 86' lang='grc' dir='ltr'><strong><em>τά</em></strong></span> <span class='ocrx_word' id='word_1_128' title='bbox 356 1726 555 1811; x_wconf 82' lang='grc' dir='ltr'><strong><em>δεικνύμενα</em></strong></span> <span class='ocrx_word' id='word_1_129' title='bbox 566 1724 601 1793; x_wconf 88' lang='grc' dir='ltr'><strong><em>τό</em></strong></span> <span class='ocrx_word' id='word_1_130' title='bbox 616 1727 777 1811; x_wconf 86' lang='grc' dir='ltr'><strong><em>δακρύειν</em></strong></span> <span class='ocrx_word' id='word_1_131' title='bbox 791 1725 949 1803; x_wconf 76' lang='grc' dir='ltr'><strong><em>πολλάκις</em></strong></span> <span class='ocrx_word' id='word_1_132' title='bbox 959 1723 1037 1802; x_wconf 84' lang='grc' dir='ltr'><strong><em>τούς</em></strong></span> <span class='ocrx_word' id='word_1_133' title='bbox 1048 1734 1132 1791; x_wconf 89' lang='grc' dir='ltr'><strong><em>θεα-</em></strong></span> 
     </span>
     <span class='ocr_line' id='line_1_18' title="bbox 123 1819 1132 1909; baseline -0.002 -20"><span class='ocrx_word' id='word_1_134' title='bbox 123 1823 200 1906; x_wconf 89' lang='grc' dir='ltr'><strong><em>τάς,</em></strong></span> <span class='ocrx_word' id='word_1_135' title='bbox 217 1820 343 1890; x_wconf 86' lang='grc' dir='ltr'><strong><em>ὁπόταν</em></strong></span> <span class='ocrx_word' id='word_1_136' title='bbox 358 1849 389 1890; x_wconf 92' lang='grc' dir='ltr'><strong><em>τι</em></strong></span> <span class='ocrx_word' id='word_1_137' title='bbox 403 1822 539 1909; x_wconf 83' lang='grc' dir='ltr'><strong><em>οἰκτρόν</em></strong></span> <span class='ocrx_word' id='word_1_138' title='bbox 552 1826 606 1891; x_wconf 82' lang='grc' dir='ltr'><strong><em>καὶ</em></strong></span> <span class='ocrx_word' id='word_1_139' title='bbox 624 1821 770 1890; x_wconf 87' lang='grc' dir='ltr'><strong><em>ἐλεεινόν</em></strong></span> <span class='ocrx_word' id='word_1_140' title='bbox 786 1830 953 1909; x_wconf 90' lang='grc' dir='ltr'><strong><em>φαίνηται.</em></strong></span> <span class='ocrx_word' id='word_1_141' title='bbox 983 1819 1003 1909; x_wconf 81' lang='grc' dir='ltr'><em>ἡ</em></span> <span class='ocrx_word' id='word_1_142' title='bbox 1018 1825 1080 1908; x_wconf 91' lang='grc' dir='ltr'><strong><em>μέν</em></strong></span> <span class='ocrx_word' id='word_1_143' title='bbox 1093 1845 1132 1906; x_wconf 91' lang='grc' dir='ltr'><strong><em>γε</em></strong></span> 
     </span>
     <span class='ocr_line' id='line_1_19' title="bbox 124 1918 1124 2010; baseline -0.003 -21"><span class='ocrx_word' id='word_1_144' title='bbox 124 1918 269 2006; x_wconf 79' lang='grc' dir='ltr'><strong><em>Βακχικὴ</em></strong></span> <span class='ocrx_word' id='word_1_145' title='bbox 287 1919 420 2007; x_wconf 89' lang='grc' dir='ltr'><strong><em>ὀρχησις</em></strong></span> <span class='ocrx_word' id='word_1_146' title='bbox 434 1924 471 1988; x_wconf 86' lang='grc' dir='ltr'><strong><em>ἐν</em></strong></span> <span class='ocrx_word' id='word_1_147' title='bbox 487 1919 594 2010; x_wconf 79' lang='grc' dir='ltr'><strong><em>Ἰωνίᾳ</em></strong></span> <span class='ocrx_word' id='word_1_148' title='bbox 608 1921 749 2005; x_wconf 91' lang='grc' dir='ltr'><strong><em>μάλιστα</em></strong></span> <span class='ocrx_word' id='word_1_149' title='bbox 765 1924 819 1988; x_wconf 90' lang='grc' dir='ltr'><strong><em>καὶ</em></strong></span> <span class='ocrx_word' id='word_1_150' title='bbox 836 1925 873 1987; x_wconf 93' lang='grc' dir='ltr'><strong><em>ἐν</em></strong></span> <span class='ocrx_word' id='word_1_151' title='bbox 887 1921 1008 2010; x_wconf 76' lang='grc' dir='ltr'><strong><em>Πόντῳ</em></strong></span> <span class='ocrx_word' id='word_1_152' title='bbox 1025 1941 1124 1987; x_wconf 80' lang='grc' dir='ltr'><strong><em>σπου</em></strong></span> 
     </span>
     <span class='ocr_line' id='line_1_20' title="bbox 126 2012 1131 2104; baseline 0.001 -21"><span class='ocrx_word' id='word_1_153' title='bbox 126 2021 303 2104; x_wconf 80' lang='grc' dir='ltr'><strong><em>δαζομένη,</em></strong></span> <span class='ocrx_word' id='word_1_154' title='bbox 324 2025 430 2086; x_wconf 93' lang='grc' dir='ltr'><strong><em>καίτοι</em></strong></span> <span class='ocrx_word' id='word_1_155' title='bbox 446 2017 605 2104; x_wconf 86' lang='grc' dir='ltr'><strong><em>σατυρική</em></strong></span> <span class='ocrx_word' id='word_1_156' title='bbox 623 2012 725 2103; x_wconf 83' lang='grc' dir='ltr'><strong><em>οὖσα,</em></strong></span> <span class='ocrx_word' id='word_1_157' title='bbox 744 2017 833 2085; x_wconf 86' lang='grc' dir='ltr'><strong><em>ούτω</em></strong></span> <span class='ocrx_word' id='word_1_158' title='bbox 849 2027 1039 2104; x_wconf 92' lang='grc' dir='ltr'><strong><em>κεχείρωται</em></strong></span> <span class='ocrx_word' id='word_1_159' title='bbox 1054 2015 1131 2096; x_wconf 84' lang='grc' dir='ltr'><strong><em>τούς</em></strong></span> 
     </span>
     <span class='ocr_line' id='line_1_21' title="bbox 124 2112 1131 2201; baseline 0 -20"><span class='ocrx_word' id='word_1_160' title='bbox 124 2116 330 2196; x_wconf 74' lang='grc' dir='ltr'><strong><em>ἀνθρώπους</em></strong></span> <span class='ocrx_word' id='word_1_161' title='bbox 341 2114 419 2194; x_wconf 80' lang='grc' dir='ltr'><strong><em>τούς</em></strong></span> <span class='ocrx_word' id='word_1_162' title='bbox 431 2119 512 2201; x_wconf 84' lang='grc' dir='ltr'><strong><em>ἐκεῖ,</em></strong></span> <span class='ocrx_word' id='word_1_163' title='bbox 529 2115 612 2183; x_wconf 67' lang='grc' dir='ltr'><strong><em>ὥστε</em></strong></span> <span class='ocrx_word' id='word_1_164' title='bbox 623 2114 705 2183; x_wconf 83' lang='grc' dir='ltr'><strong><em>κατά</em></strong></span> <span class='ocrx_word' id='word_1_165' title='bbox 716 2112 776 2182; x_wconf 89' lang='grc' dir='ltr'><strong><em>τόν</em></strong></span> <span class='ocrx_word' id='word_1_166' title='bbox 787 2118 988 2200; x_wconf 90' lang='grc' dir='ltr'><strong><em>τεταγμένον</em></strong></span> <span class='ocrx_word' id='word_1_167' title='bbox 1000 2118 1131 2182; x_wconf 81' lang='grc' dir='ltr'><strong><em>ἕκαστοι</em></strong></span> 
     </span>
     <span class='ocr_line' id='line_1_22' title="bbox 123 2211 1131 2302; baseline -0.001 -21"><span class='ocrx_word' id='word_1_168' title='bbox 123 2211 246 2296; x_wconf 85' lang='grc' dir='ltr'><strong><em>καιρόν</em></strong></span> <span class='ocrx_word' id='word_1_169' title='bbox 260 2211 417 2282; x_wconf 84' lang='grc' dir='ltr'><strong><em>ἁπάντων</em></strong></span> <span class='ocrx_word' id='word_1_170' title='bbox 434 2216 673 2302; x_wconf 84' lang='grc' dir='ltr'><strong><em>ἐπιλαθόμενοι</em></strong></span> <span class='ocrx_word' id='word_1_171' title='bbox 689 2220 757 2280; x_wconf 79' lang='grc' dir='ltr'><strong><em>τῶν</em></strong></span> <span class='ocrx_word' id='word_1_172' title='bbox 773 2211 884 2281; x_wconf 85' lang='grc' dir='ltr'><strong><em>ἀλλων</em></strong></span> <span class='ocrx_word' id='word_1_173' title='bbox 901 2215 1066 2301; x_wconf 89' lang='grc' dir='ltr'><strong><em>κάθηνται</em></strong></span> <span class='ocrx_word' id='word_1_174' title='bbox 1085 2212 1131 2280; x_wconf 94' lang='grc' dir='ltr'><strong><em>δι’</em></strong></span> 
     </span>
     <span class='ocr_line' id='line_1_23' title="bbox 123 2311 1131 2401; baseline 0 -21"><span class='ocrx_word' id='word_1_175' title='bbox 123 2311 248 2398; x_wconf 84' lang='grc' dir='ltr'><strong><em>ἡμέρας</em></strong></span> <span class='ocrx_word' id='word_1_176' title='bbox 264 2319 397 2391; x_wconf 85' lang='grc' dir='ltr'><strong><em>τιτᾶνας</em></strong></span> <span class='ocrx_word' id='word_1_177' title='bbox 413 2316 469 2380; x_wconf 80' lang='grc' dir='ltr'><strong><em>καὶ</em></strong></span> <span class='ocrx_word' id='word_1_178' title='bbox 492 2313 701 2399; x_wconf 85' lang='grc' dir='ltr'><strong><em>κορύβαντας</em></strong></span> <span class='ocrx_word' id='word_1_179' title='bbox 716 2316 770 2380; x_wconf 86' lang='grc' dir='ltr'><strong><em>καὶ</em></strong></span> <span class='ocrx_word' id='word_1_180' title='bbox 792 2313 957 2398; x_wconf 89' lang='grc' dir='ltr'><strong><em>σατύρους</em></strong></span> <span class='ocrx_word' id='word_1_181' title='bbox 977 2318 1031 2382; x_wconf 80' lang='grc' dir='ltr'><strong><em>καὶ</em></strong></span> <span class='ocrx_word' id='word_1_182' title='bbox 1047 2321 1131 2401; x_wconf 86' lang='grc' dir='ltr'><strong><em>βου-</em></strong></span> 
     </span>
     <span class='ocr_line' id='line_1_24' title="bbox 123 2407 1165 2498; baseline 0.005 -20"><span class='ocrx_word' id='word_1_183' title='bbox 123 2411 245 2487; x_wconf 90' lang='grc' dir='ltr'><strong><em>κόλους</em></strong></span> <span class='ocrx_word' id='word_1_184' title='bbox 261 2407 419 2493; x_wconf 77' lang='grc' dir='ltr'><strong><em>ὁρωντες·</em></strong></span> <span class='ocrx_word' id='word_1_185' title='bbox 449 2414 503 2479; x_wconf 86' lang='grc' dir='ltr'><strong><em>καὶ</em></strong></span> <span class='ocrx_word' id='word_1_186' title='bbox 524 2410 703 2497; x_wconf 84' lang='grc' dir='ltr'><strong><em>ὀρχοῦνταί</em></strong></span> <span class='ocrx_word' id='word_1_187' title='bbox 715 2437 754 2496; x_wconf 87' lang='grc' dir='ltr'><strong><em>γε</em></strong></span> <span class='ocrx_word' id='word_1_188' title='bbox 770 2419 873 2478; x_wconf 85' lang='grc' dir='ltr'><strong><em>ταῦτα</em></strong></span> <span class='ocrx_word' id='word_1_189' title='bbox 889 2417 922 2479; x_wconf 87' lang='grc' dir='ltr'><strong><em>οί</em></strong></span> <span class='ocrx_word' id='word_1_190' title='bbox 937 2409 1131 2498; x_wconf 87' lang='grc' dir='ltr'><strong><em>εύγενέστα-</em></strong></span> <span class='ocrx_word' id='word_1_191' title='bbox 1160 2478 1165 2483; x_wconf 94' lang='grc'><em>.</em></span> 
     </span>
     <span class='ocr_line' id='line_1_25' title="bbox 123 2508 1130 2598; baseline 0.001 -22"><span class='ocrx_word' id='word_1_192' title='bbox 123 2535 175 2577; x_wconf 92' lang='grc' dir='ltr'><strong><em>τοι</em></strong></span> <span class='ocrx_word' id='word_1_193' title='bbox 186 2510 241 2576; x_wconf 84' lang='grc' dir='ltr'><strong><em>καὶ</em></strong></span> <span class='ocrx_word' id='word_1_194' title='bbox 255 2510 483 2594; x_wconf 86' lang='grc' dir='ltr'><strong><em>πρωτεύοντες</em></strong></span> <span class='ocrx_word' id='word_1_195' title='bbox 494 2513 531 2577; x_wconf 85' lang='grc' dir='ltr'><strong><em>ἐν</em></strong></span> <span class='ocrx_word' id='word_1_196' title='bbox 541 2511 661 2598; x_wconf 81' lang='grc' dir='ltr'><strong><em>ἑκάστη</em></strong></span> <span class='ocrx_word' id='word_1_197' title='bbox 674 2518 743 2577; x_wconf 81' lang='grc' dir='ltr'><strong><em>τω”ν</em></strong></span> <span class='ocrx_word' id='word_1_198' title='bbox 754 2511 886 2577; x_wconf 91' lang='grc' dir='ltr'><strong><em>πόλεων</em></strong></span> <span class='ocrx_word' id='word_1_199' title='bbox 900 2508 961 2596; x_wconf 82' lang='grc' dir='ltr'><strong><em>οὐχ</em></strong></span> <span class='ocrx_word' id='word_1_200' title='bbox 976 2509 1066 2589; x_wconf 89' lang='grc' dir='ltr'><strong><em>ὀπως</em></strong></span> <span class='ocrx_word' id='word_1_201' title='bbox 1076 2517 1130 2577; x_wconf 87' lang='grc' dir='ltr'><strong><em>αί-</em></strong></span> 
     </span>
     <span class='ocr_line' id='line_1_26' title="bbox 125 2606 1130 2700; baseline 0.002 -26"><span class='ocrx_word' id='word_1_202' title='bbox 125 2607 300 2693; x_wconf 89' lang='grc' dir='ltr'><strong><em>δούμενοι,</em></strong></span> <span class='ocrx_word' id='word_1_203' title='bbox 323 2606 405 2675; x_wconf 87' lang='grc' dir='ltr'><strong><em>ἀλλά</em></strong></span> <span class='ocrx_word' id='word_1_204' title='bbox 425 2612 479 2676; x_wconf 80' lang='grc' dir='ltr'><strong><em>καί</em></strong></span> <span class='ocrx_word' id='word_1_205' title='bbox 501 2612 584 2695; x_wconf 90' lang='grc' dir='ltr'><strong><em>μέγα</em></strong></span> <span class='ocrx_word' id='word_1_206' title='bbox 602 2618 808 2694; x_wconf 85' lang='grc' dir='ltr'><strong><em>φρονοῦντες</em></strong></span> <span class='ocrx_word' id='word_1_207' title='bbox 825 2612 877 2676; x_wconf 76' lang='grc' dir='ltr'><strong><em>ἐπὶ</em></strong></span> <span class='ocrx_word' id='word_1_208' title='bbox 896 2618 943 2700; x_wconf 72' lang='grc' dir='ltr'><strong><em>τῷ</em></strong></span> <span class='ocrx_word' id='word_1_209' title='bbox 962 2611 1130 2696; x_wconf 89' lang='grc' dir='ltr'><strong><em>πράγματι</em></strong></span> 
     </span>
     <span class='ocr_line' id='line_1_27' title="bbox 125 2703 1129 2795; baseline 0.004 -25"><span class='ocrx_word' id='word_1_210' title='bbox 125 2713 252 2790; x_wconf 83' lang='grc' dir='ltr'><strong><em>μᾶλλον</em></strong></span> <span class='ocrx_word' id='word_1_211' title='bbox 261 2703 346 2792; x_wconf 83' lang='grc' dir='ltr'><strong><em>ἥπερ</em></strong></span> <span class='ocrx_word' id='word_1_212' title='bbox 357 2703 404 2773; x_wconf 90' lang='grc' dir='ltr'><strong><em>ἐπ’</em></strong></span> <span class='ocrx_word' id='word_1_213' title='bbox 416 2705 598 2794; x_wconf 81' lang='grc' dir='ltr'><strong><em>εὐγενείαις</em></strong></span> <span class='ocrx_word' id='word_1_214' title='bbox 607 2710 661 2776; x_wconf 81' lang='grc' dir='ltr'><strong><em>καὶ</em></strong></span> <span class='ocrx_word' id='word_1_215' title='bbox 673 2717 890 2793; x_wconf 90' lang='grc' dir='ltr'><strong><em>λειτουργίαις</em></strong></span> <span class='ocrx_word' id='word_1_216' title='bbox 901 2711 955 2776; x_wconf 81' lang='grc' dir='ltr'><strong><em>καλ</em></strong></span> <span class='ocrx_word' id='word_1_217' title='bbox 967 2707 1129 2795; x_wconf 77' lang='grc' dir='ltr'><strong><em>ἀξιώμασι</em></strong></span> 
     </span>
     <span class='ocr_line' id='line_1_28' title="bbox 126 2817 344 2888; baseline 0.014 -20"><span class='ocrx_word' id='word_1_218' title='bbox 126 2817 344 2888; x_wconf 83' lang='grc' dir='ltr'><strong><em>προγονικοῖς.</em></strong></span> 
     </span>
    </p>

    <p class='ocr_par' dir='ltr' id='par_1_4' title="bbox 121 2901 1219 3486">
     <span class='ocr_line' id='line_1_29' title="bbox 210 2901 1196 2991; baseline 0.005 -20"><span class='ocrx_word' id='word_1_219' title='bbox 210 2909 258 2972; x_wconf 86' lang='grc'><strong><em>80.</em></strong></span> <span class='ocrx_word' id='word_1_220' title='bbox 280 2902 363 2971; x_wconf 81' lang='grc' dir='ltr'><strong><em>Ἐπεὶ</em></strong></span> <span class='ocrx_word' id='word_1_221' title='bbox 379 2903 414 2970; x_wconf 85' lang='grc' dir='ltr'><strong><em>δέ</em></strong></span> <span class='ocrx_word' id='word_1_222' title='bbox 425 2904 483 2981; x_wconf 81' lang='grc' dir='ltr'><strong><em>τὰς</em></strong></span> <span class='ocrx_word' id='word_1_223' title='bbox 497 2901 616 2989; x_wconf 84' lang='grc' dir='ltr'><strong><em>ἀρετάς</em></strong></span> <span class='ocrx_word' id='word_1_224' title='bbox 630 2910 716 2991; x_wconf 88' lang='grc' dir='ltr'><strong><em>ἐφην</em></strong></span> <span class='ocrx_word' id='word_1_225' title='bbox 726 2903 784 2982; x_wconf 87' lang='grc' dir='ltr'><strong><em>τάς</em></strong></span> <span class='ocrx_word' id='word_1_226' title='bbox 801 2903 1010 2991; x_wconf 90' lang='grc' dir='ltr'><strong><em>ὀρχηστικάς,</em></strong></span> <span class='ocrx_word' id='word_1_227' title='bbox 1026 2901 1129 2970; x_wconf 84' lang='grc' dir='ltr'><strong><em>ἀκονε</em></strong></span> <span class='ocrx_word' id='word_1_228' title='bbox 1147 2922 1196 2975; x_wconf 82' lang='grc'><strong><em>311</em></strong></span> 
     </span>
     <span class='ocr_line' id='line_1_30' title="bbox 124 2997 1129 3089; baseline -0.001 -20"><span class='ocrx_word' id='word_1_229' title='bbox 124 3011 179 3070; x_wconf 80' lang='grc' dir='ltr'><strong><em>καί</em></strong></span> <span class='ocrx_word' id='word_1_230' title='bbox 188 3000 247 3082; x_wconf 79' lang='grc' dir='ltr'><strong><em>τὰς</em></strong></span> <span class='ocrx_word' id='word_1_231' title='bbox 261 3011 376 3082; x_wconf 89' lang='grc' dir='ltr'><strong><em>κακίας</em></strong></span> <span class='ocrx_word' id='word_1_232' title='bbox 388 3000 508 3070; x_wconf 75' lang='grc' dir='ltr'><strong><em>αὐτῶν.</em></strong></span> <span class='ocrx_word' id='word_1_233' title='bbox 531 3001 590 3081; x_wconf 82' lang='grc' dir='ltr'><strong><em>κάς</em></strong></span> <span class='ocrx_word' id='word_1_234' title='bbox 601 3005 664 3088; x_wconf 82' lang='grc' dir='ltr'><strong><em>μέν</em></strong></span> <span class='ocrx_word' id='word_1_235' title='bbox 676 2997 739 3071; x_wconf 81' lang='grc' dir='ltr'><strong><em>οὖν</em></strong></span> <span class='ocrx_word' id='word_1_236' title='bbox 750 3007 786 3072; x_wconf 91' lang='grc' dir='ltr'><strong><em>ἐν</em></strong></span> <span class='ocrx_word' id='word_1_237' title='bbox 797 3005 922 3089; x_wconf 84' lang='grc' dir='ltr'><strong><em>σάματι</em></strong></span> <span class='ocrx_word' id='word_1_238' title='bbox 936 3001 999 3088; x_wconf 86' lang='grc' dir='ltr'><strong><em>ήδη</em></strong></span> <span class='ocrx_word' id='word_1_239' title='bbox 1013 3006 1129 3089; x_wconf 79' lang='grc' dir='ltr'><strong><em>ἔδειξα,</em></strong></span> 
     </span>
     <span class='ocr_line' id='line_1_31' title="bbox 121 3099 1128 3187; baseline -0.001 -20"><span class='ocrx_word' id='word_1_240' title='bbox 121 3099 181 3178; x_wconf 87' lang='grc' dir='ltr'><strong><em>τάς</em></strong></span> <span class='ocrx_word' id='word_1_241' title='bbox 203 3103 239 3168; x_wconf 74' lang='grc' dir='ltr'><strong><em>δὲ</em></strong></span> <span class='ocrx_word' id='word_1_242' title='bbox 256 3109 313 3186; x_wconf 87' lang='grc' dir='ltr'><strong><em>τής</em></strong></span> <span class='ocrx_word' id='word_1_243' title='bbox 337 3104 485 3179; x_wconf 90' lang='grc' dir='ltr'><strong><em>διανοίας</em></strong></span> <span class='ocrx_word' id='word_1_244' title='bbox 507 3100 612 3179; x_wconf 78' lang='grc' dir='ltr'><strong><em>οὕτως</em></strong></span> <span class='ocrx_word' id='word_1_245' title='bbox 634 3105 799 3187; x_wconf 83' lang='grc' dir='ltr'><strong><em>έπιτηρείν</em></strong></span> <span class='ocrx_word' id='word_1_246' title='bbox 819 3099 909 3186; x_wconf 81' lang='grc' dir='ltr'><strong><em>οἶμαι</em></strong></span> <span class='ocrx_word' id='word_1_247' title='bbox 934 3101 1053 3167; x_wconf 91' lang='grc' dir='ltr'><strong><em>δύναιο</em></strong></span> <span class='ocrx_word' id='word_1_248' title='bbox 1070 3099 1128 3167; x_wconf 89' lang='grc' dir='ltr'><strong><em>ἀν·</em></strong></span> 
     </span>
     <span class='ocr_line' id='line_1_32' title="bbox 123 3196 1219 3286; baseline 0.001 -21"><span class='ocrx_word' id='word_1_249' title='bbox 123 3203 239 3267; x_wconf 79' lang='grc' dir='ltr'><strong><em>πολλοὶ</em></strong></span> <span class='ocrx_word' id='word_1_250' title='bbox 254 3198 318 3286; x_wconf 84' lang='grc' dir='ltr'><strong><em>γάρ</em></strong></span> <span class='ocrx_word' id='word_1_251' title='bbox 334 3199 446 3267; x_wconf 77' lang='grc' dir='ltr'><strong><em>αὐτῶν</em></strong></span> <span class='ocrx_word' id='word_1_252' title='bbox 461 3197 518 3266; x_wconf 87' lang='grc' dir='ltr'><strong><em>ὑπ’</em></strong></span> <span class='ocrx_word' id='word_1_253' title='bbox 536 3199 682 3286; x_wconf 87' lang='grc' dir='ltr'><strong><em>ἀμαθίας</em></strong></span> <span class='ocrx_word' id='word_1_254' title='bbox 698 3239 735 3249; x_wconf 94' lang='grc'>-</span> <span class='ocrx_word' id='word_1_255' title='bbox 755 3196 926 3284; x_wconf 91' lang='grc' dir='ltr'><strong><em>ἀμήχανον</em></strong></span> <span class='ocrx_word' id='word_1_256' title='bbox 939 3196 1004 3284; x_wconf 83' lang='grc' dir='ltr'><strong><em>γάρ</em></strong></span> <span class='ocrx_word' id='word_1_257' title='bbox 1020 3197 1130 3266; x_wconf 87' lang='grc' dir='ltr'><strong><em>ἀπαν-</em></strong></span> <span class='ocrx_word' id='word_1_258' title='bbox 1215 3218 1219 3225; x_wconf 90' lang='grc'><strong>“</strong></span> 
     </span>
     <span class='ocr_line' id='line_1_33' title="bbox 122 3295 1129 3387; baseline 0.003 -24"><span class='ocrx_word' id='word_1_259' title='bbox 122 3325 179 3376; x_wconf 88' lang='grc' dir='ltr'><strong><em>τας</em></strong></span> <span class='ocrx_word' id='word_1_260' title='bbox 195 3297 278 3366; x_wconf 78' lang='grc' dir='ltr'><strong><em>εἶναι</em></strong></span> <span class='ocrx_word' id='word_1_261' title='bbox 295 3301 478 3385; x_wconf 90' lang='grc' dir='ltr'><strong><em>σοφούς-</em></strong></span> <span class='ocrx_word' id='word_1_262' title='bbox 499 3302 551 3367; x_wconf 82' lang='grc' dir='ltr'><strong><em>καὶ</em></strong></span> <span class='ocrx_word' id='word_1_263' title='bbox 569 3305 736 3377; x_wconf 87' lang='grc' dir='ltr'><strong><em>σολοικίας</em></strong></span> <span class='ocrx_word' id='word_1_264' title='bbox 757 3295 868 3376; x_wconf 81' lang='grc' dir='ltr'><strong><em>δεινάς</em></strong></span> <span class='ocrx_word' id='word_1_265' title='bbox 884 3301 920 3365; x_wconf 88' lang='grc' dir='ltr'><strong><em>ἐν</em></strong></span> <span class='ocrx_word' id='word_1_266' title='bbox 942 3305 981 3387; x_wconf 75' lang='grc' dir='ltr'><strong><em>τῇ</em></strong></span> <span class='ocrx_word' id='word_1_267' title='bbox 997 3296 1129 3385; x_wconf 92' lang='grc' dir='ltr'><strong><em>ὀρχήσει</em></strong></span> 
     </span>
     <span class='ocr_line' id='line_1_34' title="bbox 122 3397 1129 3486; baseline 0.004 -24"><span class='ocrx_word' id='word_1_268' title='bbox 122 3399 384 3482; x_wconf 89' lang='grc' dir='ltr'><strong><em>ἐπιδείκνυνται,</em></strong></span> <span class='ocrx_word' id='word_1_269' title='bbox 407 3401 442 3466; x_wconf 84' lang='grc' dir='ltr'><strong><em>οί</em></strong></span> <span class='ocrx_word' id='word_1_270' title='bbox 459 3399 521 3484; x_wconf 78' lang='grc' dir='ltr'><strong><em>μὲν</em></strong></span> <span class='ocrx_word' id='word_1_271' title='bbox 536 3397 640 3484; x_wconf 88' lang='grc' dir='ltr'><strong><em>ἀλογα</em></strong></span> <span class='ocrx_word' id='word_1_272' title='bbox 656 3398 849 3485; x_wconf 91' lang='grc' dir='ltr'><strong><em>κινούμενοι</em></strong></span> <span class='ocrx_word' id='word_1_273' title='bbox 864 3400 917 3466; x_wconf 80' lang='grc' dir='ltr'><strong><em>καὶ</em></strong></span> <span class='ocrx_word' id='word_1_274' title='bbox 935 3403 1055 3486; x_wconf 86' lang='grc' dir='ltr'><strong><em>μηδέν,</em></strong></span> <span class='ocrx_word' id='word_1_275' title='bbox 1084 3397 1129 3478; x_wconf 80' lang='grc' dir='ltr'><strong><em>όός</em></strong></span> 
     </span>
    </p>
   </div>
   <div class='ocr_carea' id='block_1_4' title="bbox 0 0 1292 3842">
    <p class='ocr_par' dir='ltr' id='par_1_5' title="bbox 0 0 1292 3842">
     <span class='ocr_line' id='line_1_35' title="bbox 0 0 1292 3842; baseline 0 0"><span class='ocrx_word' id='word_1_276' title='bbox 0 0 1292 3842; x_wconf 95' lang='lat' dir='ltr'><strong><em> </em></strong></span> 
     </span>
    </p>
   </div>
  </div>
 </body>
</html>
