2575 3842
380 228 502 285 ΠΕΡΙ
522 229 794 287 ΟΡΧΗΣΕΩΣ.
1030 226 1090 289 145

81 408 141 449 ναι
158 382 220 468 μέν
233 398 300 462 τοῖς
317 382 376 453 ὠσὶ
387 386 504 470 μόνοις
516 386 756 472 ἐπεβούλευον,
773 389 828 456 καλ
842 385 897 455 διὰ
915 395 1012 456 τοῦτο
1026 414 1088 473 κη·
1107 402 1160 459 268

82 488 149 563 ροῦ
164 483 276 567 ἐδέησε
293 481 376 565 πρὸς
395 481 456 551 τόν
477 484 676 570 παράπλουν
696 483 822 551 αὐτῶν·
858 483 900 552 σύ
918 484 955 553 δὲ
971 488 1025 553 καὶ
1043 482 1088 553 δι’

82 578 275 664 ὀφθαλμῶν
290 587 400 659 ἐοικας
414 580 491 659 ὅλος
504 587 745 651 δεδουλῶσθαι.
1100 654 1102 657 .

168 682 199 745 4.
213 686 314 747 ΛΥΚ.
329 687 459 764 Παπαῖ,
479 672 676 767 όΚράτων,
694 678 738 759 ὡς
749 680 917 766 κάρχαρόν
928 707 1001 747 τινα
1013 686 1089 748 ἔλυ-

84 796 146 852 σας
161 773 215 861 ἐφ’
232 774 317 862 ἡμᾶς
332 775 392 844 τόν
409 785 534 846 σαυτοῦ
550 779 646 846 κόνα.
670 776 757 864 πλήν
772 778 810 845 τό
825 802 865 863 γε
881 779 1088 864 παράδειγμα

68 868 147 964 ,τήν
166 880 234 938 τῶν
247 874 466 959 Λωτοφάγων
489 878 543 942 καὶ
565 877 742 962 Σειρήνων
763 876 874 944 εἰκόνα
896 875 987 942 πάνυ
1008 873 1088 942 ἀνο-

84 970 264 1056 μοιοτάτην
278 997 335 1058 μοι
348 977 456 1050 δοκεῖς
470 975 637 1059 εἰρηκέναι
656 966 704 1041 ῦν
719 977 889 1059 πέπονθα,
912 970 991 1057 παρ’
1009 970 1090 1038 ὅσον

84 1079 153 1143 τοῖς
164 1068 227 1152 μὲν
236 1077 297 1135 τοῦ
308 1077 416 1137 λωτοῦ
428 1074 644 1156 γευσαμένοις
656 1074 710 1140 καὶ
721 1080 789 1139 τῦν
797 1069 974 1156 Σειρήνων
985 1067 1090 1137 ἀκοό-

84 1182 183 1230 σασιν
191 1163 334 1250 όλεθρος
344 1159 387 1252 ἧν
398 1175 455 1254 τής
463 1195 498 1236 τε
507 1172 631 1256 ἐδωδῆς
642 1174 698 1239 καί
707 1177 764 1256 τῆς
773 1168 963 1254 ἀκροάσεως
972 1164 1089 1235 τοῦπι-

84 1265 211 1346 τίμιον,
226 1264 297 1347 ἐμοὶ
313 1263 349 1331 δὲ
360 1262 443 1348 πρὸς
457 1272 503 1355 τῷ
516 1264 579 1352 τήν
589 1264 718 1353 ἡδονήν
732 1264 821 1351 παρά
833 1264 919 1334 πολὺ
933 1264 1089 1352 ήδίωπε-

85 1360 229 1439 φυκέναι
249 1361 304 1427 καὶ
319 1358 356 1427 τό
377 1364 469 1441 τέλος
488 1362 622 1449 ἀγαθόν
639 1363 864 1452 ἀποβέβηκεν·
899 1362 939 1431 οῦ
959 1360 1023 1449 γάρ
1044 1367 1090 1439 εἰς

84 1454 197 1539 λήθην
215 1463 283 1522 τῶν
304 1466 390 1525 οἴκοι
411 1456 485 1527 οὐδ’
511 1467 556 1538 είς
578 1459 747 1547 ἀγνωσίαν
765 1467 833 1528 τῶν
854 1457 927 1527 κατ’
945 1457 1090 1546 ἐμαυτόν

84 1556 306 1638 περιίσταμαι,
321 1551 394 1623 ἀλλ’
410 1562 440 1624 εί
452 1555 513 1643 χρή
525 1558 630 1644 μηδὲν
640 1558 828 1645 ὀκνήσαντα
840 1564 955 1643 εἰπεῖν,
973 1562 1089 1644 μακρῷ

84 1650 308 1736 πινυτώτερος
328 1655 382 1720 καὶ
398 1660 466 1720 τῶν
480 1657 517 1721 ἐν
538 1662 584 1745 τῷ
603 1662 665 1745 βίω
686 1656 957 1741 διορατικώτερος
973 1656 1009 1721 ἐκ
1030 1659 1089 1719 τοῦ

84 1748 232 1836 θεάτρου
253 1771 307 1817 σοι
326 1754 568 1840 ἐπανελήλυθα.
603 1755 784 1840 μᾶλλονδὲ
803 1752 839 1820 τό
861 1761 923 1820 τοῦ
942 1750 1089 1837 Ὁμήρου

85 1843 167 1913 αῦτό
185 1852 288 1914 εἰπεῖν
303 1850 425 1935 καλόν,
441 1849 492 1917 ότι
508 1848 525 1917 ὁ
542 1857 640 1917 τοῦτο
658 1849 740 1918 ίδῦν
755 1848 791 1916 τό
808 1852 917 1934 θέαμα

374 1946 580 2033 τερψάμενος
593 1960 698 2014 νεῖται
712 1949 765 2013 καὶ
780 1953 917 2013 πλείονα
933 1946 1035 2023 είὸως.

168 2046 258 2106 ΚΡΑ
262 2048 296 2108 Τ.
314 2038 495 2128 Ἡράκλεις,
513 2035 686 2128 ῦΛυκῑνε,
701 2037 754 2109 οἷα
765 2044 947 2125 πέπονθας,
962 2039 999 2118 ὃς
1010 2038 1089 2108 οῦδὲ

83 2135 225 2222 αίσχῦνη
242 2134 295 2203 ἐπ’
312 2136 440 2222 αὐτοῖς,
467 2136 550 2206 ἀλλά
570 2139 625 2205 καὶ
645 2139 882 2226 σεμνυνομένῳ
900 2142 1017 2213 ἔοικας.
1050 2134 1085 2202 τό

82 2238 170 2318 γοῦν
185 2232 376 2301 δεινότατον
390 2236 489 2303 τοῦτό
503 2239 608 2323 ἐστιν,
622 2234 678 2304 ’ότι
693 2237 775 2322 μηδὲ
789 2234 906 2312 ίάσεάς
921 2260 995 2301 τινα
1008 2231 1088 2321 ἡμῖν

82 2330 282 2414 ὑποφαίνεις
296 2336 411 2401 ἐλπίδα
426 2337 573 2402 ἐπαινεῖν
587 2340 720 2419 τολμῶν
733 2330 773 2399 τά
785 2330 890 2410 οῦτως
901 2329 1018 2418 αίσχρά
1033 2333 1087 2408 καὶ
1105 2349 1157 2404 269

83 2429 305 2495 κατάπτυστα.

168 2534 198 2593 5.
226 2535 324 2596 ΛΥΚ.
354 2536 439 2599 Είπέ
455 2557 528 2617 μοι,
554 2526 755 2615 ἀΚράτων,
779 2531 872 2596 ταυτὶ
890 2527 926 2595 (λέ
943 2529 1088 2612 καὶπερὶ

50 2644 58 2659 ·
84 2623 251 2710 ὀρχήσεως
264 2629 320 2693 καὶ
334 2636 402 2693 τῶν
419 2630 456 2695 ἐν
471 2637 516 2717 τῷ
531 2630 665 2721 θεάτρφ
681 2631 884 2715 γινομένων,
908 2630 991 2693 ίῦιιν
1005 2634 1087 2692 πολ-

84 2722 177 2799 λάκις
198 2720 314 2807 αῦτός,
341 2728 506 2816 ἐπιτιμᾷς,
533 2724 556 2813 ή
579 2726 754 2813 ἀπείρατος
775 2752 822 2791 ιιν
842 2749 902 2790 του
920 2724 1088 2807 θεάματος

85 2818 175 2904 ὅμως
187 2821 323 2907 αίσχρόν
342 2822 423 2891 αῦτό
440 2828 494 2893 καὶ
510 2828 757 2908 κατάπτυστον,
773 2821 816 2900 ὡς
834 2822 913 2908 φής,
932 2826 1087 2905 νομίζειςς

84 2924 116 2986 εί
129 2918 191 3004 μέν
203 2918 269 3006 γάρ
284 2920 383 3009 εἶδες,
412 2928 445 3003 ἐξ
460 2934 536 2991 ίσου
549 2921 628 3009 ἡμῖν
644 2923 698 2988 καὶ
718 2918 761 2986 σῦ
780 2923 972 3005 γεγένησαιι
1003 2923 1032 2983 εί
1052 2918 1088 2985 δὲ

83 3018 147 3104 μή,
163 3015 226 3102 όρα
243 3017 287 3105 μή
304 3019 459 3107 άλογοςή
476 3024 658 3107 ἐπιτίμησις
669 3016 755 3085 εἶναί
766 3036 828 3083 σου
840 3016 919 3102 δόξη
933 3016 988 3081 καλ
998 3024 1087 3099 θρα-

82 3130 155 3183 σεῖα
171 3125 436 3202 κατηγοροῦντος
452 3112 500 3187 ὧν
514 3117 654 3205 ἀγνοεῖς.

167 3222 295 3283 ΚΡΑΤ.
318 3214 389 3285 Ἔτι
411 3216 476 3303 γάρ
496 3217 596 3284 τοῦτό
618 3241 675 3301 μοι
697 3211 816 3281 λοιπὸν
835 3204 896 3299 ήν,
930 3212 966 3276 ἐν
986 3218 1089 3297 βαθεῖ

82 3317 190 3404 τούτῳ
209 3322 256 3403 τῷ
275 3314 412 3400 πάγωνι
434 3318 489 3382 καὶ
509 3322 609 3404 πολιᾷ
625 3321 666 3401 τῇ
686 3311 772 3399 κόμη
792 3317 963 3395 καθήσθαι
984 3311 1086 3395 μέσον

82 3413 122 3479 ἐν
141 3427 210 3489 τοῖς
236 3420 386 3497 γυναίοις
409 3415 463 3481 καὶ
487 3427 554 3490 τοῖς
579 3410 764 3499 μεμηνόσιν
789 3411 1085 3561 ἐκείνοιῙςοθεαταλς

168 3522 273 3563 tuem«.
294 3508 327 3561 11.
