2575 3842
164 129 250 220 ‘208
532 159 855 239 [Λοναιπαοτη

190 315 425 404 φυούςὛδρας
436 317 716 403 πολυπλοκιότερα
731 316 809 404 μηδ’
826 317 954 387 Ἰόλεων
968 319 1197 408 βοηθόνέχειν

191 416 377 501 δυνάμενα·
399 415 480 500 πυρὶ
495 412 560 500 γάρ
576 411 618 481 ού
632 418 810 500 σβέννυται
826 423 903 502 πύρ.
929 415 1017 484 οὕτω
1031 443 1079 496 τις
1094 416 1198 505 ὑγρός

189 527 257 591 τοίς
278 511 421 598 όμμασιν
443 515 567 580 ἐνοικεί
580 511 698 596 μύωψ,
721 509 757 590 δς
775 510 865 578 άπαν
886 515 1007 592 κάλλος
1030 521 1077 592 είς
1092 513 1197 583 αύτόν

190 609 345 694 ἁρπάζων
359 607 412 678 ἐπ’
430 607 543 676 ούδενλ
557 608 647 698 κόρῳ
661 610 817 675 παύεται·
839 611 894 678 καὶ
910 611 1044 696 συνεχὲς
1059 608 1197 697 ἀπορεῖν

190 712 358 793 ἐπέρχεταί
374 731 447 792 μοι,
472 711 521 784 τίς
543 699 641 782 οὗτος
663 704 858 792 Ἀφροδίτης
880 705 898 773 δ
920 708 1035 793 χόλος·
1068 707 1110 774 ού
1132 708 1195 794 γάρ

184 803 340 891 Ἡλιάδης
359 804 424 890 ἐγω
440 831 488 882 τις
505 802 583 871 ούδὲ
598 803 801 889 Λημνιάδων
818 802 933 890 ὕβρεις
947 801 1025 871 ούδδ
1041 801 1193 872 Ἱππολύ-

189 929 278 970 τειον
294 900 467 989 ἀγροικίαν
483 904 726 988 ωφρνωμένος,
743 898 786 979 ὡς
802 904 950 986 ἐρεθίσαι
964 908 1022 987 της
1035 910 1121 970 θεοῦ
1134 900 1193 987 τὴν

190 999 363 1066 ἄπαυστον
375 999 500 1085 ταύτην
514 997 627 1085 ὀργήν.

273 1096 303 1162 3.
329 1103 427 1164 AYK.
450 1098 608 1164 Πέπαυσο
630 1105 687 1182 τῆς
712 1096 914 1164 ἐπιπλάστου
935 1100 990 1165 καὶ
1015 1103 1196 1184 δυσχεροῦς

189 1195 310 1280 ταύτης
324 1193 546 1279 ὑποκρίσεως,
563 1195 760 1280 Θεόμνηστε.
785 1192 872 1280 άχθη
887 1191 952 1278 γάρ
968 1193 1019 1260 ότι
1032 1194 1140 1283 τούτῳ
1151 1201 1197 1283 τῷ

189 1297 250 1381 βίῳ
265 1289 285 1378 ἡ
302 1291 383 1377 τύχη
396 1292 652 1378 προσεκλήρωσέ
660 1313 712 1377 σε,
728 1293 783 1359 καὶ
793 1289 937 1376 χαλεπόν
949 1289 1033 1358 εἶναι
1044 1297 1195 1377 νομίζεις,

191 1396 221 1457 εί
232 1391 384 1475 γυναιξὶν
404 1385 539 1473 ὡραίαις
553 1391 606 1456 καλ
626 1387 707 1474 μετά
722 1392 850 1456 παίδων
864 1385 900 1455 τό
922 1386 1026 1456 καλόν
1044 1386 1198 1455 ἀνθούν-

190 1513 257 1552 των
272 1484 410 1571 δμιλεϊς;
434 1485 517 1554 ἀλλά
535 1506 587 1552 σοι
607 1488 662 1553 καὶ
677 1494 872 1568 καθαρσίων
888 1488 969 1571 τάχα
987 1486 1096 1572 δεήσει
1113 1484 1197 1572 πρός

123 1599 173 1651 400
192 1582 227 1649 τὸ
246 1582 400 1668 δυσχερὲς
421 1581 509 1649 οὕτω
526 1583 672 1669 νόσημα·
701 1583 813 1650 δεινόν
829 1581 893 1669 γάρ
916 1581 952 1650 τό
972 1583 1090 1661 πάθος.
1120 1580 1194 1650 ἀλλ’

193 1677 265 1764 ούχλ
279 1688 399 1748 τοῦτον
418 1680 478 1748 τόν
494 1680 602 1749 πολύν
624 1684 735 1767 ἐκχέας
749 1689 853 1767 λῆρον
874 1679 1054 1766 εύδαίμονα
1072 1678 1197 1747 σαυτόν

192 1776 276 1844 εἶναι
298 1793 437 1864 νομιεῖς,
466 1778 516 1846 ὅτι
537 1801 590 1847 σοι
612 1779 629 1848 ὁ
652 1778 734 1858 θεός
757 1779 819 1847 ούκ
837 1778 1011 1866 αύχμηράν
1029 1787 1194 1866 γεωργίαν

191 1878 377 1942 ἐπέκλωσεν
387 1874 461 1943 οὐδ’
472 1875 652 1962 ἐμπορικάς
663 1877 744 1954 ἀλας
753 1879 808 1945 καὶ
818 1878 1020 1962 στρατιώτην
1033 1875 1194 1953 ἐνόπλοις

190 1981 280 2059 βίον,
303 1971 386 2041 ἀλλά
402 1976 537 2059 λιπαραὶ
557 1985 753 2059 παλαῖστραι
774 1979 913 2059 μέλουσί
928 1994 980 2041 σοι
995 1975 1049 2042 καὶ
1069 1971 1195 2060 φαιδρά

190 2073 251 2159 μὲν
265 2070 367 2158 ἐσθὴς
380 2075 473 2158 μέχρι
491 2078 604 2141 ποδῶν
619 2071 681 2156 τὴν
698 2071 831 2159 τρυφὴν
846 2073 1043 2157 καθειμένη,
1066 2075 1197 2155 διακρι-

191 2169 253 2240 δὸν
270 2169 301 2238 δ’
319 2171 506 2258 ἠσκημένης
528 2173 630 2257 κόμης
643 2173 834 2255 ,ἐπιμέλεια;
855 2177 923 2237 τῶν
939 2195 977 2254 γε
993 2166 1059 2254 μὴν
1080 2170 1193 2251 ἐρωτι·

190 2278 260 2337 κῶν
274 2273 396 2356 ίμέρων
411 2272 464 2337 καὶ
477 2266 557 2336 αύτδ
574 2267 610 2334 τδ
623 2275 802 2356 βασανίζον
814 2267 987 2354 εὐφραίνει
1002 2270 1056 2335 καὶ
1070 2266 1196 2353 γλυκύς

190 2366 290 2444 ὁδούς
307 2366 324 2433 ὁ
341 2377 402 2433 τοῦ
421 2368 535 2433 πόθου
552 2368 683 2434 δάκνει·
706 2367 863 2450 πειράσας
884 2367 944 2452 μὲν
963 2365 1029 2452 γάρ
1047 2370 1195 2451 ἐλπίζεις,

189 2463 300 2549 τυχάν
315 2464 346 2531 δ’
365 2462 607 2542 ἀπολέλαυκας·
631 2474 685 2550 ίση
702 2466 736 2533 δὲ
753 2465 856 2552 ἡδονὴ
873 2463 909 2531 τό
923 2481 1075 2550 παρεῖναι
1092 2470 1147 2535 καὶ
1158 2466 1195 2534 τό

190 2563 320 2646 μέλλον.
351 2567 487 2647 ἔναγχος
501 2568 586 2648 γοῦν
606 2559 829 2648 διηγουμένου
845 2584 907 2630 σου
926 2561 987 2652 τόν
1000 2566 1126 2651 πολύν,
1153 2564 1197 2643 ὡς

189 2661 244 2727 καὶ
258 2657 337 2745 παρ’
353 2657 504 2750 Ἡσιόδῳ,
521 2662 707 2747 κατάλογον
719 2653 767 2727 όν
784 2658 931 2746 ἀρχῆθεν
944 2660 1107 2749 ἠράσθης,
1123 2666 1197 2730 ίλα-
1255 2692 1260 2700 ·

191 2760 245 2842 ραὶ
265 2758 326 2843 μὲν
346 2765 413 2825 τῶν
433 2755 590 2843 ὀμμάτων
608 2764 644 2826 αί
659 2761 754 2847 βολαὶ
773 2768 918 2841 τακερῶς
938 2758 1196 2846 ἀννγραίνοντο,

121 2871 170 2923 401
191 2855 251 2942 τὴν
267 2856 386 2942 φωνὴν
403 2856 433 2924 δ’
456 2867 532 2942 ίσην
546 2865 585 2946 τῇ
601 2859 786 2944 Λυκάμβου
801 2861 946 2943 θυγατρὶ
968 2857 1089 2927 λεπτόν
1106 2857 1197 2945 ἀφη-

191 2955 303 3022 δύνων
315 2953 372 3022 ἀπ’
386 2953 491 3023 αύιού
508 2964 568 3023 τοῦ
580 2957 742 3041 σχήματος
759 2953 863 3034 εύθδς
875 2962 973 3042 δῆλος
983 2951 1024 3043 ἧς
1038 2955 1099 3023 ούκ
1112 2961 1197 3024 ἐκεί-

188 3079 260 3119 νων
276 3054 406 3138 μόνων,
425 3051 508 3121 ἀλλά
524 3057 649 3139 καὶτῆς
666 3052 716 3120 ἐπ’
731 3051 844 3134 αύτοῐς
858 3055 988 3142 μνήμης
1003 3058 1097 3141 ἐρῶν.
1121 3053 1195 3122 ἀλλ’

190 3159 223 3217 εί
240 3157 274 3216 τί
292 3171 344 3217 σοι
365 3160 425 3219 τοῦ
446 3150 528 3219 κατά
547 3151 608 3238 τὴν
629 3151 829 3239 Ἀφροδίτην
851 3160 1014 3238 περίπλου
1035 3161 1197 3235 λείψανον

189 3246 336 3333 ἀγείτων,
359 3249 462 3334 μηδὲν
479 3247 675 3338 ἀποκρύψῃ,
701 3259 746 3339 τῷ
768 3254 803 3319 δὲ
819 3251 974 3336 Ἡρακλεῖ
988 3252 1050 3340 τὴν
1069 3261 1197 3321 θυσίαν

189 3346 301 3432 ἐντελῆ
316 3348 498 3436 παράσχου.
