2575 3842
201 161 264 223 ³48
560 163 859 221 AOYKIANOT

286 327 390 388 KYN.
411 318 569 406 Ἐδεύμην
584 322 646 407 μὲν
661 327 708 388 ἔτι
722 316 789 387 κάν
802 328 900 388 τοῦτο
917 324 1052 406 ἐρέσθαι
1067 343 1124 409 σε,
1149 331 1217 390 ποῦ

202 426 237 489 αι’
253 429 378 506 Μοῖραι
394 424 623 507 διατρίβουσιν
636 416 658 506 ἢ
673 426 743 497 πῶς
758 423 973 504 ἐφικνοῦνται
986 427 1026 508 τῇ
1042 424 1215 509 ἐπιμελείᾳ

201 524 268 584 τῶν
282 517 453 584 τοσούτων
472 518 504 594 ἐς
516 514 552 583 τὸ
568 517 784 600 λεπτότατον,
802 518 857 583 καὶ
874 523 976 584 ταῦτα
993 534 1080 601 τρεῖς
1097 511 1213 599 ούσαις
1272 588 1273 591 ,

202 621 362 684 ἐπίπονον
376 615 440 700 γάρ
456 640 530 681 τινα
547 616 602 682 καὶ
622 613 685 681 ούκ
701 612 861 701 εὔμοιρόν
882 640 939 700 μοι
956 619 1096 682 δοκοῦσι
1115 623 1213 702 βιοῦν

201 712 261 781 τὸν
275 719 350 800 βίον
365 720 509 780 τοσαῦτα
529 719 663 798 ἔχουσαι
677 713 853 797 πράγματα
869 718 939 798 καί,
962 710 1006 790 ὡς
1020 717 1150 798 ἐοικεν,
1175 713 1212 780 ού
1273 762 1274 765 ¹

202 811 292 878 πάνυ
310 807 389 876 οὐδὲ
409 801 507 876 αὗται
524 807 589 875 ὑπὸ
610 817 735 897 χρηστή
750 812 944 897 Εἱμαρμένῃ
967 810 1210 896 ἐγεννήθησαν,

203 909 267 998 ἐγω
289 917 390 995 γοῦν,
416 919 449 977 εί
465 935 521 995 μοι
546 912 672 994 αἵρεσις
695 913 830 994 δοθείη,
858 907 921 976 οῦκ
944 906 987 975 ἀν
1007 907 1212 997 ἀλλαξαίμην

202 1005 285 1091 πρὸς
300 1003 403 1084 αύτάς
418 1004 477 1072 τὸν
494 1008 639 1092 ἐμαυτοῦ
657 1013 749 1092 βίον,
773 1004 856 1074 ἀλλά
873 1008 1007 1091 ἑλοίμην
1023 1003 1067 1074 ἀν
1088 1014 1138 1075 ἐτι
1154 1034 1213 1076 πε-

202 1105 355 1186 νέστερος
379 1107 553 1189 διαβιῶναι
575 1100 659 1188 ήπερ
683 1112 855 1188 καθῆσθαι
878 1104 1023 1171 κλάθων
1045 1104 1212 1190 ἄτρακτον

201 1201 371 1268 τοσούτων
383 1201 586 1286 πραγμάτων
599 1200 731 1286 μεστόν,
746 1204 910 1287 ἐπιτηρῶν
921 1201 1050 1268 ἕκαστα.
1075 1208 1107 1269 εἰ
1120 1202 1157 1269 δὲ
1169 1202 1210 1288 μή

203 1298 320 1387 ῥᾴδιόν
335 1320 388 1366 σοι
400 1295 647 1384 ἀποκρίνασθαι
657 1295 741 1381 πρὸς
756 1297 856 1379 αύτά,
873 1291 899 1365 ά
914 1305 995 1382 Ζεῦ,
1014 1301 1069 1367 καὶ
1080 1299 1212 1377 τούτοις

201 1393 416 1481 ἀγαπήσομεν
428 1391 476 1472 οἷς
487 1391 672 1480 ἀπεκρίνω·
689 1392 787 1462 δκανά
798 1392 863 1480 γάρ
876 1398 1054 1480 ἐμφανίσαι
1064 1393 1128 1462 τὸν
1137 1399 1212 1480 περὶ

201 1500 258 1578 τῆς
272 1493 481 1577 Εἱμαρμένης
498 1494 552 1558 καὶ
566 1498 734 1578 Προνοίας
752 1491 871 1576 λόγον·
899 1490 939 1559 τὰ
960 1491 1059 1561 λοιπά
1078 1495 1116 1562 δὲ
1133 1504 1214 1573 ίσως

203 1587 264 1674 ούχ
279 1592 413 1674 εἵμαρτο
431 1586 575 1656 ἀκοῦσαί
586 1615 652 1676 μοι.

134 2035 185 2088 ειν
413 2015 582 2082 ΖΕΥΣ
616 2014 998 2082 ΤΡΑΓσλιΔΟΣ.

204 2198 231 2260 l.
245 2197 412 2260 ΕΡΜΗΣ.
425 2185 464 2259 Ὠ
473 2199 551 2278 Ζεῦ,
561 2198 595 2260 τί
604 2192 752 2269 σύννους
763 2190 845 2258 κατά
856 2190 960 2278 μόνας
969 2198 1081 2282 σαυτῷ
1090 2200 1211 2280 λαλεῖς,

331 2286 451 2375 ἀχράς,
474 2296 681 2375 περιπατῶν,
704 2285 953 2374 φιλοσόφουτὸ
978 2288 1083 2375 χρῶμ’
1107 2295 1211 2376 ἔχωνς

329 2387 400 2470 ἐμοὶ
416 2386 653 2470 προσανάθου,
674 2389 758 2472 λαβέ
773 2411 814 2471 με
831 2386 1026 2472 σύμβουλον
1045 2386 1175 2472 πόνων,

329 2482 374 2568 μή
389 2485 643 2572 καταφρονήσῃς
660 2487 790 2552 οἰκέτου
805 2489 977 2568 φλυαρίας.

204 2587 375 2648 ΑΘΗΝΗ.
386 2583 453 2648 Ναὶ
462 2583 564 2666 πάτερ
576 2582 722 2668 ήμέτερε,
732 2585 891 2666 Κρονίδη,
901 2577 1005 2647 ῦπατε
1014 2578 1210 2667 κρειόντων,

327 2686 517 2766 γουνοῦμαί
530 2702 566 2747 σε
582 2678 647 2748 θεά
662 2687 868 2766 γλαυκῶπις,
884 2682 1096 2764 τριτογένεια,

329 2778 466 2864 ἐξαύδα,
482 2776 526 2865 μή
542 2786 647 2847 κεῦθε
665 2777 750 2867 νόω,
770 2781 825 2846 ἵνα
843 2783 974 2863 είδομεν
987 2774 1062 2862 ήδη,

132 2892 184 2946 643
328 2882 376 2954 τίς
392 2884 487 2963 μήτις
499 2878 614 2945 δάκνει
626 2896 665 2943 σε
679 2875 760 2944 κατά
779 2878 886 2962 φρένα
903 2878 956 2942 καί
968 2872 1052 2942 κατά
1062 2878 1194 2963 θυμόν,

328 2973 349 3061 ή
366 2980 399 3041 τί
414 2972 501 3061 βαρύ
517 2975 686 3060 στενάχεις
701 2967 806 3060 ἀχράς
822 2975 858 3040 τέ
871 2995 934 3040 σου
951 2966 1016 3040 εἷλε
1033 2973 1191 3058 παρειάςς

200 3078 325 3139 ΖΕΥΣ.
351 3068 425 3139 Οῦκ
440 3079 529 3140 ἐστιν
545 3070 644 3139 οὐδὲν
663 3069 777 3138 δεινὰν
796 3062 857 3137 ὧδ’
875 3074 978 3136 εἰπεῖν
992 3074 1082 3153 ἔπος,

328 3168 406 3238 ούδέ
421 3173 531 3250 πάθος
545 3170 624 3239 οὐδὲ
639 3168 793 3256 ξυμφορὰ
809 3166 1008 3258 τραγῳδική,

326 3259 365 3352 ής
380 3265 441 3335 οῦκ
456 3264 500 3335 ἀν
515 3265 625 3353 ἄραιτ’
642 3265 747 3351 ἀχθος
762 3264 784 3353 ή
798 3274 892 3334 θεῶν
908 3264 1017 3350 φύσις.

201 3367 339 3431 ΑΘΗΝ.
356 3360 539 3449 Ἄπολλον,
557 3366 640 3440 οἵοις
655 3370 824 3451 φροιμίοις
839 3361 930 3447 ἀρχει
944 3360 1066 3447 λόγους
