2575 3842
157 165 218 228 118
513 160 819 227 AOYKIANOY

156 352 265 412 μενος.
288 326 306 394 ό
324 325 354 393 δ’
371 324 471 404 αύτδς
491 330 616 404 ἐκεῖνος
630 331 771 415 δημοσίᾳ
789 328 851 412 μὲν
867 328 977 412 ἰατρός
991 336 1096 415 δῆθεν
1109 322 1164 414 ἦν,

156 421 314 509 ἠπίστατο
332 424 369 491 δὲ
383 421 465 491 κατὰ
481 422 543 509 τὴν
560 425 696 501 Θόωνος
711 431 771 491 τοῦ
786 432 972 510 Αἰγυπτίου
987 442 1130 514 γυναῖκα

262 524 420 609 φάρμακα
443 522 550 591 πολλοὶ
569 523 631 609 μέν
652 522 756 591 έσθλόι
773 529 974 611 μεμιγμένα,
1001 523 1106 593 πολλὰ
1129 526 1164 592 δὲ

773 623 896 707 λυγρά·

159 709 207 785 ὦν
220 716 381 787 ἁπάντων
397 720 603 806 κληρονόμος
615 722 671 787 καὶ
682 718 834 805 διάδοχος
846 712 943 799 οὗτος
959 724 1097 806 ἐγένετο.
1122 714 1164 806 ἦν

158 813 230 884 δδό
252 819 449 895 διδάσκαλος
470 821 594 894 ἐκεῖνος
612 819 667 883 καὶ
688 813 826 901 ἐραστὴς
841 812 878 882 τό
897 820 995 901 γένος
1014 814 1164 894 Τυανεύς

157 923 226 982 τῶν
239 912 448 1004 Ἀπολλωνίῳ
458 922 504 1005 τῷ
518 922 644 981 Τυανει·
652 917 907 998 συγγενομένων
917 918 970 983 καὶ
982 913 1042 1000 τὴν
1053 922 1163 981 πᾶσαν

88 1029 141 1083 214
159 1014 263 1084 αὐτοῦ
279 1021 467 1106 τραγῳδίαν
489 1016 635 1084 εἰδότων.
671 1011 751 1105 ὁρᾷς
773 1018 805 1094 ἐξ
827 1018 899 1093 οἵας
919 1035 972 1083 σοι
996 1021 1164 1101 διατριβῆς

158 1113 343 1197 ἄνθρωπον
358 1118 452 1199 λέγω.

241 1219 273 1279 6.
284 1210 371 1296 Ἤδη
387 1214 422 1279 δὲ
437 1212 598 1297 πόγωνος
611 1208 629 1278 ὁ
641 1208 853 1293 Ἀλέξανδρος
868 1209 1096 1297 πιμπλάμενος
1109 1210 1164 1275 καὶ

158 1315 220 1376 τοῦ
233 1313 388 1387 Τυανέως
400 1312 531 1377 ἐκείνου
546 1307 779 1387 ἀποθανόντος
793 1312 830 1375 ἐν
845 1305 967 1396 ἀπορίᾳ
981 1305 1162 1387 καθεστώς,

159 1403 391 1492 ἀπηνθηκυίας
407 1405 475 1493 ἅμα
491 1413 548 1492 τῆς
563 1405 666 1491 ὥρας,
682 1403 743 1491 ἀφ’
758 1397 798 1491 ἧς
811 1408 994 1491 τρέφεσθαι
1011 1406 1162 1485 ε’δύνατο,

160 1502 270 1571 ούκέτι
287 1501 409 1590 μικρὸν
426 1503 526 1570 οὐδὲν
542 1504 686 1587 ἐπενόει,
709 1500 792 1572 ἀλλὰ
814 1504 1021 1589 κοινωνήσας
1033 1508 1163 1583 Βυζαν-

158 1608 216 1691 τίῳ
235 1603 300 1668 τινὶ
321 1601 542 1691 χρονογρόφῳ
562 1608 631 1667 τῶν
656 1604 843 1668 καθιέντων
867 1605 899 1679 ές
922 1599 1000 1679 τούς
1020 1600 1161 1686 ἀγῶνας,

158 1696 245 1765 πολύ
266 1700 514 1787 καταρατοτέρῳ
537 1696 598 1783 τὴν
621 1697 726 1781 φύσιν
751 1738 786 1748 -
807 1706 989 1777 Κοκκωνᾶς
1012 1703 1047 1765 δὲ
1073 1696 1162 1783 οἶμαι

159 1800 346 1863 ἐπεκαλεῖτο
361 1836 395 1844 -
407 1794 588 1884 περιῄεσαν
598 1794 814 1880 γοητεύοντες
828 1799 881 1864 καὶ
896 1795 1162 1882 μαγγανεύοντες

158 1894 213 1959 καὶ
235 1888 314 1970 τούς
329 1906 441 1977 παχεῖς
457 1899 525 1959 τῶν
541 1888 734 1976 ἀνθρώπων
753 1932 790 1945 -
810 1891 916 1971 οὕτως
935 1892 999 1979 γὰρ
1015 1890 1108 1959 αὐτοὶ
1124 1896 1163 1977 τῇ

159 1996 285 2079 πατρίῳ
300 1996 367 2057 τῶν
384 1991 502 2076 μόγων
516 1997 613 2079 φωνῇ
632 1988 710 2068 τούς
726 1990 871 2068 πολλοὺς
887 1989 1107 2076 ὀνομάζουσιν
1120 2026 1156 2037 -

158 2084 397 2172 ἀποκείροντες.
421 2091 459 2155 ἐν
475 2084 514 2173 δὴ
530 2087 660 2165 τούτοις
674 2089 727 2155 καὶ
740 2090 892 2155 Μακέτιν
904 2101 1046 2173 γυναῖκα
1058 2093 1160 2152 πλου-

158 2193 252 2273 σίαν,
277 2192 401 2272 ἔξωρον
420 2192 498 2273 μέν,
525 2187 684 2271 έρόσμιον
711 2188 746 2254 δὲ
767 2192 814 2254 έτι
835 2184 918 2253 εἶναι
942 2187 1162 2273 βουλομένην,

158 2283 346 2367 ἐξευρόντες
359 2284 583 2352 ἐπεσιτίσαντό
597 2309 632 2350 τε
647 2281 688 2351 τό
705 2281 874 2368 ἀρκοῦντα
891 2280 970 2366 παρ’
989 2280 1090 2368 αὐτῆς
1108 2284 1162 2348 καὶ

157 2382 395 2466 ἠκολούθησαν
409 2387 445 2451 ἐκ
460 2389 517 2469 τῆς
529 2388 694 2459 Βιθυνίας
708 2383 740 2459 ές
755 2380 816 2467 τὴν
826 2387 1052 2450 Μακεδονίαν.
1075 2388 1163 2447 Πελ-

158 2485 233 2546 λαία
249 2480 285 2547 δέ
301 2474 345 2565 ἦν
366 2483 490 2567 ἐκείνη,
516 2482 618 2548 πύλαι
641 2478 703 2564 μέν
726 2478 921 2568 εὐδαίμονος
941 2487 1064 2567 χωρίου
1080 2476 1162 2546 κατὰ

157 2574 237 2654 τούς
259 2584 328 2644 τῶν
343 2580 556 2647 Μακεδόνων
579 2581 749 2666 βασιλέας,
775 2588 840 2647 νῦν
860 2580 896 2647 δέ
917 2575 1092 2655 ταπεινούς
1108 2578 1161 2643 καὶ

157 2672 343 2759 ὀλιγίστους
365 2678 539 2763 οἰκήτορας
554 2684 694 2764 ἔχοντος.
728 2683 756 2747 7.
775 2682 923 2747 ἐνταῦθα
938 2678 1064 2754 ἰδόντες
1080 2675 1162 2759 δρύ-

88 2791 139 2843 215
158 2799 278 2852 κοντας
291 2777 525 2861 παμμεγέθεις,
543 2772 685 2861 ἡμέρους
696 2778 788 2845 πάνυ
800 2781 853 2845 καὶ
866 2777 1038 2859 τιθασούς,
1055 2772 1097 2851 ὡς
1109 2774 1164 2840 καὶ

157 2869 224 2940 ὑπὸ
239 2880 411 2958 γυναικῶν
428 2876 611 2960 τρέφεσθαι
625 2878 680 2943 καὶ
691 2880 836 2955 παιδίοις
849 2876 1095 2962 συγκαθεύδειν
1110 2874 1162 2940 καλ

155 2973 386 3057 πατουμένους
401 2970 579 3060 ἀνέχεσθαι
593 2977 649 3042 καὶ
664 2978 888 3060 θλιβομένους
903 2972 947 3059 μὴ
964 2970 1164 3058 ύγανακτείν

120 3062 125 3069 ’
155 3072 210 3137 καὶ
224 3071 309 3155 γύλα
325 3077 437 3139 πίνειν
457 3071 521 3140 όπδ
538 3080 645 3159 θηλῆς
661 3070 743 3139 κατὰ
760 3070 864 3140 ταύτό
882 3086 949 3150 τοῖς
970 3074 1164 3158 βρέφεσι-

154 3170 270 3236 πολλοὶ
289 3167 325 3236 δέ
340 3176 511 3255 γίγνονται
526 3168 604 3256 παρ’
625 3168 738 3249 αὐτοῖς
752 3177 913 3255 τοιοῦτοι,
936 3167 1021 3237 ὅθεν
1036 3170 1090 3236 καὶ
1103 3165 1164 3236 τόν

154 3268 307 3352 περὶτῆς
330 3264 550 3353 Ὀλυμπιάδος
571 3277 685 3355 μῦθον
709 3273 920 3356 διαφοιτῆσαι
941 3267 1044 3336 πύλαι
1065 3266 1163 3352 είκός,

154 3358 253 3429 ὁπότε
277 3364 366 3431 έκύει
380 3363 442 3432 τόν
460 3365 693 3456 Ἀλέξανδρον,
723 3365 905 3454 δράκοντος
923 3364 1013 3454 οἶμαι
1037 3388 1166 3452 συγκα-
