2575 3842
323 161 566 222 ΑΛΗΘΟῬΣ
586 162 828 220 ΙΣΤΟΡΙΑΣ
845 166 884 221 Α.
1066 156 1107 222 37

26 347 30 356 ·
97 321 263 408 ἀρρηκτον
284 319 316 389 δ’
339 325 408 390 ἐκεί
428 327 574 407 γίγνεται
593 327 655 387 τοῦ
673 322 805 405 θέρμου
820 317 857 387 τό
875 324 974 400 λέπος
996 320 1107 404 ὥσπερ

95 423 208 503 κέρας·
233 418 369 498 ἀσπίδες
384 420 490 488 δὲκαὶ
507 425 585 505 ξίφη
600 413 654 485 οἶα
664 415 705 484 τά
715 414 900 503 Ἑλληνικά,
925 425 974 488 15.
992 418 1106 506 ἐπειδὴ

96 520 131 586 δὲ
146 516 265 602 καιρός
281 511 341 605 ήν,
357 517 512 598 ἐτάξαντο
531 507 612 583 ιδδε·
637 513 675 582 τό
691 514 753 600 μὲν
776 514 886 594 δεξιόν
901 519 999 604 κέρας
1018 517 1106 603 εἶχον

95 621 129 683 οί
136 613 336 701 Ἱππόγυποι
351 617 407 684 καί
428 613 446 684 ὁ
467 612 624 703 βασιλεὺς
640 611 719 692 τούς
736 611 892 696 ἀρίστους
911 618 987 696 περὶ
1001 613 1106 683 αὑτὸν

96 724 195 804 έχων·
220 719 275 786 καὶ
285 715 378 804 ἡμεῖς
390 719 426 785 ἐν
440 716 571 795 τούτοις
581 707 683 802 ήμεν·
706 713 742 783 τό
755 717 791 782 δὲ
804 712 982 799 εύύνυμου
994 718 1027 780 οί
1035 721 1106 780 Λα-

95 817 309 902 χανόπτεροι·
329 813 366 884 τό
383 818 419 885 δέ
436 819 539 903 μέσον
559 819 594 884 οί
612 813 777 900 σύμμαχοι
795 811 839 892 ὡς
853 815 994 881 ἕκαστοι.
1016 808 1053 878 τὸ
1070 809 1105 877 δὲ

96 910 196 994 πεζὸν
209 905 296 998 ήσαν
306 913 369 999 μέν
379 911 464 1000 ἀμφὶ
476 911 535 992 τάς
544 914 760 997 ἑξακισχιλίας
770 911 943 998 μυριάδας.
963 909 1106 994 ἐτάχθη-

97 1033 160 1077 σαν
176 1009 212 1076 δέ
228 1009 351 1088 οὕτως·
379 1009 520 1098 ἀράχναι
537 1009 617 1096 παρ’
636 1009 749 1089 αύτοίς
767 1013 882 1078 πολλοὶ
898 1014 952 1078 καὶ
968 1009 1106 1095 μεγάλοι

95 1114 247 1193 γίνονται
269 1104 356 1176 πολύ
380 1115 447 1176 τῶν
466 1109 657 1178 Κυκλάδων
682 1108 796 1195 νήσων
816 1111 953 1185 ἕκαστος
977 1112 1104 1192 μείζων.

96 1204 228 1282 τούτοις
241 1209 420 1290 προσέταξε
435 1211 597 1294 διυφῆναι
610 1203 671 1272 τὸν
683 1204 805 1291 μεταξύ
820 1213 876 1291 τῆς
887 1205 1038 1291 Σελήνης
1051 1205 1106 1270 καί

95 1309 156 1368 τοῦ
177 1299 374 1388 Ἑωσφόρου
390 1301 483 1387 ἀέρα.
515 1301 559 1382 ὡς
581 1303 617 1370 δέ
641 1303 777 1389 τάχιστα
798 1304 1028 1388 ἐξειργάσαντο
1049 1303 1103 1367 καί
1119 1315 1154 1370 Θλ

95 1404 213 1467 πεδίου
228 1402 403 1486 ἐποίησαν,
420 1403 472 1468 ἐπὶ
489 1401 612 1468 τούτου
629 1405 788 1487 παρέταξε
802 1399 839 1468 τό
855 1401 971 1482 πεζόν·
995 1397 1105 1485 ἡγεῖτο

96 1502 131 1564 δὲ
141 1494 255 1564 αὐτῶν
263 1505 461 1585 Νυκτερίων
470 1497 487 1566 ὁ
495 1496 726 1579 Εὐδιάνακτος
736 1508 844 1585 τρίτος
855 1497 964 1577 αύτός.
978 1503 1026 1566 16.
1038 1504 1106 1564 τῶν

96 1596 132 1662 δὲ
143 1603 314 1682 πολεμίων
325 1594 361 1663 τό
373 1597 435 1683 μέν
448 1595 625 1683 εύάυυμου
637 1595 725 1683 εἶχον
737 1603 770 1666 οί
779 1595 1041 1683 Ἱππομύρμηκες
1051 1597 1106 1661 καί

96 1697 133 1760 ἐν
148 1691 262 1773 αύτοίς
277 1693 295 1762 ὁ
311 1700 473 1764 Φαέθων·
496 1701 601 1781 θηρία
617 1699 657 1763 δέ
670 1699 738 1764 ἐστι
752 1698 905 1781 μέγιστα,
922 1692 1105 1777 ὑπόπτερα,

96 1806 164 1869 τοις
178 1788 259 1875 παρ’
271 1790 352 1877 ήμίν
365 1793 511 1879 μύρμηξι
523 1794 742 1876 προσεοικότα
753 1792 840 1879 πλὴν
852 1801 913 1861 τοῦ
924 1797 1105 1880 μεγέθους·

95 1888 113 1958 ὁ
130 1888 197 1976 γάρ
215 1893 365 1976 μέγιστος
381 1890 493 1958 αύτοθν
509 1894 560 1960 καὶ
575 1896 753 1976 δίπλεθρος
768 1885 822 1978 ἦν.
845 1891 1005 1976 ἐμάχοντο
1018 1893 1054 1956 δὲ
1065 1885 1107 1954 ού

95 1989 204 2074 μόνον
219 1993 253 2056 οί
265 1990 318 2056 ἐπ’
336 1987 463 2074 αύτιιν,
484 1987 568 2058 ἀλλά
585 1993 640 2056 καὶ
657 1985 751 2056 αύτοδ
765 1989 906 2074 μάλιστα
922 2002 991 2064 τοῖς
1008 1989 1107 2070 κέρα-

96 2107 168 2153 σιν·
199 2089 351 2170 ἐλέγοντο
367 2088 404 2155 δέ
426 2079 519 2155 οὗτοι
539 2085 623 2154 εἶναι
638 2084 724 2171 ἀμφὶ
739 2084 798 2163 τὰς
820 2089 917 2151 πέντε
931 2082 1105 2168 μυριάδας.

96 2188 150 2252 ἐπὶ
172 2186 209 2252 δὲ
229 2191 290 2250 τοῦ
311 2188 422 2264 δεξιού
444 2182 558 2252 αὐτῶν
579 2185 769 2270 ἐτάχθησαν
790 2187 824 2250 οἱ
843 2180 1105 2267 Ἀεροκώνωπες,

96 2281 191 2360 ὅντες
207 2285 260 2348 καὶ
276 2273 369 2350 ούτοι
384 2281 468 2368 ἀμφὶ
485 2282 544 2362 τάς
558 2285 657 2350 πέντε
672 2281 853 2369 μυριάδας,
875 2281 997 2358 πάντες
1011 2277 1107 2356 τοξό·

95 2409 150 2449 ται
170 2381 310 2462 κώνωψι
326 2382 482 2467 μεγάλοις
502 2381 737 2500 ἐποχούμενοι
767 2405 848 2466 μετα
836 2378 901 2448 δὲ
917 2379 1058 2456 τούτους
1076 2382 1110 2445 οί

92 2478 367 2565 Ἀεροκόρδακες,
388 2487 483 2561 ψιλοί
500 2504 535 2546 τε
555 2478 649 2556 όυτες
666 2482 721 2546 καί
737 2484 843 2564 πεζοί,
864 2476 952 2566 πλήν
972 2479 1112 2564 μάχιμοί

96 2605 134 2664 γε
159 2581 214 2646 καὶ
238 2569 346 2644 οὗτοι·
380 2577 562 2663 πόρρωθεν
588 2576 653 2662 γάρ
680 2579 896 2663 ἐσφενδόνων
921 2580 1108 2665 ῥαφανίδας

97 2677 356 2765 ὑπερμεγέθεις,
379 2682 433 2746 καὶ
455 2675 472 2745 ὁ
498 2679 636 2765 βληθεὶς
657 2674 731 2743 οὐδ’
754 2673 805 2742 ἐπ’
824 2674 976 2762 ὀλίγον’
958 2679 1109 2760 αντέχειν

96 2777 263 2864 ἠδύνατο,
290 2775 482 2862 ἀπέθνησκε
504 2780 556 2861 δέ,
584 2780 751 2854 δυσωδίας
766 2771 857 2853 τινός
877 2781 923 2864 τῷ
945 2773 1108 2859 τραύματι

96 2878 326 2961 ἐγγινομένης·
340 2877 491 2960 ἐλέγοντο
503 2874 538 2942 δέ
549 2881 655 2960 χρίειν
664 2873 705 2942 τὰ
717 2878 797 2962 βέλη
809 2873 955 2959 μαλάχης
966 2879 1015 2959 ίῷ.
1031 2871 1105 2956 ἐχό-
1121 2887 1156 2943 83

96 3001 192 3060 μενοι
204 2977 241 3041 δὲ
250 2971 363 3040 αὐτῶν
376 2973 563 3058 ἐτάχθησαν
575 2977 609 3040 οί
619 2974 890 3058 Καυλομύκητες,
907 2967 1038 3037 ὁπλῖται
1049 2967 1109 3035 όν-

97 3093 149 3151 τες
160 3075 215 3140 καὶ
227 3069 404 3157 ἀγχέμαχοι
415 3070 451 3139 τό
467 3080 597 3159 πλῆθος
611 3072 742 3158 μύριοι·
762 3072 954 3155 ἐκλήθησαν
966 3073 1002 3136 δὲ
1013 3076 1109 3136 Καυ-

97 3170 299 3257 λομύκητες,
321 3168 371 3236 ὅτι
386 3168 500 3238 ἀσπίσι
513 3173 575 3256 μὲν
590 3176 786 3257 μυκητίναις
800 3171 959 3254 ἐχρῶντο,
988 3168 1108 3253 δόρασι

100 3270 135 3337 δέ
151 3276 324 3347 καυλίνοις
339 3283 407 3348 τοῖς
427 3267 492 3338 ἀπό
508 3278 575 3338 τῶν
591 3267 807 3353 ἀσπαράγων.
837 3274 978 3354 πλησίον
995 3268 1031 3335 δέ
1046 3268 1106 3334 αύ-

99 3377 165 3438 τεθν
180 3374 214 3437 οί
230 3368 467 3455 Κυνοβάλανοι
485 3375 642 3456 έστησαν,
659 3365 718 3445 οὓς
730 3373 881 3453 ἔπεμψαν
896 3365 984 3460 αὐτῷ
1001 3372 1034 3434 οί
1048 3369 1109 3435 τὸν
