2575 3842
258 251 260 254 -
383 212 830 272 ΙΚΑΡΟΜΕΝΙΠΠΟΣ.
1047 212 1110 275 409

93 367 214 456 ᾠήθης
230 368 331 453 ὁράν,
347 375 416 446 πῶς
427 377 492 436 νῦν
503 367 658 453 καθάπερ
669 369 823 454 Λυγκεύς
837 396 885 448 τις
899 370 998 457 άφνω
1009 375 1110 459 γενό-

93 492 198 553 μενος
209 465 339 534 ἅπαντα
354 467 582 554 διαγινώσκεις
593 463 633 533 τά
646 468 698 534 ἐπὶ
710 473 786 552 γῆς,
802 465 881 545 τοῦς
892 465 1107 555 άυθριιπους,

93 563 137 632 τά
154 570 275 650 θηρία,
292 571 413 650 μικροῦ
428 568 498 631 δεῖν
511 561 570 641 τάς
583 573 651 631 τῶν
665 567 813 649 ἐμπίδων
826 565 994 645 νεοττιάςς

184 667 232 730 13.
253 669 364 729 ΜΕΝ.
388 654 441 728 Εὖ
458 687 495 746 γε
511 659 717 748 ὑπέμνησας
740 660 760 730 ὃ
774 660 838 748 γάρ
854 662 996 749 μάλιστα
1010 669 1109 750 ἐχρῆν

95 765 220 845 εἰπεῖν,
236 766 335 826 τοῦτο
354 756 416 826 οῦκ
433 755 497 826 οἶδ’
513 758 602 836 ὅπως
618 763 812 846 παρέλιπον.
836 763 905 828 ἐπεὶ
921 759 985 846 γάρ
1002 759 1108 847 αὐτὴν

95 859 161 941 μὲν
177 855 342 942 ἐγνώρισα
357 855 418 941 τήν
433 863 498 942 γῆν
514 857 615 941 ίδάν,
638 855 679 923 τά
695 855 727 924 δ’
744 856 829 926 ἄλλα
844 858 905 944 οὐχ
920 855 990 937 οίός
1009 885 1044 926 τε
1063 851 1108 944 ῆν

95 963 253 1039 καθορᾶν
268 951 334 1021 ὑπὸ
348 960 410 1021 τοῦ
420 955 552 1040 βάθους
563 951 620 1020 άτε
631 960 688 1039 τῆς
702 953 809 1034 ὅψεως
819 959 934 1041 μηκέτι
946 958 1108 1040 ἐφικνου-

96 1056 218 1138 μένης,
238 1051 327 1118 πάνυ
344 1049 380 1136 μ’
396 1047 474 1136 ῆυία
488 1047 525 1118 τό
546 1056 655 1136 χρῆμα
673 1053 727 1118 καί
747 1048 876 1137 πολλήν
897 1064 1029 1136 παρεῖχε
1046 1047 1107 1136 τῆν

97 1147 253 1232 άπορίαυ.
276 1163 419 1232 κατηφεῖ
431 1150 468 1215 δὲ
488 1146 560 1216 όυτι
578 1173 633 1233 μοι
650 1150 705 1215 καὶ
725 1144 841 1233 ὀλίγον
856 1153 927 1216 δεῖν
944 1152 1109 1232 δεδακρυ-

97 1249 188 1337 μίνφ
200 1248 368 1330 ἐφίσταται
381 1243 551 1313 κατόπινὸ
567 1243 713 1331 φυσικός
724 1243 961 1332 Ἐμπεδοκλῆς,
975 1241 1106 1329 άυθρα-

97 1353 172 1421 πίας
182 1369 231 1420 τις
242 1346 325 1410 ίδεῑν
336 1343 390 1409 καὶ
404 1346 533 1410 σποδοῦ
545 1345 651 1420 πλέως
661 1343 715 1410 καὶ
726 1343 995 1426 κατωπτημένος·
1016 1337 1108 1425 κάγά
1170 1371 1174 1375 ’

97 1444 170 1527 μέν,
187 1437 231 1519 ὡς
246 1439 346 1524 εἶδον,
363 1481 399 1492 -
416 1439 579 1526 εἰρήσεται
593 1441 659 1525 γάρ
669 1480 711 1490 -
721 1436 957 1525 ὑπεταράχθην
967 1443 1026 1505 καί
1032 1463 1109 1504 τινα

98 1547 275 1625 σεληναῖον
292 1543 433 1625 δαίμονα
450 1535 568 1628 ᾠήθην
585 1535 686 1621 ὁρᾶτ’
713 1536 731 1606 ὁ
747 1538 799 1620 δέ,
826 1536 968 1622 Θάρρει,
990 1542 1104 1620 φησίν,
1124 1545 1174 1601 761

100 1631 126 1704 ά
139 1642 306 1722 Μένιππε,

184 1733 275 1811 οὔτις
292 1760 342 1802 τοι
357 1734 438 1811 θεός
455 1740 537 1819 εἰμι,
554 1748 586 1801 τί
598 1731 634 1819 μ’
651 1733 872 1802 άθανάτοισιν
886 1737 1023 1814 έίσκειςς

100 1827 117 1897 ὁ
132 1826 274 1915 φυσικός
288 1821 385 1907 οὗτός
397 1835 464 1914 είμι
476 1826 709 1915 Ἐμπεδοκλῆς·
732 1831 801 1899 ἐπεὶ
811 1829 876 1915 γάρ
892 1833 924 1908 ές
934 1827 1014 1907 τοῦς
1024 1854 1107 1913 κρα-

100 1934 202 2012 τῆρας
222 1924 366 2012 έμαυτδν
383 1927 498 2011 φέρων
519 1928 697 2013 ἐνέβαλον,
722 1924 740 1994 ὁ
761 1927 889 2004 καπνός
908 1952 949 2012 με
969 1923 1034 1992 άπὸ
1050 1931 1108 2009 τῆς

100 2033 224 2109 Αίτνης
246 2020 396 2108 ἁρπάσας
418 2021 512 2108 δεῦρ’
527 2021 692 2110 άυήγαγε,
716 2026 771 2093 καὶ
785 2031 851 2091 νῦν
872 2027 909 2091 έν
928 2030 968 2112 τῆ
985 2023 1109 2109 σελήνη

101 2128 244 2189 κατοικῶ
259 2118 452 2208 άεροβατοῦν
466 2117 506 2188 τά
521 2119 627 2189 πολλά
642 2124 697 2188 καί
712 2128 865 2207 σιτοῦμαι
884 2120 1016 2204 δρόσον.
1036 2118 1108 2205 ῆκω

100 2228 216 2289 τοίνυν
233 2240 270 2287 σε
290 2216 471 2287 άπολάσωυ
484 2226 541 2305 τῆς
563 2220 736 2306 παρούσης
755 2218 912 2305 άπορίας·
939 2216 1019 2307 ιἰυιᾴ
1041 2218 1107 2303 γάρ

101 2339 154 2401 σε,
176 2316 281 2403 οἶμαι,
304 2320 359 2385 καὶ
378 2322 512 2404 στρέφει
535 2314 572 2385 τό
595 2316 639 2404 μῆ
659 2328 774 2405 σαφῶς
794 2316 833 2386 τά
856 2321 909 2386 ἐπὶ
928 2324 989 2404 γῆς
1011 2314 1105 2402 ὁρᾶν.

100 2408 151 2484 Εὖ
167 2441 205 2499 γε
219 2418 390 2501 ἐποίησας,
412 2409 456 2503 ῆν
472 2413 505 2483 δ’
522 2417 603 2502 έγά,
621 2421 768 2505 βέλτιστε
784 2414 1027 2503 Ἐμπεδόκλεις,
1047 2411 1108 2481 κά-

101 2512 218 2582 πειδάυ
229 2516 363 2601 τάχιστα
372 2515 585 2603 κατάπτωμαι
596 2516 700 2583 πάλιν
709 2520 741 2595 ές
750 2513 811 2602 τῆν
819 2512 970 2599 Ἑλλάδα,
981 2508 1109 2600 μεμνή-

104 2633 200 2699 σομαι
214 2616 371 2682 σπένδειν
384 2617 422 2682 τέ
433 2635 487 2682 σοι
500 2617 553 2684 ἐπὶ
567 2623 625 2701 τῆς
639 2615 850 2700 καπνοδόκης
865 2611 930 2681 κάν
943 2628 1013 2692 ταῖς
1026 2638 1109 2679 νου-

104 2717 233 2798 μηνίαις
254 2711 338 2798 πρὸς
353 2713 415 2798 τήν
435 2714 579 2799 σελήνην
594 2715 664 2795 τρὶς
685 2709 834 2798 ἐγχανών
851 2712 1107 2797 προσεύχεσθαι.

100 2806 194 2876 Ἀλλά
210 2806 255 2895 μά
270 2808 330 2875 τόν
342 2807 563 2895 Ἐνδυμίωνα,
579 2803 601 2895 ή
618 2808 650 2876 δ’
670 2808 723 2894 ὅς,
742 2807 815 2894 οὐχί
829 2817 891 2876 τοῦ
906 2814 1034 2894 μισθοῦ
1048 2806 1110 2892 χά-

104 2934 157 2994 ριν
171 2903 330 2994 άφίγμαι,
343 2909 498 2975 πέπονθα
514 2910 553 2975 δέ
563 2934 595 2974 τι
610 2905 674 2993 τήν
691 2904 802 2992 ψυχήν
817 2906 901 2975 ίδάν
912 2926 950 2972 σε
963 2913 1110 2992 λελυπη-

103 3010 211 3093 μένον.
229 3003 312 3090 άτάρ
322 3003 421 3073 οίσθα
431 3003 452 3072 ό
460 3032 491 3072 τι
502 3002 815 3093 δράσαςόξυδερκής
825 3004 968 3092 γενήση;
984 3009 1033 3071 14.
1047 3003 1108 3071 Μά

103 3102 175 3191 Δί’,
193 3098 238 3192 ῆν
250 3102 281 3171 δ’
295 3105 376 3190 έγοί,
393 3100 436 3190 ῆν
450 3101 494 3191 μή
507 3105 550 3172 σύ
563 3131 620 3192 μοι
631 3099 694 3189 τήν
704 3099 810 3189 άχλόν
821 3127 892 3182 πως
906 3101 1031 3190 άφέλης
1042 3100 1107 3169 άπό

102 3212 167 3272 τῦν
182 3202 354 3291 ὀμμάτων·
377 3211 443 3269 νῦν
457 3199 520 3289 γάρ
535 3201 575 3290 δή
591 3209 701 3290 λημᾶν
712 3198 755 3268 οὐ
768 3209 908 3288 μετρίως
922 3207 1020 3270 δοκοῦ.
1043 3203 1108 3268 Καὶ
1127 3212 1179 3272 768

105 3300 167 3388 μῆν
184 3302 285 3371 οὐδέν
299 3329 354 3388 γε,
377 3294 445 3388 ἧδ’
463 3298 517 3387 ὅς,
539 3307 621 3389 ἐμοῦ
642 3304 770 3391 δεήσει·
792 3299 830 3370 τδ
851 3304 915 3390 γάρ
937 3300 1112 3388 ὀξυδερκὲς

19 3407 26 3440 ³⁴
105 3398 200 3480 αῦτός
210 3400 272 3489 ἤδη
284 3408 393 3490 γῆθεν
402 3397 495 3485 ἥκεις
505 3405 597 3488 ἔχων.
624 3412 666 3474 Τί
675 3396 739 3473 οὖν
750 3403 851 3473 τοῦτό
862 3407 968 3482 έστινς
990 3399 1032 3470 οῦ
1043 3399 1108 3489 γάρ
