2575 3842
124 226 126 230 ·
172 191 213 255 58
522 189 828 247 AOYKIANOY

173 351 351 437 στεφάνων
367 354 402 418 αἱ
416 347 556 434 άηδόνες
570 349 625 415 καὶ
634 345 674 412 τά
689 344 773 413 άλλα
787 344 931 431 μουσικά
947 347 1048 433 ὄρνεα
1063 349 1100 414 έκ
1109 356 1179 415 τῶν

172 455 313 534 πλησίον
330 447 503 532 λειμώνων
516 459 584 524 τοίς
599 445 760 530 στόμασιν
774 441 1028 530 ἀνθολογοῦντα
1042 456 1180 514 κατανί-

173 573 229 634 φει
246 543 367 623 αὐτοὺς
386 541 455 629 μετ’
476 542 561 633 ᾠδῆς
575 541 836 627 ὑπερπετόμενα.
859 544 914 609 καί
927 540 995 629 μὴν
1010 545 1065 610 καί
1078 550 1180 629 μυρί-

173 651 282 725 ζονται
298 635 377 710 ῶδε·
397 644 533 728 νεφέλαι
551 641 675 707 πυκναί
690 638 923 706 ἀνασπάσασαι
939 641 1049 725 μόρον
1064 642 1180 706 ἐκτῶν

173 749 290 827 πηγῶν
310 742 440 808 καὶτοῦ
459 745 610 824 ποταμοῦ
628 740 684 806 καί
700 740 872 805 ἐπιστᾶσαι
886 737 970 824 ὑπὲρ
990 735 1026 805 τό
1047 737 1178 823 σνμπό·

173 860 248 907 σιον
260 837 364 926 ἡρέμα
374 844 442 904 τῶν
454 836 587 921 ἀνέμων
598 833 857 921 ὑποθλιβόντων
868 833 967 902 ὕουσι
978 833 1099 902 λεπτὸν
1112 833 1180 902 ῶσ-

173 962 235 1023 περ
250 935 382 1017 δρόσον.
408 939 457 1003 15.
476 936 529 1000 έπὶ
548 933 584 1000 δὲ
600 940 646 1020 τῷ
663 937 785 1023 δείπνῳ
801 940 945 1020 μουσικῇ
959 958 995 1000 τε
1008 936 1064 1000 καί
1078 930 1180 1019 ᾠδαῖς

174 1035 405 1120 σχολάζουσιν·
434 1031 546 1120 ᾅδεται
569 1032 605 1097 δὲ
621 1029 733 1107 αὐτοῖς
745 1028 785 1098 τὰ
801 1037 862 1096 τοῦ
877 1027 1023 1116 Ὁμήρου
1038 1037 1099 1116 ἔπη
1113 1030 1179 1116 μά-

174 1139 283 1200 λιστα·
310 1131 365 1196 καί
382 1127 481 1207 αὐτὸς
502 1126 566 1214 γάρ
584 1127 723 1209 πάρεστι
737 1130 791 1195 καὶ
811 1142 1045 1213 συνευωχεῖται
1067 1126 1179 1204 αὐτοῖς

173 1225 258 1311 ὑπὲρ
269 1223 329 1294 τόν
340 1223 497 1292 Ὀδυσσέα
508 1229 749 1310 κατακείμενος.
765 1230 799 1293 ολ
807 1229 869 1311 μὲν
878 1218 943 1292 οῦν
951 1227 1044 1310 χοροὶ
1054 1227 1090 1292 έν
1102 1232 1179 1290 παί·

174 1329 243 1392 δων
266 1326 327 1392 είσί
347 1325 401 1390 καί
421 1326 617 1407 παρθένων·
647 1323 818 1408 ἐξάρχουσι
837 1321 875 1388 δὲ
896 1324 951 1388 καί
972 1322 1178 1410 συνᾴδουσιν

173 1422 328 1507 Εὔνομός
338 1445 373 1487 τε
386 1417 403 1487 ὁ
414 1415 543 1502 Λοκρὸς
555 1420 609 1485 καὶ
619 1415 738 1503 Ἀρίων
748 1417 767 1486 δ
776 1422 916 1506 Λέσβιος
927 1421 983 1486 καὶ
992 1417 1178 1502 Ἀνακρέων

174 1523 229 1590 καὶ
243 1525 461 1606 Στησίχορος·
484 1520 539 1585 καί
552 1516 616 1603 γάρ
628 1525 750 1585 τοῦτον
760 1515 839 1601 παρ’
852 1514 964 1594 αῦτοίς
976 1515 1177 1602 ἐθεασάμην,

172 1618 236 1706 ἡδη
257 1625 314 1702 τὴς
328 1615 461 1700 Ἑλένης
480 1613 569 1704 αὐτῷ
591 1617 839 1700 διηλλαγμένης.
872 1612 1009 1682 ἐπειδάν
1028 1616 1064 1682 δέ
1085 1607 1178 1682 οὗτοι

173 1715 367 1782 παύσωνται
375 1711 520 1800 ᾅδοντες,
529 1711 684 1796 δεύτερος
691 1708 789 1796 χορός
797 1712 1178 1797 παρέρχεταιέκκόκνων

173 1815 228 1880 καὶ
238 1810 421 1897 χελιδόνων
436 1812 490 1876 καί
502 1807 668 1893 άηδόνων.
689 1808 825 1877 έπειδάν
836 1809 873 1878 δέ
888 1813 944 1878 καί
957 1803 1049 1878 οὗτοι
1061 1809 1177 1898 ᾇσωσι,

173 1911 246 1978 τότε
261 1907 323 1996 ἡδη
337 1906 357 1996 ἡ
372 1917 461 1975 πάσα
477 1905 541 1992 ὕλη
557 1910 696 1978 έπανλεῑ
706 1916 775 1976 τῶν
785 1906 919 1995 άνέμων
933 1909 1175 1994 καταρχόντων.

105 2024 156 2079 114
174 2014 225 2076 16.
242 2011 397 2094 μέγιστον
413 2004 449 2072 δέ
464 2001 503 2090 δὴ
521 2003 604 2088 πρὸς
618 2005 835 2092 εὐφροσύνην
847 2008 954 2074 έκεῖνο
965 2011 1091 2091 έχουσι·
1113 2030 1176 2090 πη-

171 2113 232 2193 γαί
246 2110 308 2173 είσι
329 2105 391 2171 δύο
411 2101 500 2186 παρά
522 2100 559 2170 τὰ
581 2105 785 2189 συμπόσιον,
805 2100 827 2189 ἡ
845 2104 908 2189 μέν
922 2107 1078 2189 γέλωτος,
1100 2103 1121 2189 ἡ
1142 2102 1178 2169 δὲ

172 2205 309 2292 ἡδονῆς·
333 2206 368 2271 ἐκ
380 2202 509 2270 τούτων
525 2203 679 2286 ἑκατέρας
690 2202 812 2280 πάντες
825 2206 862 2270 έν
875 2199 958 2291 άρχη
969 2210 1027 2289 τὴς
1042 2200 1179 2287 εὐωχίαις

172 2310 308 2370 πίνουσι
322 2301 376 2366 καὶ
392 2296 428 2365 τό
446 2295 565 2366 λοιπόν
579 2297 737 2385 ἡδόμενοι
748 2302 803 2368 καί
816 2308 977 2385 γελῶντες
990 2301 1156 2387 διάγουσι.

259 2402 306 2466 17.
324 2396 494 2481 Βούλομαι
510 2398 545 2463 δὲ
562 2402 665 2464 εἰπεῖν
679 2399 734 2466 καὶ
753 2404 821 2464 τῶν
836 2399 1006 2484 ἐπισήμων
1023 2396 1179 2473 οὕστινας

173 2492 253 2576 παρ’
272 2491 383 2571 αὐτοῖς
399 2491 606 2578 ἐθεασάμην·
629 2495 757 2573 πάντας
773 2493 836 2579 μέν
851 2493 930 2572 τοῦς
946 2492 1108 2581 ἡμιθέους
1124 2495 1180 2561 καὶ

171 2589 250 2669 τοῦς
262 2591 421 2660 έπὶἼλιον
432 2591 697 2674 στρατεύσαντας
707 2592 795 2678 πλήν
806 2618 844 2678 γε
854 2599 915 2659 τοῦ
925 2597 1063 2676 Λοκροῦ
1072 2599 1178 2658 Δίαν-

171 2715 242 2765 τος·
265 2691 393 2756 ἐκεῖνον
411 2687 447 2755 δέ
461 2687 568 2772 μόνον
583 2694 732 2774 ἔφασκον
745 2691 783 2756 έν
796 2697 843 2778 τῶ
856 2696 926 2756 τῶν
937 2686 1068 2775 ἀσεβῶν
1081 2687 1179 2776 χῶρφ

171 2786 380 2866 κολάζεσθαι.
398 2785 580 2872 βαρβάρων
591 2785 627 2854 δέ
639 2787 776 2873 Κύρους
785 2813 821 2854 τε
832 2784 1042 2872 ἀμφοτέρους
1052 2788 1108 2853 καί
1118 2781 1179 2852 τόν

170 2880 521 2968 ΣκάθηνἏνάχαρσιν
530 2883 586 2950 καὶ
597 2883 659 2950 τόν
667 2892 782 2972 Θρᾷκα
792 2883 959 2969 Ζάμολξιν
969 2886 1024 2950 καί
1034 2889 1179 2969 Νουμᾶν

169 2980 229 3049 τὸν
241 2979 441 3065 Ἰταλιώτην,
456 2982 512 3048 καί
525 2978 592 3067 μὴν
608 2983 665 3050 καὶ
676 2988 880 3066 Λυκοῦργον
892 2978 954 3048 τόν
968 2981 1179 3066 Λακεδαιμό-

168 3104 245 3145 νιον
260 3082 314 3146 καὶ
327 3086 491 3147 Φωκίωνα
502 3081 557 3146 καί
571 3083 696 3147 Τέλλον
711 3075 790 3156 τοῦς
800 3075 1015 3166 Ἀθηναίους,
1031 3081 1087 3146 καί
1100 3075 1180 3157 τοῦς

168 3173 297 3261 σοφοῦς
312 3173 397 3241 άνευ
410 3177 633 3261 Περιάνδρου.
668 3175 758 3244 εἶδον
779 3175 816 3243 δέ
837 3177 892 3243 καὶ
911 3177 1100 3262 Σωκράτην
1119 3173 1179 3245 τόν

168 3280 416 3358 Σωφρονίσκου
439 3270 683 3358 ἀδολεσχοῦντα
704 3271 785 3360 μετά
801 3273 971 3358 Νέστορος
992 3275 1046 3343 καί
1062 3281 1178 3342 Παλα-

167 3370 307 3458 μὴδους·
337 3374 412 3456 περὶ
437 3372 472 3440 δὲ
490 3369 594 3439 αὐτόν
616 3365 703 3459 ἡσαυ
717 3370 897 3450 Ὑάκινθός
915 3399 949 3440 τε
973 3370 1176 3442 ὁΛακεδαι-
