2575 3842
185 131 207 196 6
559 137 865 196 AOYKIANOY
901 166 905 172 <

186 297 307 362 ἐνίοτε·
330 292 402 362 ἀλλ’
416 296 452 360 έν
469 302 574 384 καιρῷ
589 303 634 385 τῷ
649 294 851 380 προσήκοντι
863 300 1053 365 ἐπαινετέον
1069 300 1123 365 καὶ
1133 302 1199 383 μέ-
1276 286 1279 367 ἶ

185 416 267 475 τρον
282 393 441 458 ἐπακτέον
455 399 501 482 τῷ
512 392 694 479 πράγματι,
710 391 747 459 τδ
758 391 803 478 μή
817 393 957 479 ἐπαχθές
968 409 1036 473 τοῖς
1051 392 1197 478 ὕστερον

186 485 474 574 ἀναγνωσομένοις
486 486 586 574 αὐτά,
606 492 659 557 καὶ
676 487 761 567 ὅλως
776 489 858 574 πρὸς
873 490 912 558 τά
928 497 1039 559 ἔπειτα
1057 517 1197 559 κανονι-

134 605 168 658 12
187 592 283 657 στίον
297 587 337 657 τά
353 596 505 674 τοιαῦτα,
528 589 612 676 άπερ
628 589 750 674 μικρόν
766 591 907 678 ὕστερον
922 595 1137 678 ἐπιδείξομεν.
1161 599 1197 660 οἳ

186 687 222 755 δὲ
238 696 365 756 οίονται
389 695 496 764 καλῶς
519 691 660 773 διαιρεῖν
681 691 713 768 ἐς
735 690 797 756 δύο
817 687 879 776 τήν
899 696 1063 776 ἱστορίαν,
1092 695 1138 767 είς
1155 686 1194 756 τδ

185 784 337 871 τερπνόν.
348 788 401 853 καὶ
417 786 595 871 χρήσιμον,
616 790 670 852 καὶ
692 784 746 854 διά
764 794 861 855 τοῦτο
878 794 1062 855 εἰσποιοῦσι
1079 790 1132 854 καὶ
1154 784 1193 853 τὸ
1277 810 1278 883 3

186 885 351 971 έγκῶμιον
370 886 402 962 ἐς
418 880 523 969 αὐτὴν
545 881 588 960 ῶς
603 882 748 968 τερπνόν
763 887 818 952 καὶ
837 884 1021 972 εὐφραῖνον
1037 884 1117 962 τοὺς
1136 887 1197 951 εὐ-
1277 934 1278 943 ι

186 983 426 1069 τυγχάνοντας,
445 979 525 1071 ὁρᾷς
540 979 620 1050 ὅσον
630 981 800 1069 τάληθοῦς
812 983 1036 1071 ήμαρτήκασι;
1057 992 1195 1070 πρῶτον

187 1081 248 1166 μὲν
262 1081 408 1169 κιβδήλῳ
422 1087 461 1168 τῇ
478 1084 634 1166 διαιρέσει
651 1083 830 1168 χρώμενοι·
854 1086 892 1151 ἓν
906 1081 971 1168 γάρ
986 1089 1084 1168 ἔργον
1099 1085 1194 1150 ίστο-

186 1186 259 1262 ρίας
270 1182 324 1247 καὶ
337 1183 445 1264 τέλος,
460 1177 497 1247 τό
512 1181 692 1266 χρήσιμον,
708 1181 791 1268 ὅπερ
803 1186 838 1250 ἐκ
848 1192 910 1250 τοῦ
923 1181 1072 1267 ἀληθοῦς
1082 1183 1194 1267 μόνου

187 1277 373 1362 συνάγεται.
394 1276 431 1344 τό
445 1275 590 1361 τερπνόν
605 1277 640 1345 δὲ
655 1275 792 1364 άμεινον
803 1282 865 1365 μὲν
877 1287 907 1348 εί
920 1282 973 1347 καὶ
989 1275 1070 1346 αῦτδ
1081 1303 1193 1364 παρα-

186 1374 444 1461 κολουθήσειεν,
463 1373 574 1457 ῶσπερ
592 1377 647 1443 καὶ
663 1377 782 1456 κάλλος
796 1375 943 1467 ἀθλητῇ,
958 1383 989 1446 εί
1001 1380 1037 1444 δὲ
1051 1377 1113 1464 μή,
1129 1375 1193 1444 οῦ-

186 1475 243 1540 δὲν
257 1471 399 1546 κωλύσει
414 1469 474 1558 ἀφ’
493 1469 695 1556 Ἡρακλέους
710 1478 868 1560 γενέσθαι
887 1477 942 1544 καὶ
958 1475 1192 1559 Νικόστρατον

137 1579 170 1634 13
185 1567 359 1656 Ἰσιδότου,
374 1570 542 1656 γεννάδαν
557 1570 637 1638 ὄντα
654 1574 708 1640 καὶ
723 1580 792 1640 τῶν
805 1571 1059 1659 ἀνταγωνιστῶν
1077 1572 1187 1638 ἑκατέ·

187 1693 257 1752 ρων
274 1665 515 1753 ἀλκιμῶτερον,
540 1674 570 1737 εί
585 1666 685 1747 αῦτδς
704 1673 765 1754 μὲν
787 1681 951 1756 αἴσχιστος
971 1667 1122 1756 ὀφθῆναι
1139 1677 1189 1753 είη

186 1761 247 1849 τήν
261 1761 356 1851 ὄψιν,
368 1763 515 1843 ’Λλκαῑος
529 1765 564 1833 δέ
578 1763 595 1833 ὁ
611 1764 711 1845 καλός
724 1765 742 1834 ὁ
755 1769 920 1853 Μιλήσιος
935 1765 1187 1851 ἀνταγωνίζοιτο

186 1859 293 1952 αὐτῷ,
310 1863 364 1931 καὶ
375 1864 556 1949 ε’ροίμενος,
574 1861 617 1941 ῶς
628 1884 727 1950 φασι,
742 1871 802 1930 τοῦ
812 1863 1044 1950 Νικοστράτου
1056 1861 1112 1930 ῶν.
1135 1864 1187 1929 καὶ

185 1968 301 2028 τοίνυν
324 1957 344 2046 η
366 1966 510 2047 ίστορία,
539 1963 645 2047 εἰμὲν
666 1960 773 2040 άλλως
790 1959 826 2029 τό
851 1958 994 2044 τερπνόν
1016 1985 1188 2045 παρεμπο-

185 2059 357 2144 ρεῦσαιτο,
380 2059 525 2138 πολλοὺς
543 2055 585 2126 ἀν
605 2059 683 2138 τοῦς
706 2057 843 2144 ἐραστάς
858 2058 1089 2141 ἐπισπάσαιτο,
1114 2055 1188 2142 ἀχρι

185 2155 215 2225 δ’
233 2154 277 2226 ἀν
297 2162 350 2226 καλ
368 2160 475 2244 μόνον
492 2166 548 2246 ἔχη
564 2158 600 2226 τὸ
619 2163 707 2242 ίδιον
723 2159 863 2243 ἐντελές,
889 2160 974 2242 λέγω
995 2156 1031 2223 δὲ
1051 2153 1113 2241 τήν
1132 2163 1187 2240 τῆς

184 2255 342 2342 ἀληθείας
356 2257 517 2342 δήλωσιν,
534 2254 647 2340 ὀλίγον
661 2263 721 2324 τοῦ
732 2257 876 2334 κάλλους
891 2270 1051 2342 φροντιεῖ.
1074 2261 1123 2323 10.
1141 2259 1188 2321 ἔτι

69 2425 85 2434 ,
183 2352 317 2428 κάκεῖνο
335 2360 439 2422 εἰπεῖν
454 2352 564 2438 ἀξιον,
589 2353 639 2422 ότι
661 2351 740 2422 οῦδὲ
761 2351 906 2440 τερπνόν
923 2359 960 2421 ἐν
977 2352 1060 2443 αὐτῇ
1074 2351 1111 2420 τδ
1129 2377 1188 2419 κο-

134 2467 168 2522 14
186 2455 265 2538 μιδή
280 2455 436 2537 μυθῶδες
454 2455 509 2520 καὶ
528 2451 565 2520 τδ
592 2460 659 2520 τῶν
682 2456 826 2521 ἐπαίνων
846 2452 987 2539 μάλιστα
1005 2453 1189 2536 πρόσαντες

184 2546 264 2634 παρ’
283 2549 439 2636 ἑκάτερον
454 2565 522 2630 τοῖς
536 2549 735 2635 ἀκούουσιν,
758 2546 803 2636 ήν
814 2550 858 2637 μὴ
873 2548 933 2617 τδν
947 2549 1117 2637 συρφετόν
1133 2552 1186 2617 καὶ
1277 2552 1278 2557 ’

183 2644 244 2715 τδν
257 2646 366 2715 πολῦν
383 2653 489 2735 δῆμον
504 2654 652 2740 ἐπινοῇς,
668 2647 751 2719 ἀλλά
767 2647 845 2728 τοῦς
864 2655 1060 2728 δικαστικῶς
1076 2654 1131 2720 καί
1145 2647 1187 2736 νή

183 2753 250 2816 Δία
270 2757 524 2834 συκοφαντικῶς
537 2753 671 2834 προσέτι
686 2774 724 2834 γε
744 2745 1029 2835 ἀκροασρμένονς,
1051 2747 1111 2827 οῦς
1125 2746 1188 2815 οῦκ

183 2843 226 2915 ἀν
236 2873 266 2912 τι
278 2845 379 2915 λάθοι
390 2847 621 2934 παραδραμόν,
634 2845 791 2929 ὀξύτερον
802 2846 864 2931 μὲν
873 2853 934 2912 τοῦ
942 2845 1067 2932 ’Ἀργοῦ
1079 2845 1189 2932 ὁρῶν-

182 2972 240 3022 τας
261 2949 313 3014 καὶ
335 2947 547 3032 πανταχόθεν
564 2953 624 3013 τοῦ
647 2943 812 3030 σώματος,
839 2942 1129 3032 ἀργυραμοιβικῶς
1151 2946 1187 3012 δὲ

182 3051 250 3110 τῶν
263 3046 452 3131 λεγομένων
469 3048 588 3114 ἕκαστα
603 3042 825 3127 ἐξετάζοντας,
847 3041 890 3120 ῶς
906 3041 946 3109 τά
962 3044 1024 3128 μὲν
1040 3069 1187 3129 παρακε-

182 3144 330 3228 κομμένα
343 3141 447 3220 εὐθὺς
459 3141 690 3229 ἀπορρίπτειν,
706 3144 951 3226 παραδέχεσθαι
963 3141 998 3208 δὲ
1014 3139 1053 3209 τά
1066 3143 1187 3227 δόκιμα

181 3241 236 3306 καί
254 3245 377 3325 ἔννομα
392 3244 447 3308 καὶ
458 3239 579 3328 ἀκριβῆ
593 3237 654 3308 τδν
664 3240 788 3322 τόπον,
804 3237 887 3322 πρός
902 3237 962 3320 οῦς
977 3236 1187 3328 ἀποβλέπον-

180 3362 220 3404 τα
243 3335 304 3423 χρή
329 3339 553 3424 συγγράφειν,
577 3346 644 3407 τῶν
666 3339 701 3406 δὲ
723 3336 835 3407 ἀλλων
855 3336 967 3424 ὀλίγον
988 3345 1185 3427 φροντίζειν,
