2575 3842
509 179 742 230 PRAEFATIO.
1135 196 1161 231 εκ

18 335 26 364 ι
81 307 205 380 ἅπαντα]
225 306 360 363 ἁπάντων
378 314 465 366 Cobet.
485 331 510 379 p.
528 316 571 366 43.
607 331 629 365 ο.
648 315 683 365 23
700 307 850 382 βαρβάρων
867 331 919 366 rec.
939 332 996 365 eum
1019 317 1095 369 Dind.
1118 334 1164 382 pro

80 376 223 450 βάρβαρον
262 400 284 436 ο.
303 385 338 434 24
354 375 425 446 μηδ’
439 375 606 448 ἀναγκαῖον]
627 384 705 445 „fori
722 378 812 447 μηδὲν
830 379 955 434 οίκείον“
975 385 1060 435 Cobet.
1076 402 1102 449 p.
1118 385 1163 440 39.

81 470 102 503 ο.
117 454 153 504 25
170 466 208 500 αν
229 463 286 516 post
304 443 466 516 οἷγνοήσειεν
483 469 541 502 cum
554 453 631 502 Diud.
655 452 687 501 de
705 469 762 502 mea
777 455 920 504 coniectura
937 454 1034 508 addidi.
1058 455 1118 505 ibid.
1133 449 1165 504 τὸ

80 513 215 585 α’νδρεὶον
230 537 281 571 τοο.
296 536 343 586 pro
354 515 404 570 τὸν
417 513 550 584 ἀνδρεῖον
586 522 646 572 ibid.
662 515 743 585 ἡμεῖς
756 513 822 570 odii
835 538 884 572 reo.
900 538 944 587 pro
960 515 1042 586 ἡμεῖς
1056 516 1087 572 ii
1100 515 1166 575 odii

148 589 265 643 Eunucb.
283 607 305 639 ο.
319 589 335 640 3
349 605 400 642 τοο.
416 605 472 639 cum
488 591 564 642 Dind.
581 606 664 640 meam
677 592 845 640 coniecturam
862 580 1013 656 έκείνοιςῆ
1032 608 1078 657 pro
1097 585 1167 642 ἑκεί-

16 669 18 688 *
83 673 142 714 νοις
155 650 203 713 τός.
241 657 334 710 Urban.
351 657 485 722 (Adime.
499 675 582 724 graec.
598 659 611 708 1
627 675 653 722 p.
670 657 758 723 262.);
775 651 858 709 οῦδὲν
871 647 890 723 ἢ
904 651 994 709 έκεῖνο
1012 657 1080 717 ἴσως
1110 661 1166 713 οῦ

80 722 127 775 καλ
147 719 244 792 ίερτῦν]
265 727 411 776 hauddubie
429 729 591 778 scribendum
611 723 736 776 καὶτῶν
759 721 842 793 ἱεροῦν
872 747 894 781 υ.
914 728 943 779 11
966 726 1005 794 τῷ
1022 725 1165 796 περὶτῆς]

80 793 117 862 τῷ
132 793 184 858 τῆς
193 795 269 845 Dind.
298 797 358 846 ibid.
373 786 447 862 αῦτῷ
460 799 551 860 scripsi
565 811 610 858 pro
623 810 697 844 αυτω
725 815 746 847 c.
763 799 796 847 12
809 791 994 864 βραττόμενος
1007 798 1084 848 Dind.

16 907 18 930 5
149 866 190 914 De
206 868 296 918 οείνοί.
310 865 325 914 1
340 855 445 913 αῦτέων
464 873 488 914 et
506 856 607 915 αῦτέυυ
622 881 678 914 ουτω
694 867 752 915 eod.
765 881 811 930 pro
829 857 922 915 αὐτῶν
940 878 965 916 ei
982 858 1068 915 αῦτοῦ
1105 868 1167 920 ibid.

80 929 222 996 μαντηΐης
243 948 301 982 cum
320 935 377 983 eod.
396 948 443 997 pro
461 931 594 998 μαντείης
628 934 688 983 ibid.
713 925 857 998 ἀληθηίης
877 952 933 984 eum
957 938 1014 986 eod.
1032 951 1078 1000 pro
1100 927 1166 999 α’λη·

81 1000 163 1064 θείης
196 1016 218 1054 ο,
234 1003 251 1050 2
270 997 500 1064 μαντευομένοισι
519 1018 575 1053 cum
593 1005 650 1053 eod.
668 997 950 1067 ρτομαντευομένοις
979 1005 1040 1055 ibid.
1057 998 1168 1068 μισέου-

81 1069 140 1136 σιν]
164 1063 292 1132 μισέουσι
310 1070 346 1121 id.
389 1071 449 1123 ibid.
469 1063 532 1120 οῦτε
550 1063 674 1132 αῦλητέω
695 1088 753 1121 cum
772 1074 829 1126 eod.
853 1090 885 1124 ex
909 1089 967 1123 mea
990 1074 1168 1124 emendatione

99 1156 127 1189 ro
141 1131 209 1188 οῦδὲ
222 1131 344 1202 αῦλητέω
369 1155 390 1188 ο.
405 1139 421 1190 3
434 1130 554 1204 έδόκεεν]
570 1131 663 1189 έῦόκεε
675 1141 711 1189 id.
738 1132 910 1191 ο.4αυ’τέων
922 1158 969 1207 pro
981 1135 1073 1190 αὐτῶν
1103 1143 1166 1193 ibid.

80 1155 250 1257 inizsiiovd
269 1209 345 1261 Dind.
380 1223 403 1258 ο.
418 1210 435 1259 5
448 1195 511 1258 οόσι
526 1204 703 1272 Αἰγυπτίοισι
721 1211 757 1260 id.
780 1203 907 1274 κινήσιος
920 1212 1010 1275 scripsi
1022 1227 1070 1276 pro
1089 1201 1168 1274 κινή-

16 1297 19 1316 ¹
82 1291 150 1333 σεως
176 1293 200 1331 ο.
214 1276 231 1327 6
246 1270 359 1342 πολλόν]
378 1276 470 1344 πολλῷ
486 1279 522 1330 id.
550 1269 651 1329 ibidiv
666 1279 701 1328 id.
716 1281 772 1328 sine
787 1283 868 1329 uncis.
895 1278 1032 1346 ibidgqia]
1045 1272 1113 1339 ζόια
1130 1281 1166 1330 id.

80 1347 142 1398 ibid.
156 1337 251 1394 αὐτῶν
271 1348 307 1400 id.
342 1363 364 1400 ο.
385 1347 401 1395 7
421 1345 534 1413 μοίρῃσι
555 1349 591 1400 id.
623 1348 684 1397 ibid.
703 1340 814 1413 σέβουσι
834 1350 871 1399 id.
896 1348 957 1399 ibid.
974 1348 1113 1399 κτείνουσι
1130 1351 1166 1400 id.

80 1416 142 1466 ibid.
156 1405 266 1471 αῦτέοις
287 1431 345 1465 cum
363 1415 420 1464 eod.
441 1431 488 1481 pro
507 1409 603 1472 αότυίς
636 1417 696 1466 ibid.
712 1407 843 1478 ἱρότατον
857 1433 903 1481 pro
917 1408 1076 1478 ίεροίτατον.
1090 1418 1166 1467 Dind.

83 1475 222 1546 ἱρότατον
254 1500 276 1534 ο.
295 1484 312 1535 8
330 1476 446 1532 τουτέου
461 1501 519 1534 cum
537 1486 594 1537 eod.
614 1501 660 1549 pro
678 1480 778 1534 τοῦτον
809 1504 831 1538 ο.
849 1485 867 1536 9
883 1485 1014 1544 τουτέους
1032 1502 1088 1537 oum
1109 1488 1166 1537 eod.

81 1569 135 1672 {vicii
145 1544 262 1636 τρόρους
303 1569 324 1602 ο.
341 1553 376 1670 lg)
393 1546 549 1638 προήρεγκε
562 1546 776 1673 ἱζῃίρρελιέγίηέ
794 1556 993 1687 οοτὲἰάεοὲἰᾷορω
1010 1550 1167 1676 ίερέλορέηιν

82 1636 552 1756 iiiiii..iiiiiiiddii.
569 1639 629 1740 {ii
649 1637 936 1757 baidsai...
950 1638 1078 1758 iiiii
1103 1640 1167 1744 iia:

81 1757 191 1807 τιυοιιι
208 1758 244 1811 id.
269 1758 329 1808 ibid.
342 1739 419 1822 χερσί
439 1761 476 1810 id.
500 1761 561 1809 ibid.
574 1752 641 1818 idm
654 1761 690 1811 id.
718 1761 781 1810 κω.
794 1755 938 1824 iniusti.
964 1764 1023 1815 κισ.
1037 1754 1168 1811 ἐπαίτιοι

82 1829 117 1880 id.
145 1827 208 1880 ibid.
230 1819 256 1873 εί
275 1820 305 1876 δέ
327 1844 383 1878 oum
403 1830 460 1880 eod.
483 1839 584 1878 auctore
601 1829 720 1879 Weviero
740 1845 787 1893 pro
808 1818 845 1893 ἢν
863 1821 895 1878 di
927 1846 949 1884 ο.
970 1833 1003 1882 12
1020 1833 1094 1881 τοῖσι
1103 1821 1162 1879 Ἕλ-

81 1897 144 1960 λησι
170 1897 207 1946 id.
248 1896 308 1946 ibid.
328 1889 531 1960 μυθολογέουσι
559 1899 595 1949 id.
636 1899 698 1947 ibid.
724 1889 824 1947 αότέου
849 1915 907 1948 cum
932 1901 990 1952 eod.
1014 1917 1061 1965 pro
1083 1890 1169 1949 aizoi

83 1982 104 2017 ο.
124 1965 157 2015 13
178 1956 304 2026 ἄστροισι
322 1966 358 2018 id.
390 1981 413 2016 ο.
434 1967 467 2017 15
486 1957 605 2026 Ἰκάριον
630 1982 689 2014 cum
708 1969 765 2017 eod.
784 1983 831 2031 pro
852 1959 986 2028 Ἰκοίρεισν
1025 1985 1047 2018 ο.
1068 1970 1166 2022 16νο·
1196 1974 1201 1982 ¹

82 2029 191 2096 μίζουσι
209 2034 244 2082 id.
276 2034 335 2085 ibid.
359 2025 513 2098 ένόμφευσε
530 2036 565 2086 id.
598 2051 621 2084 ο.
639 2035 672 2084 17
692 2025 796 2084 αὐτέων
815 2050 862 2100 pro
881 2029 974 2086 αὐτῶν
1006 2055 1029 2090 τ.
1051 2037 1083 2088 19
1100 2028 1169 2085 α’πέ-

82 2100 156 2150 θανε
169 2102 205 2151 id.
234 2103 293 2154 ibid.
312 2093 438 2166 ἡνιόχευε
453 2104 489 2154 id.
520 2105 581 2154 ibid.
598 2098 744 2166 διέφθειρε
761 2104 796 2154 id.
822 2104 882 2153 ibid.
897 2097 949 2152 είσι
962 2107 999 2158 id.
1029 2106 1089 2155 ibid.
1106 2118 1169 2153 aii·-

83 2165 180 2220 λαόυσι
196 2171 231 2220 id.
264 2188 285 2220 ο.
296 2172 330 2222 20
345 2174 418 2220 τοῖσι
433 2173 469 2222 id.
503 2173 563 2224 ibid.
578 2163 757 2234 οἷνθρόττοισι
775 2173 812 2225 id.
845 2172 906 2222 ibid.
925 2169 1167 2222 οἰκοδεσποτέουσι

83 2241 116 2289 id.
153 2239 217 2293 ibid.
236 2232 324 2303 χρόην
343 2257 400 2290 cum
417 2242 474 2295 eod.
495 2257 543 2306 pro
562 2240 662 2305 χροίην
698 2257 721 2293 ο.
742 2242 774 2291 21
794 2233 828 2288 οῦ
846 2233 897 2303 μέν
914 2229 957 2290 τόν
972 2257 1030 2292 cum
1044 2243 1102 2295 eod.
1119 2257 1166 2306 pro

83 2301 222 2372 οῦμενουν
257 2309 317 2358 ibid.
335 2302 566 2374 ἔδησε-ἔρριψε
576 2337 611 2347 -
621 2308 763 2372 νομιζουσι
775 2304 930 2372 -λέγουσι
947 2312 983 2361 id.
1020 2328 1042 2360 ο.
1063 2313 1097 2362 22
1115 2303 1167 2374 μοί-

82 2376 162 2426 λιστα
181 2369 212 2425 d’
230 2367 260 2425 έκ
283 2393 339 2428 cum
359 2379 415 2428 eod.
435 2386 539 2428 auctore
557 2379 698 2428 Fritzschio
721 2394 767 2442 pro
807 2369 905 2427 άλιστα
925 2373 957 2429 iv
990 2379 1050 2430 ibid.
1067 2371 1166 2444 οἶστρο-

16 2427 20 2450 '
82 2443 206 2508 λογίουσι
224 2447 261 2495 id.
298 2462 321 2500 ο.
333 2446 366 2497 23
380 2446 531 2512 μαντηίησι
550 2448 585 2497 id.
614 2448 674 2498 ibid.
695 2443 764 2511 πρὶν
779 2393 816 2495 όν
830 2439 877 2512 δὴ]
896 2445 966 2509 πρὶν
982 2440 1018 2512 δὴ
1035 2450 1070 2499 id.
1104 2451 1165 2504 ibid.

81 2514 220 2579 Δελφοῖσι
237 2530 294 2563 cum
310 2517 370 2564 eod.
388 2531 435 2580 pro
452 2516 575 2575 Δελφοῖς
616 2533 636 2566 ο.
657 2518 691 2566 24
712 2508 805 2565 ἐδόκεε
821 2544 853 2552 -
872 2503 945 2580 ἦλθε
961 2519 996 2567 id.
1026 2518 1086 2571 ibid.
1096 2509 1167 2581 οἷπῆ-

82 2597 130 2632 κεν
144 2599 203 2634 cum
218 2584 275 2632 eod.
289 2598 336 2646 pro
351 2577 461 2648 ἁφῆκεν
496 2584 556 2634 ibid.
573 2573 656 2650 αῦτέῃ
674 2600 721 2650 pro
736 2578 806 2651 αῦτῇ
821 2601 878 2634 cum
894 2589 952 2640 eod.
966 2587 1002 2637 ita
1016 2594 1041 2635 ei
1053 2602 1109 2652 bap.
1126 2603 1166 2649 sq.

82 2669 101 2701 ο.
119 2654 155 2704 25
175 2650 326 2714 πολιτηίην
343 2668 400 2702 eum
417 2653 473 2702 eod.
493 2667 540 2717 pro
558 2651 702 2717 πολιτείην
732 2655 794 2704 ibid.
816 2651 896 2717 σφίσι
914 2657 949 2706 id.
981 2656 1042 2709 ibid.
1061 2647 1167 2719 ἐνόμιζε

83 2722 118 2770 id.
149 2737 173 2770 ο.
194 2722 227 2770 27
244 2731 268 2770 et
284 2719 318 2772 28
337 2715 445 2786 λέγουσι
458 2722 494 2771 id.
532 2737 554 2773 ο.
573 2722 607 2774 28
624 2713 771 2786 α’γνοέουσι
785 2724 822 2772 id.

149 2790 256 2839 Demon.
273 2791 284 2839 1
304 2779 352 2838 ini
370 2781 442 2847 πόας
459 2805 509 2842 rec.
529 2806 587 2839 eum
604 2793 660 2842 eod.
680 2807 727 2856 pro
745 2783 883 2848 ἐπίπονος
917 2809 939 2842 ο.
958 2793 975 2844 3
991 2783 1081 2841 α’λλ’ό
1101 2787 1167 2857 γὰρ]

81 2847 146 2905 ἄλλ’
167 2847 184 2906 ό
205 2871 236 2920 με
259 2858 295 2908 id.
337 2874 359 2908 ο.
383 2861 400 2910 5
422 2849 450 2915 ές
472 2849 556 2907 ταῦτὰ
580 2877 637 2910 cum
657 2861 715 2914 eod.
737 2869 838 2910 auctore
858 2859 950 2911 Solane
974 2877 1020 2924 pro
1038 2850 1067 2914 ές
1086 2859 1166 2908 τοῦτο

82 2940 103 2978 ο.
125 2926 158 2975 11
179 2919 349 2989 Σωκράτους
368 2943 425 2978 eum
441 2928 498 2978 eod.
514 2929 625 2989 inserui,
645 2940 671 2980 at
684 2931 756 2979 undis
775 2931 908 2982 inclusum.
945 2946 969 2978 ο.
983 2931 1016 2980 12
1033 2921 1068 2976 τὰ
1083 2923 1168 2977 αὐτοῦ

81 2995 200 3044 revocavi
225 3011 281 3044 eum
305 2996 361 3045 eod.
385 3011 432 3060 pro
455 2987 490 3044 τόι
512 2987 598 3046 αῦτοῦ
639 3015 662 3047 ο.
682 2998 714 3048 13
732 2989 806 3058 παρ’
823 2989 918 3061 αὐτοῦ]
944 2990 1016 3060 παρ’
1038 2986 1112 3064 αὐτῷ
1130 2999 1165 3048 id.

82 3079 103 3114 ο.
121 3063 157 3112 14
175 3053 355 3131 Ἀκαδημίαν]
369 3055 549 3129 Ἀκαδήμειαν
566 3067 602 3116 id.
640 3084 662 3121 ο.
683 3067 716 3118 15
731 3065 868 3132 περαίνει]
887 3064 1006 3132 περαίνη
1022 3066 1057 3116 id.
1095 3083 1116 3117 c.
1134 3068 1167 3117 17

81 3125 131 3179 τόν
145 3121 259 3198 ἑαυτοῦ]
275 3125 326 3182 τόν
340 3132 456 3184 σεαυτοῦ
469 3135 504 3185 id.
541 3151 564 3187 ο.
584 3136 617 3186 20
635 3127 744 3185 ἐκεῖνον
762 3133 872 3199 νομίζω]
888 3126 1011 3196 ἐκεῖνον,
1027 3129 1104 3196 εἷπε,
1121 3149 1167 3183 νο-

81 3197 149 3261 ’μίζω
168 3201 205 3252 id.
247 3202 307 3256 ibid.
328 3195 397 3266 ἔφη,
420 3197 446 3252 εί
467 3197 661 3270 κατανοήσεις]
687 3198 713 3252 εί
730 3197 928 3267 κατανοήσεις,
951 3197 1013 3254 εἷπε
1031 3207 1066 3255 id.
1105 3205 1166 3255 ibid.

81 3259 144 3318 οὔτ’
162 3261 224 3323 έλπ.
244 3272 279 3320 id.
311 3287 333 3324 ο.
347 3271 381 3322 23
397 3269 497 3338 μικροῦ
514 3285 564 3320 του
582 3289 639 3323 eum
660 3274 717 3324 eod.
737 3288 785 3337 pro
806 3271 907 3333 μικροῦ
922 3272 972 3322 τοῦ
1006 3291 1030 3326 ο.
1049 3273 1084 3324 30
1101 3264 1167 3321 odii

80 3332 161 3402 μέγα]
180 3328 265 3388 viiiv
282 3337 351 3404 μέγα
368 3341 406 3390 id.
425 3350 527 3392 duotore
546 3339 647 3395 Solano.
689 3358 710 3393 ο.
729 3341 762 3392 35
779 3328 865 3410 Κρίτ]
883 3329 957 3391 Κότ’
972 3334 1022 3391 οῦκ
1039 3344 1075 3395 id.
1092 3343 1166 3407 signo

16 3440 21 3458 ι
81 3407 257 3473 interrogandi
274 3409 359 3473 posito
375 3419 434 3474 post
452 3404 623 3474 καταφαγών
657 3428 678 3460 ο.
692 3412 727 3461 44
741 3400 822 3460 oiim
840 3428 896 3462 cum
912 3413 969 3462 eod.
983 3411 1101 3462 revocavi
1119 3424 1166 3473 pro
