2575 3842
263 266 266 274 ¹
364 197 725 257 ΔΗΜωΝΑΚνοΣ
744 201 874 259 οιοΣ.
1059 200 1120 263 εοι

112 359 200 440 ἐχειν
222 357 373 440 ἰσχυράς,
397 352 441 433 ὡς
461 354 521 423 ὑπ’
544 354 657 424 αὐτῶν
682 356 830 436 ἅπαντας
850 357 1046 427 ἀναπείθειν
1066 361 1121 427 καλ

113 455 269 537 παρέχειν
285 451 374 542 αύτῷ
391 451 497 521 ὁπόσα
514 455 686 541 βούλεται,
704 454 765 542 Μη
782 456 949 542 θαύμαζε,
965 463 1043 542 ἔφη·
1066 459 1121 525 καὶ

112 549 177 638 γάρ
193 547 293 628 αὐτὸς
308 549 485 636 ὁμότεχνός
501 558 568 638 είμί
579 573 650 636 σοι,
673 557 728 622 καὶ
744 561 774 622 εί
786 556 916 642 βούλει,
939 556 1022 622 ἕπου
1038 553 1120 636 πρός

114 649 174 735 την
192 647 381 734 ἀρτόπωλιν
402 652 456 717 καὶ
474 649 548 730 όηει
564 677 605 735 με
621 650 675 719 διά
691 659 768 738 μιᾶς
788 655 916 742 ἐπῳδῆς
929 655 984 720 καὶ
999 659 1121 739 μικροῦ
1187 712 1190 717 „

3 757 4 794 ³
113 773 173 815 του
190 747 371 834 φαρμάκου
387 753 549 814 πείθοντα
572 745 679 836 αὐτὴν
695 755 817 817 δοῦναί
835 774 891 836 μοι
913 758 981 817 τῶν
998 749 1120 834 ἀρτων,

1 881 3 922 ;
113 846 339 930 αἰνιττόμενος
350 843 386 912 τό
405 846 552 932 νόμισμα
565 843 607 924 ὡς
622 845 662 913 τά
675 856 729 914 λ’σα
743 855 783 935 τῇ
793 849 903 937 ἐπῳδῇ
918 847 1119 933 δυνάμενον.

1 985 2 1026 η
112 948 162 1010 24.
183 945 252 1010 ἐπεὶ
264 941 300 1009 δὲ
310 940 459 1028 Ἡράδης
470 944 488 1011 ὁ
501 945 592 1011 πάνυ
606 947 741 1012 ἐπένθει
751 942 812 1010 τόν
820 947 1043 1031 Πολυδεύκην
1054 944 1117 1029 πρὸ

113 1039 202 1126 όίρας
219 1037 437 1107 ἀποθανόντα
452 1044 505 1109 καί
517 1039 611 1128 ἠξίου
625 1039 732 1125 όχημα
746 1042 949 1127 ζεύγνυσθαι
964 1041 1053 1133 αύτῷ
1065 1045 1120 1110 καί

111 1141 234 1214 ἵππους
249 1143 473 1220 παρίστασθαι
486 1136 529 1216 ὡς
540 1137 779 1227 ἀναβησομένῳ
794 1140 849 1206 καὶ
861 1143 997 1206 δεῖπνον
1010 1165 1118 1225 παρα·
1137 1151 1188 1206 385

112 1238 347 1320 σκευάζεσθαι,
360 1238 559 1322 προσελθών
566 1286 575 1321 ,
593 1232 690 1318 Παρά
701 1235 955 1320 Πολυδεύκους,
967 1241 1049 1322 ἐφη,
1061 1262 1119 1303 κο-

112 1340 190 1418 μίζω
207 1340 263 1401 σοί
273 1360 348 1401 τινα
369 1335 552 1420 ἐπιστολήν,
586 1331 749 1419 ἡσθέντος
769 1333 805 1401 δὲ
826 1336 956 1402 ἐκείνου
977 1335 1031 1400 καί
1047 1338 1120 1417 οίη-

112 1433 230 1508 θέντος
244 1430 294 1498 ὅτι
314 1431 396 1499 κατά
411 1430 447 1499 τό
464 1430 581 1498 κοινόν
597 1435 652 1499 καὶ
673 1428 773 1508 αὐτὸς
789 1433 958 1516 συντρέχει
975 1445 1043 1509 τοῖς
1058 1429 1119 1498 άλ-

20 1528 32 1548 ’
115 1539 180 1605 λοις
190 1533 236 1616 τῷ
251 1528 353 1595 πάθει
366 1526 486 1614 αὐτοῦ,
502 1531 557 1597 καί
570 1529 737 1614 εἰπόντος,
757 1536 799 1595 Τί
807 1523 886 1613 ούν,
900 1522 1116 1615 ιάΔημῦναξ,

116 1625 329 1709 Πολυδεύκης
349 1622 450 1705 ἀξιοῖς
478 1631 633 1692 Αίτιῦταί
646 1645 699 1710 σε,
720 1631 801 1710 ἔφη,
824 1625 875 1693 ότι
891 1623 934 1712 μὴ
951 1624 1014 1712 ἤδη
1034 1623 1118 1711 πρὸς

112 1718 216 1788 αὐτὸν
232 1719 316 1787 ἀπει.
338 1726 388 1788 25.
407 1719 424 1789 ὁ
441 1719 472 1788 δ’
490 1719 590 1800 αὐτὸς
604 1720 682 1789 υίὸν
695 1730 879 1790 πενθοῦντι
893 1727 948 1792 καὶ
961 1723 1117 1812 ἐυσκόπῳ

112 1815 232 1886 ἑαυτόν
249 1821 462 1904 καθείρξαντι
478 1818 678 1904 προσελθών
693 1826 784 1904 ἔλεγε
797 1821 902 1904 μάγος
916 1845 950 1885 τε
962 1818 1046 1886 εἶναι
1062 1821 1118 1886 καί

111 1917 279 1984 δύνασθαι
301 1915 481 2002 ἀναγαγεῖν
500 1925 562 1985 τοῦ
579 1914 698 1996 παιδός
717 1917 753 1984 τὸ
779 1921 935 2000 εἴδωλον,
958 1924 987 1985 εί
1010 1917 1116 2002 μόνον

25 2089 32 2106 ¹
111 2011 201 2100 αύτῷ
216 2028 302 2099 τρεῖς
324 2040 416 2093 τινας
434 2013 639 2101 ἀνθρώπους
654 2013 829 2099 ὀνομάσειε
844 2015 970 2099 μηδένα
985 2014 1118 2080 πόποτε

111 2112 377 2196 πεπενθηκότας·
411 2115 463 2181 ἐπὶ
489 2110 576 2180 πολύ
598 2111 633 2179 δὲ
657 2114 787 2178 ἐκείνου
807 2110 1041 2187 ἐνδοιάσαντος
1062 2110 1117 2176 καί

110 2207 317 2293 ἀποροῦντος
328 2251 371 2261 -
382 2208 424 2277 οά
434 2210 499 2296 γάρ
512 2209 578 2296 εἶχέ
586 2236 671 2294 τινα,
685 2208 785 2296 οἶμαι,
799 2214 903 2277 εἰπεῖν
913 2214 1066 2275 τοιοῦτον
1075 2246 1118 2258 -

110 2305 199 2389 Εἶτ’,
224 2311 304 2393 ἔφη,
329 2299 496 2394 ἀγελοῖε,
520 2308 622 2395 μόνος
645 2305 798 2392 ἀφόρητα
818 2307 957 2392 πάσχειν
976 2310 1117 2390 νομίζεις

110 2406 235 2487 μηδένα
252 2402 343 2488 ὁρῦυ
363 2409 512 2484 πένθους
532 2405 690 2491 ἀμοιρον;
723 2411 774 2473 26.
795 2402 931 2490 καὶμὴν
952 2400 1115 2470 κάκείνων

109 2509 295 2585 καταγελᾶν
309 2499 402 2588 ἠξίου
418 2512 485 2571 τῶν
501 2506 537 2571 ἐν
550 2517 620 2581 ταῖς
636 2501 778 2588 ὁμιλίαις
793 2501 884 2569 πάνυ
898 2499 1045 2586 ἀρχαίοις
1061 2501 1115 2567 καὶ

110 2603 215 2677 ξένοις
230 2595 370 2685 όνόμασι
384 2606 581 2688 χρωμένων·
604 2603 653 2669 ἑνὶ
666 2609 753 2687 γοῦν
766 2603 966 2687 ἐρωτηθέντι
980 2597 1039 2667 ὑπ’
1053 2598 1115 2666 αύ-

110 2703 171 2762 τοῦ
185 2696 288 2781 λόγου
302 2696 376 2766 τινά
391 2701 446 2767 καὶ
461 2698 686 2783 ὑπεραττικῶς
706 2696 939 2783 ἀποκριθέντι,
957 2695 1038 2783 vy&
1053 2700 1115 2783 μέν

112 2814 164 2877 σε,
180 2798 261 2878 ἔφη,
281 2787 307 2860 ἀ
322 2797 443 2883 ἑταῖρε,
456 2807 522 2866 νῦν
532 2793 686 2884 ἠρώτησα
693 2846 702 2881 ,
720 2794 763 2862 σύ
780 2798 818 2863 δέ
826 2821 883 2882 μοι
899 2794 942 2874 ὡς
953 2793 1004 2862 ἐπ’
1018 2793 1115 2879 Ἀγα-

90 2891 95 2904 ‘
109 2893 274 2977 μέμνονος
289 2890 463 2981 ἀποκρίνη,
492 2899 543 2964 27.
560 2895 710 2971 εἰπόντος
724 2898 764 2961 δέ
776 2919 866 2971 τινος
882 2901 949 2960 τεόν
964 2895 1113 2977 ἑταίρων,

107 2987 484 3086 Ἀπι’ωμεν,Λημῦναξ,
502 3000 548 3072 είς
563 2990 599 3060 τό
613 2989 841 3078 Ἀσκληπιεῖον
853 2994 906 3056 καί
920 2991 1111 3074 προσευξεό-
1130 3006 1183 3061 386

107 3099 195 3174 μεθα
207 3087 293 3172 ὑπὲρ
303 3095 363 3155 τοῦ
375 3093 463 3175 υίοῦ,
479 3092 588 3173 Πάνυ,
605 3097 680 3178 ἔφη,
697 3084 817 3175 κωφὸν
828 3115 894 3176 ηγη
906 3115 966 3154 τον
980 3097 1115 3174 Ασκλη-

107 3189 200 3274 πιόν,
215 3194 245 3255 εί
252 3185 296 3272 μὴ
310 3187 450 3254 δύναται
462 3185 649 3256 κάντεῦθεν
659 3187 754 3274 ἡμῶν
765 3183 953 3272 εὐχομένων
965 3184 1112 3254 ἀκούειν.

107 3293 157 3355 28.
173 3282 256 3353 ίδάν
272 3287 310 3352 δέ
323 3309 402 3352 ποτε
414 3285 476 3352 δύο
491 3284 583 3364 τινάς
598 3286 806 3372 φιλοσόφους
820 3288 941 3373 κομιδῇ
952 3281 1114 3352 ἀπαιδεύ-

107 3409 170 3462 τως
186 3386 222 3451 έν
244 3382 372 3470 ζητήσει
395 3385 559 3466 ἐρίζοντας
576 3387 630 3452 καὶ
649 3381 710 3451 τόν
725 3386 786 3468 μὲν
806 3381 913 3450 ἀτοπα
929 3385 1113 3469 ἐρωτῶντα,
