2575 3842
168 180 230 241 126
521 182 825 242 AOYKIANOY

165 345 241 429 γῖδα
258 346 438 425 προχρίσας
455 342 600 407 ἐπετίθει
620 342 675 408 καὶ
697 338 858 427 ἀπέματτε
874 341 934 411 τὸν
954 343 1069 411 τύπον.
1103 341 1172 410 εἶτα

167 434 284 503 αὐτίκα
299 442 401 520 ξηροῦ
416 438 546 503 ἐκείνου
561 441 762 523 γενομένου,
778 439 880 519 λύσας
891 444 1012 529 ῥᾳδίως
1027 444 1081 508 καί
1097 445 1172 507 δια·
1275 519 1279 528 Ι

166 531 311 619 ναγνούς
328 536 486 611 ἐπιτιθεὶς
499 532 558 601 τδν
574 532 680 619 κηρὸν
701 533 873 604 ἀπετύπου
890 536 1000 623 οἵσπερ
1016 540 1052 605 ἐκ
1069 544 1171 605 λίθου

165 632 227 720 τήν
250 628 379 719 [αὐτήν]
399 636 565 716 σφραγῖδα
584 624 622 697 εύ
643 632 731 716 μάλα
752 640 799 722 τῷ
819 631 990 725 ἀρχετύπῳ
1011 638 1170 703 ἐοικυῖαν.

165 737 277 815 τρίτον
292 728 373 797 άλλο
391 728 474 811 πρὸς
488 729 618 805 τούτοις
632 728 794 798 άκουσον·
816 732 952 799 τιτάνου
966 729 1030 818 γάρ
1043 735 1075 811 ἐς
1090 733 1170 799 κόλ-

166 839 229 896 λαν
241 829 404 916 ἐμβαλών,
422 819 445 914 ᾖ
458 834 600 894 κολλῶσι
615 825 655 893 τά
667 835 789 915 βιβλία,
806 832 860 896 καὶ
876 828 980 916 κηρὸν
995 833 1030 898 ἐκ
1048 831 1170 898 τούτου

166 930 304 1015 ποιήσας
320 934 367 996 ἔτι
389 924 496 1013 ὑγρὸν
519 925 600 993 ὄντα
616 930 761 994 ἐπετίθει
776 935 816 1016 τή
833 933 991 1014 σφραγῖδι
1010 930 1063 997 καὶ
1084 927 1170 1013 ἀφε-

166 1027 235 1096 λών
253 1066 290 1076 -
308 1022 426 1092 αὐτίκα
444 1027 480 1092 δὲ
495 1024 599 1109 ξηρόν
612 1031 738 1117 γίνεται
754 1028 808 1092 καὶ
824 1029 975 1112 κέρατος,
992 1026 1170 1110 μᾶλλονδὲ

166 1124 305 1209 σιδήρου
319 1122 527 1208 παγιύτερον
537 1166 580 1177 -
590 1123 697 1212 τούτῳ
710 1119 750 1208 δή
762 1125 876 1209 ἐχρῆτο
889 1120 971 1208 πρὸς
981 1120 1041 1190 τὸν
1050 1123 1167 1189 τύπον.

166 1230 233 1291 ἐστι
246 1222 282 1288 δέ
293 1223 347 1287 καὶ
358 1219 442 1289 άλλα
453 1219 559 1288 πολλὰ
571 1218 653 1307 πρός
665 1227 763 1287 τοῦτο
776 1223 1027 1307 ἐπινενοημένα,
1046 1214 1094 1287 ὧν
1106 1217 1168 1287 ούκ

166 1319 349 1404 ἀναγκαῖον
360 1326 550 1405 μεμνῆσθαι
561 1316 732 1403 ἁπάντων,
750 1316 793 1398 ύς
803 1317 847 1405 μή
859 1318 1071 1402 ἀπειρόκαλοι
1084 1316 1167 1385 εἶναι

167 1421 362 1503 δοκοίημεν,
377 1420 432 1483 καὶ
442 1417 583 1502 μάλιστα
594 1423 657 1483 σοῦ
668 1419 704 1483 έν
716 1412 764 1494 οἷς
780 1416 861 1484 κατά
873 1418 991 1503 μάγων
1004 1419 1166 1501 συνέγρα-

166 1529 246 1599 ψας,
261 1521 445 1592 καλλίστοις
459 1540 493 1581 τε
507 1512 575 1599 ἅμα
587 1516 643 1581 καὶ
657 1511 922 1601 ὠφελιμωτάτοις
936 1513 1170 1600 συγγράμμασι

166 1615 220 1679 καὶ
236 1615 434 1697 δυναμένοις
450 1617 668 1697 σωφρονίζειν
682 1610 760 1689 τούς
774 1614 1051 1698 ἐντυγχάνοντας,
1069 1608 1168 1679 ἱκανά

166 1709 404 1794 παραθεμένου
418 1711 474 1776 καὶ
488 1716 600 1799 πολλῷ
613 1710 743 1776 τούτων
760 1718 904 1778 πλείονα.

98 1826 149 1880 κιο
250 1810 300 1873 22.
313 1802 414 1890 Ἕχρη
432 1800 496 1873 οὖν
510 1808 564 1873 καὶ
578 1807 745 1892 ἐθέσπιζε,
763 1817 868 1897 πολλή
882 1816 921 1897 τῇ
936 1807 1067 1875 συνέσει
1080 1804 1169 1891 χρύ-

165 1929 263 1990 μενος
281 1904 429 1970 ἐνταῦθα
444 1907 497 1971 καὶ
511 1901 548 1970 τὸ
565 1902 752 1972 είκαστιιιόν
766 1914 805 1994 τή
816 1908 944 1995 ἐπινοίη
955 1904 1168 1990 προσάπτων,

165 2015 232 2079 τοῖς
242 1999 304 2085 μὲν
319 2000 397 2081 λοξὰ
413 2004 468 2070 καὶ
482 1999 651 2088 ἀμφίβολα
667 2000 750 2088 πρὸς
760 2002 824 2082 ’τάς
841 2002 1015 2088 ἐρωτήσεις
1030 1998 1170 2084 άποκρι-

166 2100 316 2185 νόμενος,
332 2116 399 2178 τοῖς
410 2103 511 2169 δὲκαὶ
522 2101 613 2167 πάνυ
624 2098 754 2186 άσαφῆ·
773 2095 1006 2190 χρησμῳδικὸν
1016 2095 1080 2182 γάρ
1093 2095 1171 2162 ἐδά-

166 2224 216 2265 κει
235 2196 325 2285 αύτῷ
346 2201 400 2265 καὶ
415 2206 527 2266 τοῦτο·
556 2196 634 2276 τούς
655 2198 690 2265 δὲ
707 2197 887 2284 άπέτρεπευ
910 2193 1168 2285 ήπρούτρεπεν,

167 2294 210 2373 οἱς
225 2291 268 2360 άν
283 2293 421 2380 άμεινον
438 2301 549 2375 ἔδοξεν
563 2294 654 2386 αύτῷ
669 2297 844 2381 εἰκάζοντι,
861 2312 928 2375 τοῖς
939 2297 974 2365 δὲ
988 2300 1169 2378 θεραπείας

166 2392 328 2476 προύλεγε
343 2395 396 2458 καὶ
411 2396 550 2478 διαίτας,
567 2395 677 2478 είδάς,
696 2393 778 2476 ὅπερ
794 2398 830 2462 έν
844 2393 927 2483 ἀρχή
941 2401 1043 2480 ἔφην,
1062 2389 1168 2459 πολλά

166 2492 220 2556 καὶ
234 2489 376 2574 χρήσιμα
390 2490 565 2576 φάρμακα·
587 2492 727 2577 μάλιστα
744 2492 779 2560 δέ
794 2491 993 2580 εύδοκίμουν
1008 2490 1088 2575 παρ’
1104 2487 1169 2556 αύ-

166 2593 211 2678 τῷ
224 2592 260 2654 αί
268 2592 432 2673 κυτμίδες,
444 2586 574 2655 άκόπου
585 2614 616 2655 τι
628 2587 734 2675 ὄνομα
745 2594 987 2676 πεπλασμένον,
1003 2592 1038 2657 ἐκ
1050 2594 1168 2664 λίπους

165 2692 293 2771 αἰγείου
304 2691 572 2771 συντεθειμένου.
590 2685 649 2766 τάς
660 2690 772 2774 μέντοι
788 2692 921 2767 ἐλπίδας
932 2692 986 2758 καὶ
997 2682 1168 2773 προκοπὰς

96 2805 146 2858 231
166 2786 221 2853 καὶ
244 2784 377 2870 κλήρων
397 2782 551 2869 διαδοχάς
573 2791 724 2866 εἰσαῦθις
749 2785 799 2855 ἀεὶ
824 2786 1039 2874 άνεβάλλετο,
1063 2803 1170 2870 προσ-

164 2885 267 2961 τιθεὶς
290 2882 339 2952 ὅτι
354 2889 443 2951 ἐσται
460 2882 584 2970 πάντα,
612 2881 738 2952 ὁπόταν
755 2886 904 2972 ἐθελήσω
919 2883 983 2971 έγύ
1004 2886 1059 2952 καλ
1079 2881 1170 2950 Ἀλέ-

164 2985 303 3063 ξανδρος
318 2979 335 3049 ὁ
352 2982 524 3067 προφήτης
538 3006 605 3068 μου
623 2986 730 3073 δεηθῇ
746 2988 801 3053 καὶ
817 2984 945 3071 εὔξηται
961 2981 1045 3066 ὑπὲρ
1062 2980 1170 3067 ὑμῶν.

163 3085 213 3146 23.
232 3082 380 3146 ἐτέτακτο
400 3080 437 3147 δέ
457 3083 510 3146 καὶ
527 3078 649 3164 μισθὸς
668 3082 722 3168 ἐφ’
745 3084 870 3172 ἑκάστῳ
884 3088 1018 3170 χρησμῷ
1040 3076 1168 3164 δραχμή

163 3177 218 3243 καὶ
230 3174 283 3243 δύ’
298 3174 417 3262 ὀβολοί.
440 3174 483 3262 μή
499 3176 621 3263 μικρὸν
636 3180 671 3247 δέ
684 3187 811 3269 οἰηθῇς,
828 3175 854 3246 ά
870 3183 986 3265 ἑταῖρε,
1004 3174 1153 3265 μηδέὀλί

163 3298 226 3358 γον
237 3280 440 3359 γεγενῆσθαι
454 3273 514 3343 τὸν
527 3276 636 3363 πόρον
647 3286 784 3363 τοῦτον,
803 3276 875 3346 ἄλλ’
891 3282 936 3355 είς
951 3273 1031 3343 ἐπτά
1047 3270 1170 3361 ήόκτοὶ

164 3373 329 3456 μυριάδας
345 3373 487 3441 ἑκάστου
506 3380 599 3455 ἔτους
612 3374 785 3463 ἥθροιζεν,
805 3373 869 3444 dvo}
888 3378 966 3442 δέκα
981 3378 1035 3442 καλ
1051 3398 1171 3442 πεντε-
