2575 3842
358 193 490 251 ΥΠΕΡ
510 194 611 254 ΤΩΝ
630 196 877 254 ΕΙΚΟΝΩΝ.
1061 197 1122 261 261

110 380 209 440 τερον
229 350 402 442 ἀποφῆναι
420 360 482 421 τοῦ
503 351 673 440 Ἀχιλλέως
692 351 822 421 καὶτὸν
836 361 989 440 Νέστορα
1015 360 1121 443 φάναι
1141 381 1192 431 500

110 460 178 520 τών
195 455 246 522 ἐπὶ
261 452 364 522 ’Ίλιον
379 451 655 537 στρατευσάντων
669 449 729 519 τὸν
746 451 913 520 νεώτατον
928 453 1027 523 εἶναι·
1051 462 1124 525 διο-

110 551 248 638 μόσαιτο
265 548 296 618 δ’
317 546 361 617 ἀν
382 553 436 618 καὶ
454 547 514 617 τόν
531 557 681 636 Κροίσου
694 554 796 617 παίδα
813 547 1062 639 ὀξυηκοώτερον
1078 555 1124 624 εἷ-

112 674 168 714 ναι
183 655 245 714 τοῦ
255 648 483 734 Μελάμποδος
499 645 628 714 καὶτὸν
639 651 744 714 Φινέα
756 644 916 733 ὀξύτερον
931 656 1124 733 δεδορκέναι

110 753 171 814 τοῦ
185 748 361 831 Λυγκέως,
386 743 492 833 ἥνπερ
513 745 620 831 μόνον
643 750 807 831 κερδᾶναί
824 773 855 813 τι
878 751 992 836 ἐλπίσῃ
1008 752 1060 817 ἐπὶ
1078 759 1124 839 τῷ

112 844 285 930 ψεύσματι.
314 842 332 912 ὁ
349 847 388 912 δέ
406 871 445 931 γε
468 840 548 911 αύτό
567 851 666 912 τοῦτο
684 846 832 912 έπαινών
854 843 915 930 ούχ
935 844 1025 924 ὅπως
1046 845 1121 914 οὐδ’

111 937 154 1008 ἀν
168 941 329 1022 ψεύσαιτό
346 967 376 1009 τι
398 937 420 1028 ἢ
437 948 602 1027 προσθείη
622 949 691 1008 τών
712 942 796 1028 μηδὲ
812 940 896 1020 ὅλως
913 947 1120 1030 προσόντων,

111 1036 150 1105 τά
161 1035 192 1105 δ’
206 1035 398 1124 ὑπάρχοντα
408 1036 498 1128 αὐτῷ
512 1039 613 1123 φύσει
629 1036 743 1124 ἀγαθά
758 1037 822 1106 κάν
834 1038 878 1126 μη
891 1041 983 1108 πάνυ
994 1043 1121 1127 μεγάλα

111 1131 146 1226 ᾗ,
162 1136 366 1226 παραλαβών
381 1139 544 1224 ἐπηύξησε
558 1140 612 1206 καὶ
629 1144 726 1224 μείζω
741 1136 906 1225 ἀπέφηνε·
928 1142 984 1208 καὶ
998 1141 1121 1226 τολμή-

111 1258 200 1304 σειεν
214 1234 257 1304 ἀν
279 1243 398 1322 εἰπεῖν,
421 1239 526 1304 ἰ’ππον
543 1239 713 1305 ἐπαινέσαι
734 1241 848 1305 θέλων
866 1238 967 1322 φύσει
988 1245 1121 1324 κοῦφον

112 1327 159 1402 ών
177 1345 272 1422 ίσμευ
289 1334 380 1426 ζώων
397 1338 451 1402 καὶ
466 1334 646 1421 δρομικόν,
664 1334 716 1402 ότι

154 1432 279 1519 ’Ἁκρον
294 1431 345 1501 ἐπ’
365 1431 556 1515 ἀνθερίκων
572 1432 703 1518 καρπόν
717 1437 800 1501 θέεν
816 1432 896 1500 οῦδὲ
909 1436 1059 1501 κατέκλα.

110 1534 163 1600 καὶ
179 1533 280 1600 πάλιν
297 1529 359 1598 οῦκ
375 1527 419 1598 ἀν
440 1529 595 1617 όκνήσειε
610 1531 716 1617 φάναι
738 1529 978 1616 ,ἀελλοπόδων
994 1530 1121 1617 δρόμον

110 1634 257 1697 ἵππων.“
287 1632 341 1696 καί
355 1626 401 1714 ἢν
416 1636 524 1697 οίκίαν
548 1633 666 1718 ἐπαινῇ
688 1629 794 1716 καλὴν
814 1632 868 1699 καί
887 1629 1004 1713 άριστα
1023 1657 1121 1698 κατε-

111 1729 357 1812 σκευασμένην,
374 1737 460 1794 είποι
477 1727 520 1794 ἀν

196 1824 303 1908 Ζηνός
318 1847 385 1889 που
401 1823 513 1909 τοιήδε
528 1823 564 1910 γ’·
574 1823 757 1911 Ὀλυμπίου
774 1831 916 1892 ἔνδοθεν
931 1824 1026 1912 αὐλή.
1137 1847 1190 1900 501

111 1921 128 1991 ὁ
147 1926 182 1990 δὲ
194 1923 294 2001 κόλαξ
307 1929 406 1989 τοῦτο
421 1920 458 1988 τό
471 1927 548 2000 ἔπος
561 1918 625 1989 κάν
641 1925 715 2004 περὶ
732 1930 788 2007 τῆς
803 1924 959 2009 συβώτου
974 1925 1121 2010 καλύβης

112 2030 214 2102 είποι,
236 2024 267 2087 εί
280 2018 388 2105 μόνον
405 2047 435 2086 τι
452 2017 541 2104 παρά
557 2027 617 2086 τοῦ
634 2020 789 2106 συβώτου
807 2027 921 2105 λαβεῖν
940 2023 1119 2087 ἐλπίσειεν·

110 2117 197 2186 ὅπου
222 2117 394 2195 Κύναιθος
422 2114 440 2184 ὁ
463 2123 660 2203 Δημητρίου
685 2123 746 2183 τοῦ
765 2123 997 2200 Πολιορκητοῦ
1019 2117 1120 2193 κόλαξ

109 2216 269 2286 ἁπάντων
285 2216 376 2308 αὐτῷ
390 2227 458 2286 τῦυ
474 2217 558 2305 πρός
568 2215 630 2305 τὴν
641 2224 819 2284 κολακείαν
834 2217 1121 2300 καταναλωμένων

110 2318 225 2406 ἐπῄνει
240 2315 306 2385 ὑπὸ
322 2316 423 2405 βηχός
439 2316 683 2404 ἐνοχλούμενον
699 2313 759 2383 τόν
772 2315 982 2401 Δημήτριον,
1000 2310 1050 2380 ότι
1061 2314 1122 2397 έμ-

110 2424 215 2502 μελῦς
232 2419 436 2504 ἐχρέμπτετο.
466 2424 517 2488 2l.
535 2415 576 2484 ού
590 2417 697 2501 μόνον
712 2417 748 2482 δε
768 2421 866 2481 τοῦτο
884 2414 1040 2497 ἑκατέρου
1057 2407 1121 2476 αύ-

109 2523 177 2584 τῦν
190 2518 366 2603 γνώρισμά
382 2521 466 2602 ἐστι,
482 2515 518 2585 τό
535 2513 614 2594 τούς
625 2514 686 2602 μὲν
701 2515 844 2592 κόλακας
858 2511 921 2581 οῦκ
937 2510 1051 2581 ὀκνεῖν
1066 2512 1122 2579 καὶ

109 2616 296 2697 ψεύδεσθαι
324 2623 385 2683 τοῦ
412 2623 613 2704 χαρίσασθαι
640 2617 737 2681 ἕνεκα
765 2629 833 2691 τοῖς
856 2615 1119 2697 ἐπαινουμένοις,

110 2715 251 2796 ἐξαίρειν
267 2715 303 2779 δὲ
319 2712 396 2790 τοὺς
414 2716 634 2790 ἐπαινοῦντας
651 2709 691 2778 τά
713 2709 905 2796 ὑπάρχοντα
922 2719 1119 2795 πειρᾶσθαι·

111 2807 196 2878 ἀλλά
213 2809 355 2899 κάκείνῳ
374 2810 415 2877 ού
431 2819 558 2900 σμικρῷ
577 2810 848 2894 διαλλάττουσιν,
871 2807 921 2875 ὅτι
936 2813 971 2876 οί
984 2809 1046 2892 μὲν
1061 2808 1121 2874 κό-

111 2919 225 2992 λακες,
248 2907 304 2993 ἐφ’
321 2908 403 2976 ὅσον
425 2906 549 2977 οἷόντε
567 2907 696 2993 αὐτοῖς,
720 2917 865 2994 χρῦυται
886 2922 956 2985 ταῖς
973 2905 1121 2991 ὑπερβο-

110 3020 198 3094 λαίς,
223 3012 257 3075 os
271 3010 485 3086 ἐπαινοῦντες
507 3010 543 3074 δὲ
564 3009 618 3075 καὶ
637 3011 674 3076 ἐν
695 3008 810 3086 αύταίς
830 3006 964 3083 ταύταις
985 3026 1121 3090 σωφρο-

110 3115 209 3176 νοῦσι
224 3109 278 3176 καὶ
294 3104 387 3185 ἐντός
405 3113 471 3174 τών
488 3104 579 3191 ὅρων
593 3109 742 3193 μένουσι.
769 3105 872 3173 ταῦτά
889 3128 939 3172 σοι
957 3101 1022 3171 ἀπὸ
1037 3111 1122 3171 πολ·
1140 3118 1192 3170 502

110 3216 179 3277 λῦν
194 3207 289 3294 ὀλίγα
303 3212 476 3286 κολακείας
496 3210 550 3275 καὶ
564 3209 703 3274 ἐπαίνου
718 3204 868 3292 ἀληθοῦς
884 3208 1057 3288 δείγματα,
1078 3197 1123 3280 ὡς

110 3305 154 3394 μὴ
173 3308 299 3386 πάντας
311 3303 502 3396 ῦποπτεύης
513 3302 591 3382 τούς
604 3309 839 3389 ἐπαινοῦντας,
856 3299 939 3370 ἀλλά
951 3306 1123 3390 διακρίνῃς
1157 3344 1159 3349 ,

110 3409 164 3476 καὶ
179 3413 390 3495 παραμετρῇς
401 3413 447 3497 τῷ
458 3412 569 3498 οίκείφ
580 3408 688 3497 μέτρῳ
700 3404 867 3491 ἑκάτερον.
891 3409 941 3470 22.
960 3399 1033 3490 φέρ’
1047 3395 1121 3487 οὖν,
