2575 3842
189 175 249 239 176
549 175 838 233 AOYKIANOY

187 341 326 403 τέλεσεν.
367 338 519 416 ἐξοικιεῖν
538 332 602 418 γάρ
621 337 735 417 ἔμελλε
757 333 902 420 τήμερον
924 338 969 410 είς
989 333 1114 417 ἀνδρὸς
1133 331 1197 419 τῆν

119 439 170 492 338
189 436 358 518 θυγατέρα
377 434 431 500 καὶ
450 430 513 519 ἤδη
534 431 717 499 ἐκάλλυνεν
732 429 847 517 αὐτην.
882 428 949 497 εἶτα
968 428 1148 516 μερμέριόυ
1164 455 1196 496 τι

188 528 293 598 κακόν
310 527 453 616 ἐμπεσόν
470 532 602 609 διέκοψε
617 525 679 612 τῆν
696 529 830 615 ἐορτῆν·
852 527 869 595 ὁ
887 524 952 613 γάρ
967 525 1040 606 υίός
1055 524 1162 593 αὐτοῦ
1177 523 1195 594 ὁ

188 635 299 713 Δίων,
316 624 378 694 οὐκ
394 624 457 693 οἷδ’
474 624 528 711 ἐφ’
542 623 607 715 ὅτῳ
622 632 801 710 λυπηθείς,
818 631 945 710 μᾶλλον
963 626 998 692 δὲ
1012 630 1196 711 θεοεχθρία
1282 704 1283 709 ¹

189 726 318 809 σχεθείς
336 721 480 808 ἀπῆγξεν
496 722 633 805 εἀυτόν,
657 724 710 788 καὶ
731 715 770 788 εὖ
785 731 870 806 ίστε,
894 718 1068 788 ἀπωλώλει
1082 719 1198 804 άν,ἐί
1282 720 1283 739 ³

189 818 232 907 μῆ
254 815 317 904 ἐγῶ
333 817 466 898 ἐπιστάς
481 817 689 904 ἀπηγχόνισά
709 844 743 884 τε
760 815 864 885 αὐτόν
881 820 936 886 κοιλ
952 821 1122 903 παρέλυσα
1138 823 1196 901 τῆς

190 923 360 1004 ἐμβροχῆς,
379 917 431 984 ἐπὶ
442 915 528 984 πολύ
541 941 576 982 τε
588 912 688 995 ὀκλάξ
699 915 990 1001 παρακαθήμενος,
1004 913 1196 982 ἐπινόσσων

189 1012 250 1081 τόν
264 1012 465 1098 άνθρωπον,
482 1019 663 1099 βαυκαλῶν
677 1015 732 1081 καὶ
743 1017 1013 1097 διακωδωνίζων,
1035 1012 1079 1097 μῆ
1091 1037 1136 1095 πη
1148 1015 1197 1076 ἐτι

191 1109 332 1197 συνεχὴς
350 1121 399 1198 είη
414 1108 476 1198 τῆν
491 1111 659 1196 φάρυγγα.
682 1107 719 1178 τό
737 1110 773 1177 δὲ
787 1111 927 1196 μάλιστα
944 1107 1072 1196 ὀνῆσαν
1089 1111 1196 1176 ἐκεῖνο

189 1203 251 1297 ῆν,
274 1209 325 1277 ότι
345 1208 546 1296 ἀμφοτέραις
563 1205 735 1293 κατασχόν
753 1206 858 1274 αὐτοῦ
871 1206 911 1274 τά
933 1205 1020 1292 άκρα
1036 1211 1195 1273 διεπίεσα.

192 1313 241 1375 12.
260 1315 349 1376 Μῶν
366 1311 510 1390 ἐκεῖνον,
534 1299 578 1392 ῆν
596 1309 615 1371 δ

189 1434 274 1493 γονα
297 1408 351 1474 καὶ
368 1406 586 1490 λακκοσχέαν,
612 1401 671 1470 τόν
693 1401 851 1488 μύρτωνα
872 1404 926 1468 καὶ
950 1398 1198 1485 σχινοτρώκταν
1282 1430 1283 1433 “

190 1510 383 1589 νεανίσκον,
408 1501 609 1586 ἀναφλῶντα
625 1504 679 1569 καὶ
694 1501 909 1588 βλιμάζοντα,
930 1497 1064 1585 ἥντινα
1085 1497 1198 1581 πεῶδη

123 1618 173 1672 339
192 1603 247 1669 καὶ
262 1602 425 1668 πόσθωνα
441 1608 613 1683 αίσθηταις
642 1605 808 1683 Βινητιῶν
828 1598 953 1675 ἐκεῖνός
966 1623 1005 1682 γε
1021 1599 1076 1662 καὶ
1093 1604 1199 1679 ληκα-
1282 1592 1283 1617 ³

192 1700 274 1774 λέος.
306 1694 389 1763 άλλά
405 1702 458 1763 τοί
472 1721 510 1781 γε
528 1691 589 1780 τῆν
610 1695 711 1780 θεόν,
736 1688 758 1780 ἦ
775 1692 807 1761 δ’
831 1691 867 1772 ὃς
883 1692 1086 1778 ὁΕὔδημος,
1107 1700 1199 1758 θαυ-

191 1795 298 1881 μάσας
313 1834 347 1843 -
355 1791 508 1878 ’Ἄρτεμις
521 1793 586 1878 γάρ
598 1793 688 1859 ἐστιν
700 1789 811 1869 αὐτοῖς
822 1794 858 1859 ἐν
869 1794 951 1879 μέση
962 1797 1001 1878 τῆ
1012 1786 1097 1875 αόλῆ
1107 1796 1199 1854 Σκο-
1282 1792 1283 1801 ’

192 1892 331 1960 πάδειον
345 1898 444 1977 ἔργον
458 1933 495 1942 -
508 1891 610 1978 ταότη
625 1890 869 1973 προσπεσόντες
881 1887 900 1955 ὅ
911 1913 946 1956 τε
957 1894 1131 1972 Δαμασίας
1145 1888 1198 1954 καί
1281 1920 1284 1966 ς

191 1989 212 2078 ἡ
235 1986 321 2077 γννῆ
341 1988 446 2057 αὐτοῦ
466 1995 644 2076 πρεσβῦτις
664 1986 727 2074 ἤδη
750 1990 804 2054 καὶ
823 1984 885 2073 τῆν
905 1981 1055 2071 κεφαλῆν
1080 1980 1201 2060 πολιάς

193 2088 337 2176 άκριβῶς
358 2091 508 2157 ίκέτευον
528 2091 658 2172 ἐλεῆσαι
674 2093 775 2170 σφοῖς·
804 2081 825 2170 ἡ
844 2086 880 2152 δὲ
895 2081 1012 2150 αὐτίκα
1030 2083 1198 2163 ἐπένευσε,

191 2189 245 2254 καί
261 2195 326 2264 σῶς
347 2179 405 2271 ἦν,
432 2188 486 2252 καὶ
506 2191 570 2252 νῦν
586 2182 781 2267 Θεόδωρον,
804 2181 984 2268 μᾶλλονδὲ
1004 2185 1198 2265 περιφανῶς

187 2283 428 2369 Ἀρτεμίδωρον
443 2288 553 2367 έχουσι
568 2279 628 2348 τόν
642 2289 828 2349 νεανίσκον.
852 2277 1020 2348 ἐνέθεσαν
1035 2270 1099 2344 οὖν
1115 2274 1200 2365 αὐτῆ

192 2385 232 2449 τά
247 2408 282 2448 τε
297 2380 380 2448 άλλα
390 2383 444 2448 καὶ
460 2384 538 2466 βέλη
553 2383 606 2447 καὶ
617 2379 706 2463 τόξα,
725 2378 775 2445 ότι
790 2386 895 2464 χαίρει
906 2378 1052 2455 τούτοις·
1067 2377 1199 2456 τοξότις

191 2477 256 2565 γάρ
269 2480 323 2546 καλ
334 2478 492 2564 ἑκηβόλος
503 2481 556 2545 καὶ
570 2479 749 2563 τηλέμαχος
759 2475 946 2563 ῆ”Αρτεμις.
973 2481 1021 2544 13.
1040 2480 1198 2558 Πίνωμεν

194 2570 273 2660 οὖν,
289 2569 310 2661 ἦ
327 2573 357 2641 δ’
377 2572 441 2652 δςὸ
458 2575 725 2662 Μεγαλώνυμος,
743 2577 797 2643 καλ
808 2574 872 2660 γάρ
888 2577 943 2642 καί
957 2575 1108 2659 λάγυνον
1119 2596 1199 2638 του-

122 2691 175 2744 340
193 2677 264 2742 τονί
281 2674 511 2761 παρηβηκότος
521 2672 591 2760 ἥκω
603 2671 684 2760 ὑμῖν
699 2680 841 2760 κομίζων
854 2675 909 2741 καὶ
924 2675 1125 2757 τροφαλίδας
1140 2695 1200 2736 τυ-

193 2781 257 2857 ροῦ
277 2777 331 2841 καὶ
353 2775 461 2851 ἐλαίας
480 2787 687 2858 χαμαιπετεῖς
710 2813 746 2824 -
771 2773 927 2858 φυλάττω
950 2769 982 2837 δ’
1005 2767 1108 2853 αὐτάς
1132 2765 1209 2850 ὑπό,
1282 2856 1283 2859 ¹

192 2887 351 2958 σφραγῖσι
371 2872 647 2957 θριπηδεστάτοις
666 2909 708 2920 —-
729 2874 783 2939 καὶ
804 2869 905 2949 άλλας
928 2873 1036 2947 ἐλαίας
1058 2864 1200 2944 νευστὰς

192 2974 246 3038 καλ
267 2972 389 3055 πήλινα
406 2972 500 3038 ταυτὶ
519 2971 677 3057 ποτῆρια,
701 2968 924 3054 ὀξυόστρακα,
946 2965 1199 3047 εὐπυνδάκωτα,

194 3067 238 3145 ὡς
251 3071 283 3147 ἐξ
299 3066 410 3135 αὐτῶν
431 3075 600 3155 πίνοιμεν,
622 3070 676 3135 καὶ
697 3073 888 3135 πλακοῦντα
904 3067 936 3144 ἐξ
954 3066 1095 3147 ἐντέρων
1110 3089 1200 3147 κρω-

192 3167 327 3253 βυλιόδη
338 3165 400 3253 τῆν
411 3167 547 3251 πλοκήν.
571 3164 614 3233 σύ
630 3165 680 3249 δ’,
696 3160 808 3248 ῶπαῖ,
824 3166 926 3231 πλέον
938 3188 995 3249 μοι
1005 3169 1066 3230 τοῦ
1078 3160 1200 3238 ὕδατος

192 3270 294 3349 ἔγχει,
317 3263 360 3342 ῶς
375 3262 419 3350 μῆ
436 3273 639 3351 καρηβαρελν
655 3264 817 3349 άρξαίμην
831 3256 916 3343 κᾷτά
934 3282 987 3328 σοι
1001 3259 1061 3328 τόν
1079 3263 1200 3327 παιδο-

191 3357 315 3444 βοσκόν
333 3369 423 3429 καλῶ
439 3365 490 3429 ἐπὶ
506 3368 543 3427 σέ
551 3387 557 3400 ·
585 3371 653 3429 ίστε
669 3361 732 3446 γάρ
751 3357 794 3437 ῶς
808 3357 979 3442 ὀδυνῶμαι
994 3359 1049 3426 καί
1066 3360 1200 3442 διέμπι-
