2575 3842
159 163 222 226 238
513 149 825 225 Λονιτιπιιον

158 321 252 392 ταῦτ’
272 324 356 393 εἶναι
381 329 555 412 λέγεσθαι,
576 321 665 408 πλὴν
685 320 796 411 ἀληθῆ
816 350 855 410 γε
876 321 918 411 νὴ
940 320 1002 411 τὴν
1024 326 1164 391 Κνιδίαν

155 420 362 509 Ἀφροδίτην.

242 529 342 591 ΛΥΚ.
369 519 442 590 Ούκ
460 519 618 608 ἀνέξομαί
630 543 709 606 σου,
736 528 812 605 φίλε
830 521 1038 607 Θεόμνηστε,
1062 519 1168 605 α”λλην

159 617 264 706 ἀρχὴν
291 622 584 706 καταβαλλομένον
605 623 726 699 τρίτων
747 618 874 705 λόγων,
908 611 947 704 ἧς
968 617 1106 686 ἀκούειν
1131 621 1166 684 ίν

160 720 257 803 ἑορτῇ
273 718 379 803 μόνον
391 717 478 794 είκός
493 718 576 800 ἐστι,
592 707 695 783 τᾶλλα
707 714 743 782 δὲ
757 722 825 783 τῶν
839 718 928 802 ἐμῶν
944 713 1039 783 ω’των
1051 715 1168 799 πόρρω

160 811 335 880 ύποικιεῖν.
364 809 525 897 ἀφέμενοι
543 812 579 878 δὲ
597 818 659 878 τοῦ
674 815 853 892 παρέλκειν
868 819 970 880 πλείω
982 812 1107 897 χρόνον
1124 817 1169 888 είς

161 907 289 995 ἀγοράν
310 914 463 995 ἐξίωμεν·
494 907 558 995 ἤδη
579 907 643 994 γάρ
669 908 756 986 είκός
774 912 863 976 ἐστιν
883 906 1099 995 ύφάπτεσθαι
1123 915 1169 998 τῷ

160 1015 230 1096 θεῷ
248 1006 310 1094 τὴν
324 1007 446 1089 πυράν.
470 1012 538 1076 ἔστι
554 1003 585 1073 δ’
604 1003 668 1074 ούκ
682 1003 825 1093 ἀτερπὴς
840 1003 860 1092 ἡ
875 1011 939 1075 θέα
956 1015 1023 1076 τῶν
1038 1011 1074 1076 ἐν
1086 1013 1169 1093 Οίτη

161 1113 284 1174 παθῶν
299 1105 599 1192 ὑπομιμνήσκουσα
613 1101 692 1182 τούς
706 1106 882 1189 παρόντας.

566 1329 765 1340 Μαι*

462 1520 877 1590 ΕΙΚΟΝΕΣ.

248 1688 276 1749 l.
299 1690 514 1753 ΛΥΚΙΝΟΣ.
534 1682 619 1754 Ἀλλ’
636 1681 660 1773 ἦ
677 1689 831 1758 τοιοῦτόν
852 1689 963 1777 τιάρα
979 1695 1122 1776 ἔπασχον
1138 1694 1174 1758 οἱ

95 1797 146 1853 459
165 1780 226 1868 τὴν
243 1780 360 1868 Γοργοδ
377 1783 520 1870 ίδόντες,
536 1781 609 1853 οἷον
624 1786 688 1872 ίγοδ
704 1794 839 1874 ἔναγχος
854 1795 999 1873 ἔπαθον,
1018 1783 1171 1858 οδΠολύ-

165 1902 299 1967 στρατε,
320 1881 495 1967 παγκάλην
510 1881 584 1951 τινά
600 1900 744 1970 γυναῖκα
758 1886 855 1954 ίδεόν·
883 1884 963 1954 αύτδ
978 1884 1043 1973 γάρ
1057 1883 1094 1954 τό
1109 1893 1172 1953 τοῦ

165 1977 281 2064 μύθου
296 1979 403 2047 ἐκεῖνο
418 1987 540 2064 μικροῦ
560 1984 623 2048 δέω
638 1989 734 2061 λίθος
750 1986 783 2063 ἐξ
800 1982 987 2067 ἄνθρωπον
1003 2003 1056 2051 σοι
1072 2009 1171 2069 γεγο-

166 2079 258 2144 νέναι
273 2073 427 2163 πεπηγοδς
443 2075 509 2145 ύπδ
525 2086 585 2145 τοῦ
599 2081 781 2165 θαύματος.

250 2181 595 2244 ΠΟΛΥΣΤΡΑΤΟΣ.
613 2173 802 2263 Ἡράκλεις,
814 2175 984 2264 ὑπερφυές
994 2205 1025 2246 τι
1039 2177 1075 2246 τδ
1086 2183 1170 2247 θέα-

165 2300 210 2360 μα
225 2270 290 2357 φὴς
310 2272 365 2338 καὶ
386 2274 502 2348 δεινῶς
519 2279 647 2359 βίαιον,
672 2283 706 2342 εί
719 2300 756 2359 γε
779 2277 834 2343 καί
849 2284 998 2344 Λυκῖνον
1019 2280 1171 2362 ἐξέπληξε

165 2371 251 2457 γυνή
267 2395 315 2446 τις
332 2361 434 2435 ούσα·
457 2368 499 2436 σύ
515 2368 579 2455 γάρ
591 2368 656 2438 ὑπὸ
670 2372 731 2458 μὲν
742 2380 810 2439 τοῖν
824 2381 1004 2459 μειρακίων
1014 2378 1068 2442 καὶ
1079 2373 1171 2440 πάνυ

165 2471 286 2556 ῥᾳδίως
300 2465 379 2534 αὐτὰ
396 2467 546 2553 πάσχεις,
571 2467 654 2536 ὥστε
670 2477 796 2537 θᾶττον
815 2469 858 2537 άν
875 2497 923 2550 τις
938 2468 1018 2538 ὅλον
1032 2467 1092 2538 τδν
1106 2478 1169 2537 El-

166 2573 275 2632 πυλον
294 2564 543 2650 μετακινήσειεν
566 2562 587 2652 ἢ
608 2567 644 2633 σὲ
665 2574 732 2634 τῶν
753 2575 866 2636 καλῶν
887 2565 1009 2653 άπάγοι
1030 2566 1074 2654 μὴ
1097 2566 1170 2653 ούχλ

165 2662 368 2748 παρεστάναι
385 2659 497 2740 αὐτοῖς
517 2665 677 2750 κεχηνότα
693 2667 747 2733 καί
769 2667 1013 2751 ἐπιδακρύοντά
1032 2693 1071 2752 γε
1087 2675 1171 2733 πολ-

165 2761 259 2838 λάκις
272 2757 382 2846 ὥσπερ
395 2763 526 2846 ἐκείνην
537 2759 643 2849 αὐτὴν
654 2760 715 2848 τὴν
727 2770 787 2829 τοῦ
801 2764 984 2832 Ταντάλου.
1006 2762 1089 2849 ἀτὰρ
1101 2769 1173 2831 είπέ

165 2885 238 2946 μοι,
253 2867 302 2939 τίς
315 2856 334 2945 ἡ
350 2857 526 2938 λιθοποιὸς
540 2857 623 2946 αὕτη
637 2863 798 2928 Μέδουσα
811 2859 893 2947 ἡμῖν
906 2865 974 2929 ἐστι
984 2864 1040 2930 καί
1049 2863 1171 2946 πόθεν,

167 2955 210 3034 ιδς
224 2959 278 3025 καὶ
295 2955 388 3043 ἡμεῖς
399 2961 544 3044 ίδοιμεν·
567 2956 607 3025 ού
620 2955 686 3044 γάρ
703 2957 757 3042 ἄν,
774 2957 874 3046 οίμαι,
889 2959 1078 3046 φθονήσαις
1091 2957 1171 3044 ἡμῖν

165 3062 222 3140 της
235 3057 318 3134 θέας
333 3052 412 3122 οὐδὲ
432 3055 686 3142 ζηλοτυπήσαις,
710 3061 740 3124 εί
757 3058 933 3143 μέλλοιμεν
947 3061 1089 3142 πλησίον
1104 3077 1172 3120 που

165 3152 219 3218 καὶ
236 3149 329 3220 αὐτοὶ
344 3155 616 3238 παραπεπηγέναι
631 3172 684 3219 σοι
698 3153 833 3231 ἰδόντες.

248 3256 348 3316 AYK.
372 3253 437 3318 Καί
451 3248 519 3337 μὴν
534 3243 572 3317 εὖ
584 3253 706 3319 είδέναι
719 3250 783 3335 χρή
795 3269 849 3338 σε,
866 3248 909 3330 ὡς
921 3247 985 3318 κάν
997 3252 1033 3318 ἐκ
1048 3274 1170 3332 περιω-

166 3352 230 3432 πῆς
245 3347 351 3432 μόνον
366 3345 484 3438 άπίδης
498 3351 531 3426 ἐς
542 3345 665 3434 αὐτήν,
687 3345 791 3434 άχανη
806 3370 843 3416 σε
858 3350 994 3417 καὶτῶν
1009 3346 1165 3431 άνδριάν·
