2575 3842
164 184 274 241 ΠΩΣ
292 184 380 240 ΔΕΙ
400 183 643 241 ΙΣΤΟΡΙΑΝ
662 184 993 243 ΣῬΓΓΡΑΦΕΙΝ.
1063 178 1082 242 7

25 340 34 359 '
76 336 138 410 κάν
156 347 382 428 διαρραγῶσιν
404 345 627 420 ἐπαινοῦντες.
650 337 694 426 ἢν
709 343 745 410 δὲ
766 340 931 428 ἀμελήσας
945 346 1083 410 ἐκείνων

76 437 202 528 ἡδύνης
216 442 299 520 πέρα
312 445 374 505 τοῦ
388 445 523 522 μετρίου
540 435 602 524 τὴν
617 442 766 520 ἱστορίαν
783 437 908 522 μύθοις
924 442 976 507 καὶ
989 444 1082 507 ἐπαί-

75 561 144 614 νοις
161 537 217 602 καλ
228 542 268 622 τῇ
284 533 524 624 ἀλληθωπείηι,
539 533 663 620 τάχιστ’
677 531 720 602 ἀν
737 533 855 620 ὁμοίαν
872 534 979 622 αὐτὴν
990 541 1081 619 έξερ-
1100 567 1132 620 15

75 634 194 718 γάσαιο
210 640 256 722 τῷ
273 635 310 699 έν
324 636 432 721 Λυδία
442 629 611 713 Ἡρακλεῖ·
633 635 812 715 ἑωρακέναι
828 632 891 717 γάρ
906 635 946 699 σέ
957 658 1023 700 που
1035 640 1065 700 εί

75 729 131 810 κός
151 733 410 818 γεγραμμένον,
425 738 465 819 τῇ
483 728 634 817 Ὀμφάλη
657 731 878 813 δουλεύοντα,
908 731 1001 796 πάνυ
1021 729 1094 796 ἀλ-’

77 830 216 898 λόκοτον
232 827 357 914 σκευὴν
375 831 636 912 ἐσκευασμένον,
661 830 792 912 ἐκείνην
811 829 873 913 μέν
887 827 947 894 τόν
964 829 1081 895 λέοντα

77 923 179 992 αὐτοῦ
196 930 481 1012 περιβεβλημένην
496 929 550 994 καὶ
565 923 601 992 τό
619 925 720 1004 ξύλον
731 929 767 992 έν
782 933 821 1014 τῇ
831 928 914 1012 χειρὶ
928 930 1081 1010 ἔχουσαν,

76 1021 118 1100 ὡς
128 1020 292 1106 Ἡρακλέα
303 1028 410 1109 δῆθεν
420 1017 537 1108 οὖσαν,
550 1021 656 1090 αὐτόν
667 1024 703 1090 δέ
715 1026 751 1091 έν
762 1031 919 1113 κροκωτῷ
930 1027 985 1091 καί
996 1048 1082 1104 πορ-

75 1124 192 1205 φυρίδι
216 1126 287 1204 έρια
302 1125 456 1199 ξαίνοντα
472 1125 526 1188 καὶ
546 1122 732 1207 παιόμενον
752 1119 818 1188 ὑπό
840 1130 897 1206 τῆς
914 1120 1082 1206 Ὀμφάλης

73 1227 120 1306 τῷ
132 1222 317 1306 σανδαλίω·
336 1223 388 1286 καί
400 1217 437 1285 τό
446 1221 556 1303 θέαμα
568 1229 747 1304 αἴσχιστον,
759 1216 935 1303 ἀφεστῶσα
946 1218 966 1302 ἡ
979 1214 1081 1301 ἐσθὴς

75 1322 135 1382 τοῦ
152 1316 304 1402 σώματος
320 1317 375 1383 καὶ
395 1314 439 1401 μη
454 1315 700 1402 προσιζάνουσα
715 1319 769 1383 καὶ
790 1322 851 1381 τοῦ
865 1321 950 1382 θεοῦ
966 1313 1002 1381 τό
1019 1313 1081 1380 ἀν-

76 1416 201 1496 δρῶδες
211 1410 405 1498 ἀσχημόνως
415 1414 742 1499 καταθηλυνόμενον.
760 1421 809 1482 11.
821 1417 876 1482 καὶ
884 1418 918 1481 οί
926 1415 988 1498 μὲν
997 1422 1081 1482 πολ-

77 1510 125 1575 λοὶ
140 1517 220 1587 ίσως
231 1509 285 1575 καὶ
296 1510 399 1576 ταῦτά
411 1530 473 1577 σου
485 1511 725 1593 ἐπαινέσονται,
741 1515 775 1578 οί
783 1509 889 1596 ὀλίγοι
900 1511 936 1578 δέ
948 1512 1079 1592 ἐκείνοι,

78 1598 124 1674 όν
139 1606 184 1673 σύ
199 1623 434 1693 καταφρονεῖς,
456 1609 544 1693 μάλα
559 1605 623 1694 ἡδύ
639 1610 694 1676 καὶ
710 1612 742 1687 ές
754 1607 858 1694 κόρον
871 1607 1078 1693 γελάσονται,

77 1701 219 1788 ὁρῶντες
236 1701 273 1770 τό
290 1702 491 1790 ἀσύμφυλον
514 1708 568 1773 καὶ
585 1703 796 1791 ἀνάρμοστον
815 1709 870 1773 καὶ
890 1707 1077 1789 δυσκόλλη-
1096 1723 1128 1777 16

76 1827 134 1868 τον
142 1806 205 1866 τοῦ
217 1800 417 1886 πράγματος.
437 1803 577 1869 ἑκάστου
587 1800 652 1888 γάρ
664 1800 703 1888 δὴ
717 1801 805 1869 ίδιόν
816 1828 847 1868 τι
859 1802 963 1868 καλόν
974 1803 1077 1868 ἐστιν·

77 1906 105 1967 εί
117 1899 154 1966 δὲ
168 1906 268 1964 τοῦτο
284 1899 507 1983 ἐναλλάξειας,
524 1899 662 1978 ἀκαλλὲς
677 1897 714 1966 τό
726 1896 806 1965 αύτό
822 1896 912 1983 παρά
926 1897 987 1983 την
997 1905 1079 1984 χρη-

77 2017 129 2063 σιν
144 2002 304 2080 γίγνεται.
328 1999 370 2064 ἐῶ
385 2001 495 2084 λέγειν
511 1996 561 2065 ὅτι
577 2003 610 2065 οί
624 2003 753 2064 ἔπαινοι
769 1998 818 2062 ἑνὶ
832 1997 894 2079 μὲν
910 2004 989 2072 ἴσως
1004 2019 1078 2078 τερ-

76 2100 169 2178 πνοί,
186 2101 233 2181 τῷ
248 2095 492 2184 ἐπαινουμένῳ,
510 2109 578 2173 τοῖς
593 2091 623 2160 δ’
639 2092 751 2169 ἀλλοις
762 2095 932 2176 ἐπαχθεῖς,
950 2093 1003 2156 καὶ
1015 2090 1079 2174 μα’-

77 2201 169 2258 λιστα
184 2185 229 2274 ἢν
239 2187 421 2277 ὑπερφυεῖς
432 2192 490 2272 τάς
500 2189 688 2279 ὑπερβολάς
699 2197 833 2276 ἔχωσιν,
848 2193 941 2266 οἵους
957 2185 1080 2266 αὐτούς

76 2295 107 2356 οί
116 2291 235 2356 πολλοὶ
247 2287 502 2375 ἀπεργάζονται,
513 2288 575 2376 τὴν
587 2287 723 2356 εὔνοιαν
735 2287 797 2374 την
804 2284 895 2371 παρὰ
907 2293 974 2352 τών
986 2288 1079 2352 ἐπαι-

76 2387 252 2472 νουμένων
272 2389 464 2475 θηρώμενοι
479 2390 533 2457 καὶ
554 2393 815 2476 ἐνδιατρίβοντες
829 2383 904 2472 ἀχρι
924 2392 984 2452 τοῦ
998 2391 1079 2451 πᾶσι

76 2490 234 2570 προφανῆ
250 2481 312 2570 τὴν
331 2493 508 2554 κολακείαν
530 2486 786 2570 ἐξεργάσασθαι·
815 2481 894 2550 οὐδὲ
913 2480 977 2568 γάρ
995 2480 1078 2549 κατά

74 2585 194 2668 τέχνην
205 2578 287 2648 αὐτό
300 2586 385 2667 δράν
396 2593 508 2652 ίσασιν
519 2582 593 2651 οὐδ’
606 2583 830 2664 ἐπισκιάζουσι
843 2580 905 2669 τὴν
916 2588 1078 2664 θωπείαν,

75 2678 147 2748 ἀλλ’
166 2679 365 2765 ἐμπεσόντες
386 2678 496 2768 ἀθρόα
517 2683 625 2751 πάντα
645 2686 700 2749 καὶ
721 2679 870 2749 ἀπίθανα
892 2683 947 2749 καὶ
967 2677 1078 2766 γυμνά

75 2783 244 2859 διεξίασιν.
269 2785 319 2848 12.
336 2777 413 2847 ὥστ’
432 2780 511 2850 οὐδὲ
522 2783 746 2869 τυγχάνουσιν
761 2773 804 2848 οὗ
814 2780 955 2866 μάλιστα
967 2783 1078 2864 έφίεν-
1112 2777 1116 2786 ’

75 2904 142 2945 ται·
175 2883 209 2946 οἱ
225 2875 290 2965 γάρ
311 2882 546 2968 ἐπαινούμενοι
567 2879 651 2967 πρός
672 2877 782 2947 αὐτῶν
798 2886 932 2964 μισοῦσι
952 2883 1079 2961 μᾶλλον

74 2978 128 3044 καὶ
142 2973 412 3062 ἀποστρέφονται
424 2977 468 3059 ὡς
480 2981 639 3064 κόλακας,
656 2971 695 3044 εὖ
706 2983 898 3059 ποιοῦντες,
915 2976 969 3040 καὶ
981 2972 1080 3057 μάλι-

73 3097 132 3142 στα
146 3070 192 3162 ἦν
205 3071 389 3161 ἀνδρώδεις
401 3076 460 3158 τάς
476 3079 611 3166 γνώμας
623 3069 721 3143 ώσιν·
744 3073 855 3157 ὥσπερ
868 3071 1079 3156 Ἀριστόβου-

72 3185 128 3254 λος
149 3183 359 3260 μονομαχίαν
380 3177 510 3262 γράψας
531 3175 750 3255 Ἀλεξάνδρου
776 3175 830 3240 καὶ
852 3169 995 3256 Πώρου,
1025 3172 1078 3238 καλ

73 3271 281 3359 ἀναγνόντος
299 3270 387 3362 αὐτῷ
404 3280 502 3342 τοῦτο
523 3269 716 3360 μάλιστατὸ
736 3276 858 3356 χωρίον
872 3275 930 3354 τῆς
946 3276 1076 3356 γραφῆς
1096 3281 1127 3339 17

74 3411 109 3421 -
124 3369 208 3463 ᾤετο
233 3367 297 3456 γάρ
319 3381 505 3456 χαριεῖσθαι
525 3369 564 3438 τά
581 3374 718 3457 μέγιστα
736 3376 782 3462 τῷ
800 3377 931 3458 βασιλεῖ
943 3372 1081 3451 ἐπιψευ-
