2575 3842
168 153 230 216 312
509 153 838 231 [ΛονΚιΑαον]

166 310 252 400 ἡμᾶς
267 312 379 393 ξύλοις
394 318 547 391 παίοντες
567 311 719 399 ήλαυνον
735 317 780 392 είς
800 311 837 381 τό
855 312 933 400 όρος
948 313 1094 406 ἀτρέπτῳ
1111 313 1178 405 ὁδῷ

98 431 149 484 584
169 412 307 496 φεύγειν
325 409 535 496 πειρώμενοι.
558 407 598 476 τά
610 411 673 495 μὲν
687 402 751 478 οὖν
762 409 846 479 ἀλλα
858 411 963 498 κτήνη
975 410 1039 480 ούκ
1053 419 1117 498 ἔχω
1129 417 1178 479 εί-

167 523 242 576 πεῐν
258 507 278 576 ό
294 534 325 576 τι
339 514 498 594 ἔπασχεν,
522 505 586 594 ἐχω
602 509 637 575 δὲ
652 506 862 595 ἀνυπόδητος
878 507 1054 596 ἀσυνήθης
1069 506 1178 576 ἀπιών

166 608 300 692 πέτραις
312 603 431 685 ὀξείαις
448 608 648 692 ἐπιβαίνων,
663 613 807 672 τοσαῦτα
818 605 922 692 σκεύη
938 609 1053 690 φέρων
1063 604 1179 674 ἀπωλ-

167 705 287 789 λύμην.
306 707 360 770 καλ
373 703 531 780 πολλάκις
541 708 775 789 προσέπταιον,
788 706 843 771 καὶ
853 702 916 770 οὐκ
931 697 976 790 ήν
987 702 1061 783 ἐξόν
1073 730 1178 771 κατα-

167 817 296 887 πεσεῖν,
312 803 366 868 καλ
383 797 488 878 εὐθύς
500 799 599 878 ἀλλος
613 798 757 869 όπισθεν
773 798 857 869 κατά
872 809 940 869 τῶν
953 808 1070 889 μηρῶν
1080 807 1178 890 ἐπαιε

167 901 264 989 ξύλω.
287 900 357 966 ἐπεὶ
369 898 404 965 δὲ
416 898 574 976 πολλάκις
587 891 613 965 ὦ
626 906 756 982 Καῖσαρ
769 896 954 985 ἀναβοῆσαι
968 899 1176 985 ἐπεθύμουν,

167 994 268 1064 ούδέν
283 995 363 1063 ἄλλο
385 991 407 1081 ή
425 993 605 1083 άγκύμην,
629 998 685 1065 καί
700 993 737 1064 τό
754 997 816 1082 μὲν
831 988 857 1063 ὦ
871 999 1027 1082 μέγιστον
1047 996 1102 1062 καὶ
1118 993 1178 1063 εύ-

166 1094 363 1181 φωνότατον
378 1095 495 1182 ἐβόων,
513 1092 549 1162 τό
566 1096 602 1162 δὲ
615 1102 744 1178 Καίσαρ
759 1090 822 1161 ούκ
833 1093 1065 1179 ἐπηκολούθει.
1090 1089 1175 1159 ἀλλὰ

166 1192 233 1280 μὴν
249 1194 303 1260 καί
320 1191 365 1260 δι’
386 1189 467 1261 αύτό
482 1200 579 1260 τοῦτο
597 1193 786 1278 ἐτυπτόμην
802 1189 845 1270 ὡς
860 1187 1041 1277 προδιδούς
1053 1188 1176 1270 αύτούς

166 1298 211 1380 τῷ
226 1289 395 1382 όχκηθμῷ.
420 1288 542 1378 μαθων
560 1282 624 1356 οὖν
642 1288 693 1357 ότι
706 1289 816 1368 άλλως
833 1288 956 1375 ἐβόων,
972 1295 1082 1373 ἔγνων
1097 1292 1176 1376 σιμή

166 1391 317 1471 προϊέναι
334 1391 388 1456 καὶ
405 1393 595 1474 κερδαίνειν
608 1382 643 1453 τδ
663 1385 708 1472 μή
725 1395 894 1455 παίεσθαι.
929 1389 977 1454 17.
995 1387 1047 1453 ἐπὶ
1068 1385 1176 1474 τούτῳ

165 1483 270 1572 ἡμέρα
288 1511 323 1552 τε
343 1484 406 1571 ήδη
422 1479 482 1572 ήν,
505 1488 559 1553 καί
580 1482 673 1570 ἡμεῖς
690 1483 751 1571 όρη
771 1483 878 1554 πολλὰ
899 1483 1175 1572 άναβεβήκειμεν,

167 1586 221 1650 καὶ
235 1584 380 1667 στόματα
396 1582 431 1649 δὲ
446 1580 542 1669 ἡμῶν
556 1588 667 1674 δεσμῷ
684 1585 844 1668 ἐπείχετο,
860 1578 904 1660 ὡς
918 1581 962 1667 μή
975 1581 1177 1667 περιβοσκό-

165 1706 260 1766 μενοι
274 1677 336 1764 τήν
348 1677 430 1747 ὁδὸν
445 1683 476 1759 ές
491 1678 527 1748 τό
548 1679 685 1765 ἀριστον
699 1678 951 1766 ἀναλίσκοιμεν·
974 1676 1057 1746 ὥστε
1070 1681 1103 1756 ἐς
1113 1703 1174 1762 την

164 1766 237 1845 τότε
252 1778 306 1844 καὶ
322 1782 434 1862 ἔμεινα
450 1775 537 1856 όνος.
561 1781 631 1846 ἐπεὶ
649 1780 684 1846 δέ
700 1771 744 1864 ήν
758 1775 840 1845 αὐτό
855 1774 893 1844 τό
906 1779 1009 1863 μέσον
1024 1783 1082 1862 τῆς
1091 1773 1177 1862 ήμέ-

165 1903 239 1962 ρας,
258 1876 466 1964 καταλύομεν
482 1887 527 1955 είς
541 1904 615 1945 τινα
631 1882 771 1945 ἔπαυλιν
783 1876 947 1962 συνήθων
961 1878 1100 1952 ἐκείνοις
1111 1871 1175 1939 ἀν-

164 1974 331 2061 θρώπων,
354 1973 436 2044 ὅσον
454 1969 499 2064 ἦν
513 1980 549 2046 ἐκ
565 1985 633 2044 τοῖν
648 1979 837 2062 γινομένων
853 1988 1006 2042 σκοπεῖν·
1035 1975 1089 2039 καί
1108 1969 1175 2056 γάρ

93 2083 145 2138 585
167 2072 351 2160 φιλήμασιν
365 2070 550 2160 ήσπάζοντο
568 2071 734 2158 ἀλλήλους
753 2073 809 2139 καί
824 2068 1003 2140 καταλύειν
1020 2071 1176 2137 ἐκέλευον

165 2169 288 2250 αύτούς
302 2175 335 2238 οί
350 2174 386 2239 έν
401 2179 440 2259 τῇ
455 2170 591 2239 ἐπαύλει
607 2173 662 2239 καί
673 2174 870 2256 παρέθηκαν
884 2167 1022 2253 ἀριστον
1037 2169 1091 2235 καὶ
1106 2180 1177 2245 τοῖς

164 2270 320 2355 κτήνεσιν
338 2267 418 2355 ἡμῖν
441 2271 631 2356 παρέβαλον
653 2275 779 2353 κριθία.
813 2270 867 2336 καὶ
890 2271 924 2334 οί
936 2268 999 2353 μὲν
1015 2264 1175 2353 ήρίστων,

165 2365 227 2451 ἐμοὶ
245 2368 281 2435 δέ
296 2370 436 2435 ἐπείνων
451 2371 513 2455 μὲν
528 2375 653 2446 κακῶς
677 2365 751 2437 ἀλλ’
768 2364 880 2451 ἐπειδὴ
899 2363 994 2432 ούπω
1008 2365 1082 2432 τότε
1097 2389 1175 2449 κρι-

164 2461 231 2541 θάς
247 2461 337 2548 ἀμάς
349 2462 548 2552 ήριστήκειν,
567 2468 780 2554 ἐσκοπούμην
791 2465 811 2535 ὅ
822 2493 853 2534 τι
867 2467 922 2533 καὶ
936 2463 1172 2551 καταφάγοιμι.

165 2559 233 2646 ὁρῶ
250 2561 286 2630 δέ
300 2568 408 2647 κῆπον
425 2561 529 2631 αύτοῦ
550 2563 656 2632 ὀπίσω
675 2575 732 2652 τῆς
747 2565 867 2652 αὐλῆς,
890 2567 945 2633 καὶ
962 2562 1025 2649 εἶχε
1046 2562 1175 2647 λάχανα

165 2657 271 2727 πολλά
287 2662 343 2728 καί
357 2658 442 2729 καλά
466 2665 521 2731 καὶ
542 2663 625 2752 ῥόδα
646 2662 730 2750 ὑπὲρ
745 2664 858 2733 αὐτῶν
880 2666 1051 2749 ἐφαίνετο·
1080 2657 1175 2745 κάχω

165 2759 283 2828 λαθων
298 2761 423 2840 πάντας
444 2759 523 2840 τούς
543 2767 643 2831 ἔνδον
659 2762 926 2850 ἀσχολουμένους
944 2763 1019 2847 περὶ
1041 2759 1078 2828 τό
1098 2759 1176 2843 ἀρι-

165 2883 244 2927 στον
261 2867 397 2948 ἔρχομαι
412 2863 464 2929 ἐπὶ
479 2859 539 2930 τόν
556 2869 680 2948 κῆπον,
705 2869 803 2931 τούτο
820 2861 882 2948 μὲν
900 2857 1000 2947 ἀμῶν
1019 2858 1177 2944 λαχάνων

166 2961 499 3048 ἐμπλησθησόμενος,
518 2969 615 3029 τοῦτο
631 2961 668 3030 δὲ
683 2968 751 3028 τῶν
766 2958 878 3042 ῥόδων
891 2958 1005 3025 ἕνεκα·
1029 2961 1137 3040 ἐλοχιζ
1146 2955 1154 2976 '

165 3085 232 3144 μην
246 3056 311 3144 γάρ
330 3057 380 3129 ὅτι
393 3065 500 3148 δῆθεν
512 3059 632 3148 φαγὼν
643 3068 711 3128 τῶν
727 3055 861 3126 ἀνθέων
873 3057 977 3124 πάλιν
990 3055 1176 3138 ἅνθρωπος

166 3161 291 3243 ἐσομαι.
315 3156 383 3225 εἶτα
400 3156 503 3245 έμβάς
520 3165 565 3237 είς
579 3156 640 3227 τόν
655 3167 765 3245 κῆπον
777 3157 954 3241 θριδάκων
967 3157 1029 3241 μὲν
1043 3157 1098 3223 καί
1111 3157 1176 3242 ῥα-

166 3259 319 3338 φανίδων
335 3259 388 3324 καὶ
405 3264 562 3342 σελίνων,
586 3256 650 3325 όσα
667 3256 739 3344 ἀμά
755 3259 861 3325 ἐσθίει
879 3255 1076 3342 ἄνθρωπος,
1099 3258 1175 3321 ένε-

166 3352 340 3437 πλήσθην,
356 3353 395 3422 τά
413 3359 449 3423 δὲ
464 3357 547 3442 ῥόδα
560 3360 669 3425 ἐκεῖνα
681 3356 743 3424 ούκ
753 3350 797 3443 ήν
811 3357 895 3444 βόδα
910 3354 1072 3441 ἀληθινά,
1086 3351 1127 3421 τά
1139 3351 1172 3421 δ’
