2575 3842
404 196 525 253 ΠΕΡΙ
545 197 821 256 ΟΡΧΗΣΕΩΣ.
1053 199 1114 262 155

108 360 252 442 λε’ληθεν
266 353 317 422 ότι
338 355 454 421 πολλοὶ
468 352 533 440 πρὸ
548 350 644 438 ἡμῶν
659 357 735 435 περὶ
750 353 914 440 ὀρχήσεως
928 381 1113 444 συγγεγρα-

6 461 7 516 λ
107 453 209 540 φότες
227 449 289 537 τήν
310 457 466 536 πλείστην
487 447 663 536 διατριβήν
685 458 742 536 τῆς
762 460 893 538 γραφής
917 455 1112 541 ἐποιήσαντο

108 550 218 617 πάντα
233 556 289 635 τῆς
305 544 470 634 ὀρχήσεως
483 544 524 614 τά
536 552 607 632 είδη
623 548 805 628 ἐπεξιόντες
820 553 876 619 καὶ
889 549 1035 638 ὀνόματα
1049 550 1113 620 αύ-

107 654 177 714 τῶν
193 650 427 731 καταλέγοντες
442 648 497 714 καὶ
518 650 570 712 οἵα
590 643 709 731 ἑκάστη
726 648 781 715 καλ
800 645 864 732 ὑφ’
884 646 964 716 ότου
978 646 1112 734 εὑρέθη,

109 748 338 830 πολυμαθείας
353 741 478 827 ταύτην
494 744 652 821 ἐπίδειξιν
667 740 849 830 ἡγούμενοι
866 750 1028 833 παρέξειν.
1049 744 1112 833 ἐγώ

110 839 146 906 δὲ
161 841 302 924 μάλιστα
317 839 379 925 μὲν
391 836 454 925 τήν
470 842 545 924 περὶ
559 847 663 907 ταῦτα
680 849 871 928 φιλοτιμίαν
890 840 1114 929 ἀπειρόκαλόν

108 939 209 1004 τεκαὶ
223 934 375 1022 ὀψιμαθῆ
390 937 445 1004 καὶ
459 939 588 1026 ἐμαυτῷ
604 935 746 1023 ἀκαιρον
758 948 871 1025 οἴομαι
885 937 970 1007 εἶναι
986 943 1041 1008 καὶ
1057 940 1113 1007 διὰ

111 1041 209 1102 τοῦτο
229 1039 378 1119 παρίημι.
410 1039 461 1101 34.
488 1040 598 1101 ἔπειτα
615 1035 652 1101 δέ
671 1032 806 1102 κάκεῖνό
827 1057 864 1103 σε
884 1033 966 1116 ἀξιῶ
985 1039 1115 1104 ἐννοεῖν

108 1133 163 1199 καὶ
179 1138 386 1218 μεμνῆσθαι,
401 1129 451 1200 ὅτι
464 1157 520 1218 μοι
535 1138 601 1199 νῦν
616 1129 657 1198 ού
671 1138 782 1199 πᾶσαν
793 1130 930 1218 ὄρχησιν
942 1134 1115 1219 πρόκειται

108 1239 338 1316 γενεαλογεῖν,
360 1227 439 1298 οὐδὲ
460 1237 579 1297 τοῦτον
593 1227 654 1296 τόν
669 1227 797 1296 σκοπόν
816 1227 1053 1317 ὑπεστησάμην
1068 1240 1114 1321 τῷ

109 1328 198 1419 λόγῳ
220 1327 389 1415 ὀρχήσεων
409 1327 556 1414 ὀνόματα
579 1328 894 1415 καταριθμήσασθαι
914 1326 1002 1413 πλὴν
1025 1326 1115 1396 ὅσων

108 1430 146 1493 ἐν
157 1423 240 1514 ἀρχή
252 1423 374 1511 ὀλίγων
385 1426 600 1512 ἐπεμνήσθην
610 1421 669 1502 τάς
677 1427 895 1510 γενικωτέρας
905 1423 1017 1492 αὐτῶν
1027 1451 1113 1510 προ-

108 1523 353 1608 χειρισάμενος·
374 1521 458 1592 ἀλλά
472 1523 511 1591 τό
528 1549 566 1608 γε
586 1525 683 1611 ἐντῷ
699 1523 840 1607 παρόντι
854 1548 911 1608 μοι
927 1522 1112 1608 κεφάλαιον

109 1628 169 1687 τοῦ
184 1621 288 1706 λόγου
297 1621 396 1688 τοῦτό
407 1623 475 1688 ἐστι
490 1620 551 1706 τὴν
564 1627 629 1687 νῦν
642 1619 780 1705 ὄρχησιν
790 1626 1008 1687 καθεστῶσαν
1017 1622 1113 1687 ε’παι-

109 1722 204 1785 νέσαι
218 1719 274 1784 καλ
288 1720 389 1795 δεῖξαι
406 1715 468 1784 ὅσα
489 1719 525 1784 ἐν
545 1714 629 1802 αὑτῇ
647 1714 771 1798 τερπνὰ
786 1719 841 1784 καὶ
855 1717 998 1802 χρήσιμα
1017 1741 1113 1801 περι-

110 1823 259 1903 λαβοῦσα
279 1821 360 1901 ἔχει,
388 1815 428 1883 ού
451 1815 552 1884 πάλαι
570 1813 735 1901 ἀρξαμένη
757 1818 789 1892 ἐς
812 1823 972 1884 τοσοῦτον
992 1816 1113 1893 κάλλος

3 1935 6 1944 ’
110 1913 313 1998 ἐπιδιδόναι,
333 1911 416 1981 ἀλλά
438 1911 522 1980 κατά
540 1911 600 1979 τὸν
614 1909 789 1999 Σεβαστόν
809 1912 966 1996 μάλιστα·
994 1919 1031 1980 αί
1048 1913 1110 1998 μὲν
1129 1930 1181 1985 288

108 2007 173 2094 γάρ
191 2015 318 2092 πρῶται
340 2012 462 2076 ἐκεῖναι
480 2007 589 2092 ὥσπερ
610 2008 699 2086 τινὲς
718 2011 803 2095 ῥίζαι
823 2011 878 2077 καὶ
896 2012 1035 2093 θεμέλια
1055 2018 1113 2096 τῆς

109 2105 275 2192 ὀρχήσεως
289 2099 392 2191 ήσαν,
414 2104 450 2174 τδ
468 2109 504 2174 δὲ
518 2104 624 2183 ἀνθος
644 2102 745 2191 αὐτῆς
762 2107 817 2173 καὶ
835 2102 895 2171 τὸν
911 2105 1112 2173 τελειότατον

109 2204 257 2291 καρπόν,
279 2202 361 2290 ὅπερ
376 2211 442 2272 νῦν
454 2206 596 2290 μάλιστα
617 2206 651 2280 ἐς
663 2200 701 2269 τδ
722 2201 907 2288 ἀκρότατον
921 2199 1112 2271 ἀποτετέλε-

108 2324 199 2387 σται,
217 2307 315 2369 τοῦτο
332 2309 397 2368 νύν
417 2300 434 2368 ὁ
449 2299 606 2388 ἡμέτερος
621 2301 720 2384 λόγος
733 2303 927 2385 διεξέρχεται
944 2304 1057 2388 παρεὶς
1074 2300 1110 2370 τὸ

106 2403 383 2486 θερμαυστρίζειν
399 2401 454 2466 καὶ
466 2401 610 2484 γέρανον
621 2396 793 2483 ὀρχεῖσθαι
806 2401 861 2466 καί
870 2392 974 2467 τάλλα
990 2396 1034 2478 ὡς
1047 2426 1111 2486 μη-

107 2499 167 2567 δὲν
181 2503 221 2586 τῇ
235 2503 303 2564 νῦν
314 2496 419 2585 ταύτη
439 2503 485 2565 ἐτι
506 2498 734 2584 προσήκοντα·
766 2497 846 2566 ούδὲ
864 2496 930 2585 γάρ
952 2501 1058 2567 ἐκεῖνο
1073 2496 1110 2566 τό

108 2596 262 2683 Φρύγιον
275 2602 332 2682 τῆς
354 2594 519 2682 ὀρχήσεως
533 2596 619 2674 εἶδος
633 2593 671 2664 τὸ
688 2603 864 2681 παροίνιον
878 2599 933 2665 καὶ
950 2618 1112 2684 συμποτι-

108 2693 172 2763 κὸν
192 2694 274 2781 μετά
294 2696 400 2781 μέθης
415 2694 634 2780 γιγνόμενον,
661 2693 828 2781 ἀγροίκων
850 2697 1009 2776 πολλάκις
1027 2694 1111 2781 πρὸς

107 2791 241 2878 αύλημα
260 2805 453 2876 γυναικεῖον
476 2788 690 2878 όρχουμένων
712 2790 843 2877 σφοδρά
863 2797 919 2862 καὶ
940 2791 1111 2879 καματηρά

107 2891 284 2976 πηδήματα
298 2890 354 2957 καὶ
367 2897 433 2957 νῦν
449 2895 495 2958 ἐτι
506 2904 576 2968 ταῖς
586 2889 770 2977 ἀγροικίαις
784 2891 1036 2975 ἐπιπολάζοντα,
1052 2888 1110 2958 ὑπ’

107 2988 245 3075 ἀγνοίας
260 2991 459 3075 παρέλιπον,
483 2986 556 3057 ἀλλ’
574 2986 625 3056 ότι
637 2989 742 3075 μηδὲν
757 2997 860 3057 ταῦτα
879 2998 920 3078 τῇ
935 2998 1000 3057 νῦν
1013 2988 1113 3076 ὀργή-

107 3108 159 3156 σει
167 3101 330 3155 κοινωνεῖ.
343 3083 470 3173 καὶγὰρ
484 3083 653 3155 ὁΠλάτων
660 3088 697 3153 ἐν
705 3101 773 3163 τοῖς
779 3086 909 3171 Νόμοις
917 3084 957 3153 τά
966 3089 1028 3173 μέν
1037 3113 1112 3155 τινα

107 3190 180 3272 εῖδη
198 3187 329 3254 ἐπαινεῖ
344 3185 478 3271 ταύτης,
504 3183 544 3253 τά
565 3188 601 3253 δέ
617 3184 709 3252 πάνυ
725 3181 861 3262 ἀπαξιοῖ
871 3187 1011 3270 διαιρῶν
1026 3183 1111 3252 αύτά

106 3288 140 3361 ἐς
153 3307 189 3350 τε
206 3277 243 3350 τδ
260 3279 406 3369 τερπνόν
423 3283 477 3350 καὶ
491 3281 528 3351 τό
542 3282 706 3369 χρήσιμον
720 3283 775 3349 καὶ
789 3278 988 3350 ἀπελαύνων
999 3281 1111 3352 αὐτῶν

106 3380 147 3451 τά
158 3379 441 3468 ἀσχημονέστερα,
454 3387 625 3468 προτιμῶν
636 3381 672 3447 δὲ
683 3382 738 3449 καὶ
748 3379 932 3467 θαυμάζων
941 3381 1079 3463 θάτερα.
