2575 3842
179 180 241 241 390
539 179 829 237 AOYKIANOY

178 355 246 417 τοῖς
258 340 442 425 προφήταις
453 341 505 406 ἐπὶ
516 344 634 426 σοφίᾳ,
652 340 707 405 καὶ
718 341 750 416 ἐς
760 336 800 404 τά
813 335 918 405 ἀδυτα
931 337 1106 406 κατελθιὸν
1118 343 1191 418 ἐξέ·

178 448 292 523 μαθον
312 434 370 513 τάς
389 443 526 522 βίβλους
545 433 604 511 τάς
617 434 726 520 Ὥρου
746 438 800 503 καὶ
812 433 946 519 Ἴσιδος,
968 438 1022 502 καὶ
1037 430 1140 515 αὖθις
1156 441 1192 513 ἐς

174 533 313 604 Ἰταλίαν
325 532 507 609 ἐκπλεύσας
521 531 610 599 οὕτω
622 536 764 617 διέθηκα
775 529 854 610 τούς
865 531 938 599 κατ’
953 535 1061 600 ἐκεῖνα
1068 532 1190 619 Ἕλλη-

179 659 253 716 νας,
271 630 354 698 άσκε
368 629 453 698 θεὸν
470 624 555 717 ἦγόν
569 656 620 715 με.

263 735 362 796 ΜΙΚ.
377 727 526 794 Ἤκουσα
540 735 643 794 ταῦτα
658 730 712 795 καὶ
727 723 771 805 ὥς
786 727 914 806 δόξειας
925 725 1188 813 ἀναβεβιωκέναι

179 823 366 894 ἀποθανών
386 829 440 893 καὶ
464 824 508 904 ὡς
527 831 677 910 χρυσοῦν
695 822 755 890 τόν
778 822 887 909 μηρόν
908 824 1084 904 ἐπιδείξαιό
1107 851 1189 893 ποτε

180 923 299 1002 αὐτοῖς.
325 927 431 991 ἐκεῖνο
449 927 488 989 δέ
499 948 555 1007 μοι
572 923 658 1007 είπέ,
672 929 706 989 τί
717 943 771 989 σοι
786 925 911 1006 ἐπῆλθε
925 922 1032 1006 νόμον
1045 922 1189 1008 ποιήσα-

179 1033 261 1089 σθαι
277 1021 358 1108 μήτε
373 1028 482 1105 κρεῶν
498 1019 578 1106 μήτε
593 1019 734 1103 κυάμων
750 1023 893 1097 ἐσθίειν;

263 1126 394 1187 AAEK.
415 1116 475 1204 Μὴ
492 1115 652 1199 ἀνάκρινε
669 1115 877 1201 τὰτοιαῦτα,
895 1109 1098 1185 άΜίκνλλε.

264 1222 364 1283 MIK.
387 1214 455 1283 Διά
468 1222 515 1299 τί,
533 1207 558 1281 ὦ
575 1213 784 1298 ἀλεκτρυων;

262 1319 393 1379 ΑΛΕΚ.
415 1311 486 1379 Ὅτι
510 1311 707 1398 αίσχύνομαι
728 1313 838 1396 λέγειν
857 1311 940 1396 πρὸς
961 1314 998 1378 σὲ
1018 1309 1080 1396 την
1103 1309 1190 1398 ἀλή-

179 1419 279 1476 θειαν
295 1406 378 1493 ὑπὲρ
394 1407 514 1476 αὐτῶν.

110 1519 162 1575 730
265 1514 365 1575 ΜΙΚ.
387 1510 452 1574 Καὶ
466 1506 533 1593 μὴν
548 1506 648 1574 οὐδὲν
663 1510 763 1593 ἐχρῆν
777 1505 890 1574 ὀκνεῖν
904 1509 1014 1591 λέγειν
1028 1504 1112 1592 πρός
1126 1506 1189 1573 ἀν-

181 1611 243 1690 δρα
254 1604 413 1672 σύνοικον
423 1608 477 1672 καλ
488 1611 604 1688 φίλον·
617 1605 782 1691 δεσπότην
791 1602 856 1690 γάρ
867 1603 929 1672 οὐκ
939 1600 982 1670 ἀν
994 1601 1039 1670 ἔτ’
1052 1613 1187 1688 εἴποιμι.

264 1709 396 1768 ΑΑΕΚ.
417 1700 527 1769 Ούδὲν
542 1700 634 1787 ὑγιὲς
651 1701 731 1769 οὐδὲ
750 1701 861 1789 σοφόν
879 1695 939 1787 ἦν,
962 1698 1045 1768 ἀλλά
1061 1701 1188 1785 ἑώρων,

180 1798 231 1866 ότι
249 1804 279 1867 εί
293 1800 354 1884 μὲν
368 1799 408 1867 τά
423 1801 557 1886 συνήθη
572 1804 626 1868 καὶ
640 1798 764 1868 ταύτόν
779 1816 847 1878 τοῖς
860 1810 995 1878 πολλοῖς
1011 1805 1187 1884 νομίζοιμι,

179 1895 296 1984 ἥκιστα
314 1897 536 1984 ἐπισπάσομαι
551 1895 629 1975 τούς
646 1896 851 1982 ἀνθρώπους
868 1901 900 1976 ἐς
914 1896 951 1964 τό
966 1904 1099 1982 θαῦμα,
1118 1894 1188 1984 όσφ

180 1993 211 2060 δ’
231 1990 276 2060 ἀν
296 1997 467 2081 ξενίζοιμι,
489 1995 637 2086 τοσούτῳ
655 1996 852 2082 σεμνότερος
868 1994 963 2086 ςόμην
984 1992 1095 2072 αὐτοῖς
1114 1999 1178 2061 ἔσε

179 2103 270 2159 σθαι.
295 2091 350 2159 διὰ
365 2101 463 2160 τοῦτο
476 2109 681 2161 καινοποιεῖν
693 2093 831 2178 εἱλόμην
845 2091 1035 2178 ἀπόρρητον
1045 2092 1187 2177 ποιησά-

179 2217 279 2277 μενος
294 2191 355 2277 τὴν
371 2199 495 2276 αίτίαν,
525 2189 568 2270 ὡς
589 2194 773 2272 είκάζοντες
797 2190 896 2270 ἀλλος
917 2189 1025 2268 άλλως
1044 2190 1185 2267 ἅπαντες

180 2290 423 2373 ἐκπλήττωνται
440 2289 594 2372 καθάπερ
612 2292 665 2356 ἐπὶ
685 2305 753 2368 τοῖς
770 2287 913 2376 ἀσαφέσι
931 2296 1000 2356 των
1018 2296 1175 2376 χρησμῶν

180 2382 277 2473 ὁρᾷς;
299 2395 480 2475 καταγελᾷς
495 2413 561 2472 μου
577 2390 632 2455 καὶ
647 2386 690 2454 σύ
706 2391 743 2455 ἐν
757 2397 804 2478 τῷ
821 2391 924 2475 μέρει.

264 2490 362 2551 ΜΙΚ.
393 2484 444 2550 Ού
460 2494 621 2554 τοσοῦτον
642 2485 724 2554 ὅσον
739 2495 984 2570 Κροτωνιατῶν
999 2488 1055 2555 καὶ
1070 2493 1178 2554 Μετα-

179 2588 347 2647 ποντίνων
368 2583 422 2648 καὶ
442 2590 657 2665 Ταραντίνων
677 2589 816 2654 καὶτῶν
837 2586 949 2655 ἀλλων
962 2583 1112 2670 ἀφώνων
1134 2606 1184 2652 σοι

179 2680 351 2762 ἑπομένων
364 2680 420 2746 καλ
433 2683 720 2764 προσκυνούντων
733 2683 773 2751 τά
790 2695 864 2772 ίχνη
880 2683 903 2752 ἀ
916 2686 960 2751 σὺ
973 2690 1088 2751 πατῶν
1103 2681 1188 2749 ἀπο-

179 2776 360 2861 λιμπάνοις.
395 2783 443 2845 19.
465 2775 721 2867 ἀποδυσάμενος
736 2787 773 2850 δέ
794 2782 854 2851 τόν
868 2783 1077 2868 Πυθαγόραν
1097 2788 1188 2860 τίνας

111 2891 157 2950 73]
180 2874 397 2960 μετημφιάσω
412 2876 481 2962 μετ’
503 2879 624 2959 αύτόν;

263 2982 395 3043 ΑΛΕΚ.
415 2974 595 3044 Ἀσπασίαν
606 2977 668 3063 τὴν
683 2982 719 3046 ἐκ
734 2981 891 3066 Μιλήτου
905 2983 1047 3062 ἑταίραν.

263 3080 362 3140 ΜΙΚ.
386 3082 457 3142 Φεύ
472 3104 531 3143 του
517 3077 664 3164 λόγου,
681 3080 736 3145 καὶ
749 3077 836 3165 γυνη
853 3076 918 3196 γάρ
940 3082 977 3146 ἐν
990 3094 1058 3157 τοῖς
1074 3076 1187 3156 ἀλλοις

179 3168 197 3236 ὁ
219 3175 425 3257 Πυθαγόρας
448 3179 593 3260 ἐγένετο,
616 3169 714 3243 καὶ
691 3202 735 3260 ην
758 3201 838 3244 ποτε
854 3177 972 3262 χρόνος
994 3175 1048 3243 ὅτε
1069 3177 1124 3243 καλ
1143 3173 1187 3242 σύ

180 3265 343 3356 εόοτόκεις,
363 3275 388 3338 ά
400 3275 612 3357 γενναιότατε
625 3271 869 3360 ἀλεκτρυόνων,
885 3278 940 3343 καὶ
950 3283 1107 3360 συνῆσθα
1119 3283 1188 3342 Πε-

176 3373 286 3441 ρικλεῖ
305 3364 463 3438 Ἀσπασία
493 3367 578 3439 ούσα
604 3376 659 3439 καὶ
690 3371 843 3450 ἐκύεις’
824 3371 882 3440 απ’
910 3370 1015 3438 αὐτοῦ
1044 3373 1099 3440 καὶ
1124 3377 1175 3454 ἔρι
