2575 3842
203 198 265 262 298
555 199 860 258 ΛΟΥΚΙΑΝΟΤ

203 357 358 444 ώρμησεν
371 360 422 426 ἐπὶ
436 357 496 425 τόν
506 355 714 442 Ἀδύρμαχον
725 359 779 424 καὶ
791 358 936 437 πατάξας
946 365 986 446 τή
998 363 1109 426 κοπίδι
1125 358 1215 443 παρὰ

203 455 263 524 τὸν
276 452 398 541 αὑχένα
409 458 501 541 μέχρι
518 462 574 540 τής
589 454 693 539 ζώνης
705 455 841 538 διέτεμε.
863 454 1024 533 πεσόντος
1037 455 1072 521 δέ
1084 457 1216 522 ἐκείνου

204 555 347 640 διελύθη
363 553 400 621 τὸ
417 549 617 638 Μαχλυϊκὸν
638 549 729 617 ἅπαν
750 553 803 618 καὶ
823 548 860 617 τὸ
879 547 1055 619 Ἀλανικὸν
1075 549 1117 617 οῦ
1133 548 1214 636 μετὰ

202 652 289 722 πολὺ
311 657 365 722 καὶ
388 658 422 721 οί
433 651 589 738 Ἕλληνες
607 655 659 719 ἐπὶ
680 651 826 729 τούτοις·
856 649 939 718 ώστε
961 654 1168 738 ἐκρατοῦμεν
1184 656 1214 730 ἐξ

203 748 352 836 ὑπαρχῆς
367 747 459 836 ἡμεῖς
476 751 530 816 καὶ
546 747 774 833 ἐπεξήλθομεν
788 742 832 812 άν
848 749 900 814 ἐπὶ
914 745 1002 816 πολὺ
1017 755 1214 830 κτείνοντες,

204 855 234 916 εί
248 845 292 934 μή
308 846 369 926 νὺξ
383 845 419 914 τό
439 852 539 932 ἔργον
554 843 719 931 ὑφείλετο.
747 850 793 922 είς
807 847 843 912 δέ
859 843 921 930 τήν
936 850 1098 913 ἐπιοῦσαν
1111 849 1215 914 ἱκέται

203 943 292 1029 παρά
310 952 377 1012 τών
399 950 566 1029 πολεμίων
586 942 726 1028 ἥκοντες
742 945 872 1010 ἐδέοντο
896 949 1012 1029 φιλίαν
1032 952 1213 1024 ποιεῖσθαι,

203 1044 414 1128 Βοσπορανοὶ
428 1043 490 1127 μὲν
505 1039 717 1108 ὑποτελέσειν
732 1040 909 1108 διπλάσιον
919 1040 979 1109 τόν
994 1038 1123 1127 δασμόν
1135 1037 1215 1108 ὑπι-

203 1142 421 1226 σχνούμενοι,
450 1140 608 1226 Μάχλυες
637 1139 674 1206 δὲ
696 1135 842 1224 ὁμήρους
867 1140 989 1206 δώσειν
1010 1145 1155 1227 ἔφασαν,
1183 1143 1215 1205 οί

133 1259 182 1314 561
209 1237 340 1307 Ἀλανοὶ
369 1239 405 1306 δὲ
432 1235 506 1305 άντὶ
527 1244 584 1323 τής
605 1236 734 1320 ἐφόδου
755 1238 882 1321 ἐκείνης
905 1236 1110 1314 Σινδιανοῦς
1133 1234 1213 1323 ήμίν

201 1336 427 1422 χειρώσασθαι
443 1333 634 1419 ὑπέστησαν
652 1335 688 1399 ἐκ
709 1340 837 1400 πολλοῦ
852 1337 1036 1411 διεστῶτας.
1065 1335 1117 1401 ἐπὶ
1132 1334 1211 1401 τοῦ·

201 1459 270 1511 τοις
291 1436 509 1516 ἐπείσθημεν,
536 1430 638 1509 δόξαν
657 1428 743 1497 πολὺ
765 1429 928 1516 πρότερον
950 1428 1136 1519 Ἀρσακόμᾳ
1157 1436 1212 1498 καὶΙ

201 1529 372 1616 Λογχάτῃ·
401 1529 457 1595 καὶ
482 1530 611 1613 ἐγένετο
633 1527 748 1613 εἰρήνη
771 1531 909 1595 ἐκείνων
929 1530 1212 1614 πρυτανευόντων
1283 1522 1284 1527 ¹

201 1629 330 1694 ἕκαστα.

290 1729 443 1808 Τοιαῦτα,
461 1714 487 1788 ώ
496 1722 691 1808 Μνήσιππε,
702 1728 848 1807 τολμώσι
859 1738 967 1791 ποιεῖν
975 1724 1113 1792 Σκὺθαι
1127 1721 1210 1806 ὑπὲρ

199 1827 268 1888 τών
283 1826 401 1906 φίλων.

285 1936 335 1998 56.
358 1937 507 1999 ΜΝΗΣ.
531 1930 631 1998 Πάνυ
646 1931 802 2016 τραγικά,
820 1923 846 1997 ώ
862 1932 998 2017 Τόξαρι,
1018 1935 1072 2000 καὶ
1087 1933 1208 2018 μόθου,

200 2028 316 2116 ὅμοια·
339 2032 393 2098 καλ
407 2033 504 2108 ἵλεως
517 2026 608 2116 μένὺ
624 2026 797 2115 Ἀκινάκης
808 2030 863 2096 καὶ
878 2027 1043 2116 ὁἈνεμος
1058 2029 1135 2116 εἶεν,
1151 2029 1210 2109 οῦς

200 2125 347 2213 ώμοσας·
376 2134 406 2195 εί
418 2135 504 2213 γοῦν
518 2153 567 2204 τις
582 2124 734 2212 ἀπιστοίη
749 2123 877 2211 αὐτοῖς,
899 2124 941 2193 οὑ
956 2127 1048 2194 πάνυ
1065 2127 1210 2214 μεμπτός

200 2224 284 2294 εἶναι
300 2227 426 2306 δόξειεν
441 2224 493 2292 όίν.

287 2331 379 2400 ΤΟΞ.
406 2320 493 2390 Ἀλλ’
518 2321 597 2407 ὅρα,
622 2315 649 2388 ώ
671 2336 821 2408 γενναῖε,
850 2321 894 2409 μή
921 2324 1052 2409 φθόνος
1069 2321 1166 2411 ὑμῶν
1188 2353 1207 2412 η

198 2417 331 2486 άπιστία
346 2412 367 2507 ᾖ
377 2447 384 2460 ·
411 2418 499 2505 πλήν
515 2421 576 2486 οὐκ
600 2422 655 2504 ἐμὲ
673 2417 870 2503 άποτρέψεις
888 2418 1036 2489 άπιστών
1056 2427 1110 2490 καί
1125 2423 1209 2492 ἄλλα

198 2522 335 2582 τοιαῦτα
352 2522 455 2583 είπείν
471 2514 493 2581 ά
511 2514 583 2583 οἶδα
601 2514 666 2583 ὑπὸ
684 2525 836 2585 Σκυθών
849 2519 1023 2605 γενόμενα.

285 2619 433 2680 ΜΝΗΣ.
458 2611 517 2699 Μή
535 2615 644 2700 μακρά
661 2617 786 2701 μόνον,
809 2609 835 2682 ώ
852 2615 980 2700 άριστε,
1004 2619 1087 2703 μηδὲ
1102 2616 1208 2697 οὑτως

198 2705 331 2792 ἀφέτοις
346 2709 515 2795 χρώμενος
529 2725 596 2788 τοῖς
610 2710 738 2797 λόγοις·
762 2710 806 2790 ώς
824 2720 889 2779 νῦν
905 2739 943 2799 γε
960 2712 1031 2780 άνω
1047 2719 1102 2782 καὶ
1119 2714 1207 2782 κάτω

197 2805 259 2892 τήν
272 2813 432 2876 Σκυθίαν
452 2809 506 2876 καὶ
527 2807 589 2894 τήν
605 2811 817 2895 Μαχλυανήν
838 2814 986 2879 διαθέων
1007 2813 1062 2879 καὶ
1081 2818 1128 2889 είς
1148 2811 1208 2879 τὸν

116 2945 123 2961 ·
196 2906 375 2991 Βόσπορον
390 2903 515 2991 άπιών,
536 2905 592 2974 εἶτ’
609 2906 758 2976 ἐπανιών
774 2909 866 2975 πάνυ
881 2934 948 2994 μου
962 2909 1153 2995 κατεχρήσω
1168 2918 1207 2996 τή

196 3012 314 3092 σιωπῇ.

286 3103 379 3178 ΤΟΞ.
402 3106 563 3171 Πειστέον
574 3107 627 3170 καὶ
642 3104 746 3171 ταῦτά
760 3125 814 3171 σοι
828 3114 1071 3191 νομοθετοῦντι
1083 3109 1138 3174 καί
1152 3110 1206 3172 διά

195 3200 346 3285 βραχέων
361 3204 512 3286 λεκτέον,
535 3199 578 3286 μή
596 3202 650 3268 καὶ
666 3201 772 3289 κάμης
792 3199 871 3288 ἡμῖν
886 3209 926 3290 τῇ
942 3200 1027 3291 ἀκοή
1043 3223 1206 3288 συμπερι-

195 3301 333 3363 νοστῶν.
368 3303 418 3364 57.
442 3306 570 3383 μᾶλλον
593 3296 624 3365 δ’
644 3300 807 3384 ἄκουσον,
832 3303 904 3386 ἐμοὶ
921 3299 1011 3391 αὑτῷ
1027 3296 1081 3369 οἷα
1098 3308 1204 3388 φίλος,

195 3397 355 3477 Σισίννης
364 3391 523 3480 τοῦνομα,
534 3393 757 3483 ὑπηρέτησεν·
773 3396 828 3466 ὅτε
839 3396 903 3485 γάρ
916 3396 1076 3486 Ἀθήναζε
1086 3398 1205 3486 άπήειν
