2575 3842
341 178 876 238 ΑΠΟΚΗΡΥΤΤΟΜΕΝΟΣ.
1069 179 1110 243 85

108 334 305 422 ἀμφοτέρων
325 335 616 421 ἐπιδεικνύμενον,
639 333 683 414 ὡς
699 334 762 403 ούκ
781 334 919 418 ἀνάξιον
938 343 1111 427 γεγένηται

107 442 165 499 τοῦ
182 433 363 518 δεσπότου,
385 436 439 500 καὶ
460 434 739 519 μαρτυρούμενον
758 433 809 501 ότι
829 461 885 520 μοι
897 446 1019 517 πιστῶς
1036 443 1110 524 διη-

107 533 279 619 πονήσατο.
310 539 410 599 τούτο
436 529 496 598 ὑπ’
521 536 604 617 ἐμοῦ
626 532 811 617 γενόμενον
832 537 1030 621 μικρότερον
1050 530 1108 623 ἦν·

107 640 169 697 νῦν
185 634 220 698 δὲ
236 630 468 716 λαμπρότερόν
484 634 552 698 ἐστι
567 637 607 717 τῇ
620 631 799 718 καινότητι.
822 636 877 701 καὶ
892 632 909 700 6
927 636 988 720 μὲν
1005 647 1110 704 καθε-

107 726 173 795 κόν
191 726 255 813 την
270 732 453 813 τυραννίδα
475 735 588 794 πᾶσαν
608 729 673 814 είμὶ
694 730 774 814 ἐγω·
807 735 997 817 μεμέρισται
1021 734 1056 799 δὲ
1076 736 1110 811 ές

105 824 248 903 πολλούς
262 825 299 892 τὸ
316 831 415 911 ἔργον
431 823 542 909 ὥσπερ
557 828 596 892 ἐν
609 827 766 911 δράματι·
789 832 843 897 καὶ
863 828 903 897 τά
919 833 981 916 μὲν
995 838 1109 916 πρῶτα

106 921 167 1007 ἐγώ
181 920 432 1010 ὑπεκρινάμην,
451 922 492 991 τά
514 924 653 1008 δεύτερα
668 928 703 992 δὲ
719 922 736 992 6
754 942 846 1014 παῖς,
868 926 907 995 τά
929 936 1021 1014 τρίτα
1036 933 1072 996 δὲ
1090 926 1107 995 6

105 1021 268 1107 τύραννος
282 1020 399 1108 αύτός,
414 1020 451 1090 τό
467 1025 562 1108 ξίφος
580 1024 615 1089 δὲ
631 1030 735 1091 πᾶσιν
747 1022 961 1112 ὑπηρέτησεν.

506 1232 715 1242 --.---.

300 1435 909 1505 ΑΠΟΚΗΡΥΤΤΟΜΕΝΟΣ.
1127 1466 1176 1520 15⁹

175 1607 442 1709 ‘'Anounpvfflclg
460 1634 510 1686 τις
530 1607 682 1695 ἐατρικην
700 1612 847 1695 ἐξέμαθε.
881 1614 1034 1697 μανέντα·
1046 1608 1106 1678 τάν

101 1708 226 1791 πατέρα
242 1708 296 1773 καὶ
312 1702 378 1773 ὑπό
394 1712 463 1773 τῶν
477 1704 588 1774 ἀλλων
602 1712 726 1792 ἰατρῶν
739 1705 996 1793 ἀπεγνωσμένον
1011 1708 1107 1776 ίασά-

101 1828 203 1888 μενος
213 1802 394 1889 φαρμάκου
405 1804 496 1870 δόσει
512 1802 688 1890 ἀνελήφθη
700 1798 801 1881 αὖθις
812 1809 844 1884 ἐς
857 1804 892 1872 τὸ
906 1811 1010 1891 γένος.
1026 1808 1107 1892 μετά

100 1908 206 1968 ταῦτα
214 1915 403 1987 μεμηνυῖαν
411 1899 473 1987 την
481 1901 649 1987 μητρυιάν
658 1901 817 1967 ίάσασδαι
828 1904 1045 1989 κελευόμενος
1054 1908 1108 1972 καὶ

101 2002 211 2082 λέγων
227 1996 271 2083 μὴ
289 1999 458 2066 δύνασθαι
473 1996 744 2085 ἀποκηρύττεται.

189 2102 217 2163 l.
242 2094 295 2163 06
316 2094 415 2163 καινά
435 2098 498 2182 μὲν
513 2103 633 2179 ταῦτα,
658 2089 684 2161 τό
706 2096 825 2180 ἀνδρες
841 2100 1007 2181 δικασταί,
1029 2096 1108 2165 ούδὲ

100 2195 274 2280 παράδοξα
292 2194 333 2262 τά
348 2193 415 2261 ὑπὸ
431 2201 493 2262 τοῦ
507 2191 630 2279 πατρὸς
644 2197 680 2262 ἐν
698 2200 744 2283 τῷ
760 2192 900 2278 παρόντι
914 2193 1107 2281 γιγνόμενα,

100 2290 182 2359 οὐδὲ
197 2299 263 2360 νῦν
275 2300 408 2377 πρῶτον
423 2292 463 2359 τά
482 2299 618 2359 τοιαῦτα
635 2290 813 2377 ὀργίζεται,
834 2290 917 2360 ἀλλά
933 2292 1108 2379 πρόχειρος

99 2381 234 2466 ούτοςδ
256 2390 359 2475 νόμος
379 2388 540 2479 αὐτῷκαὶ
560 2389 718 2475 συνήθως
736 2392 788 2458 ἐπὶ
804 2388 894 2458 τοῦτ’
920 2388 1108 2475 ἀφικνεῖται

99 2484 137 2553 τό
156 2486 381 2570 δικαστήριον.
404 2489 511 2554 ἐκεῖνο
527 2489 562 2554 δὲ
576 2487 773 2573 καινότερον
787 2495 852 2554 νῦν
865 2491 1034 2573 δυστυχῶ,
1056 2486 1108 2555 ότι

99 2591 248 2670 ἔγκλημα
258 2586 322 2670 μὲν
335 2589 422 2653 ἴδιον
433 2584 496 2653 ούκ
506 2592 584 2671 ἔχω,
599 2586 788 2653 κινδυνεύω
800 2586 836 2653 δὲ
851 2592 1011 2670 τιμωρίαν
1023 2583 1108 2653 ὑπο-

100 2697 193 2768 σχεῖν
212 2678 297 2763 ὑπὲρ
312 2690 369 2767 τη”ς
385 2687 515 2768 τέχνης,
538 2690 568 2751 εί
588 2681 632 2769 μὴ
649 2684 758 2751 πάντα
774 2684 913 2751 δύναται
930 2691 1108 2753 πείθεσθαι

99 2780 209 2867 τούτω
229 2780 416 2845 κελεύοντι·
446 2772 489 2846 ού
503 2787 537 2847 τί
553 2778 675 2865 γένοιτ’
695 2776 739 2846 ἀν
753 2776 980 2864 ἀτοπώτερον,
1001 2791 1107 2866 δερα-

99 2876 219 2943 πεύειυ
239 2877 275 2941 ἐκ
294 2876 561 2962 προστάγματος,
588 2872 705 2943 οὐκέθ’
729 2873 773 2951 ὡς
793 2873 812 2960 ἡ
836 2878 932 2961 τέχνη
953 2877 1103 2959 δύναται,
1128 2895 1179 2951 160

99 2972 175 3042 ἀλλ’
195 2971 241 3052 ὡς
260 2970 278 3040 6
299 2971 407 3059 πατὴρ
422 2973 595 3060 βούλεταις
617 2972 805 3058 ἐβουλόμην
822 2973 883 3058 μὲν
898 2964 963 3038 οὖν
976 2970 1065 3056 τηνέ
1086 3011 1105 3022 -

98 3069 220 3158 τρικην
233 3074 289 3138 καὶ
302 3072 457 3139 τοιοῦτόν
470 3098 502 3138 τι
516 3077 602 3156 ἔχειν
613 3068 810 3155 φάρμακον,
826 3065 846 3136 δ
856 3065 900 3153 μὴ
915 3067 1020 3153 μόνον
1033 3068 1109 3147 τούς

98 3168 306 3255 μεμηνότας,
326 3165 410 3236 ἀλλά
428 3169 483 3236 καὶ
501 3164 580 3244 τοὺς
600 3163 722 3243 ἀδίκως
738 3162 969 3251 ὀργιζομένους
986 3164 1107 3233 παύειν

99 3265 259 3350 ἐδύνατο,
277 3268 334 3331 ἵνα
350 3267 405 3332 καὶ
420 3271 519 3331 τοῦτο
533 3269 594 3330 τοῦ
608 3258 732 3347 πατρὸς
746 3258 782 3327 τὸ
796 3260 925 3347 νόσημα
940 3267 1105 3348 ἰασαίμην.

99 3365 178 3431 νυνὶ
195 3364 231 3430 δέ
245 3358 285 3427 τά
301 3365 363 3446 μὲν
379 3370 437 3448 τῆς
450 3367 570 3448 μανίας
585 3359 676 3450 αὐτῷ
694 3362 807 3427 τέλεον
820 3361 1001 3445 πέπανται,
1017 3358 1056 3426 τά
1072 3364 1107 3426 δὲ
