2575 3842
197 218 578 286 ΑΛΕΞΑΝΛΡΟΣΗ
604 223 985 281 zFM’AOMANTIZ.
1031 218 1092 281 139

84 383 212 461 ρίσκων
223 375 316 456 τινάς
326 380 569 463 ἐπιδημοῦντας
584 378 761 464 ὁμοεθνεῖς
771 394 838 457 τοῖς
849 380 1018 447 δεδωκόσι.
1035 378 1090 446 διά

83 480 183 541 τοῦτο
200 476 256 541 καὶ
270 471 404 553 πολῦςὸ
422 477 560 565 ἐνμέσῳ
574 476 694 560 χρόνος
709 470 753 562 ήν
767 484 823 561 τής
838 502 872 543 τε
886 476 1009 554 δόσεως
1023 483 1090 543 τῦν

83 576 227 657 βιβλίων
241 573 368 658 καὶτῆς
387 576 610 662 χρησμῳδίας,
635 569 681 649 ὡς
701 575 738 639 ἐν
752 574 899 663 τοσούτφ
916 570 998 640 κατά
1013 595 1090 658 σχο-

84 664 150 751 λήν
166 668 302 735 λύοιντό
317 693 353 736 τε
375 675 409 737 οί
421 672 562 756 χρησμοὶ
583 666 741 754 ἀσφαλῶς
758 673 811 737 καὶ
834 668 1038 755 εὑρίσκοιντο
1060 673 1093 735 οί

85 765 286 848 ἑρμηνεῦσαι
302 767 483 853 δυνάμενοι
498 768 636 851 ἕκαστα,
654 762 723 843 οἷος
737 769 791 833 καλ
805 764 823 833 ὁ
839 773 885 855 τῷ
897 767 1020 853 Σκύθη
1031 771 1088 832 δο-
1108 772 1158 827 257

85 862 160 937 θεὶς
176 859 320 947 χρησμός
336 856 396 948 ήν·

128 959 250 1042 Μόρφι
259 958 457 1045 ἐβάργουλις
467 958 845 1047 εέςσκιήνχνέγχικραγκ
855 968 960 1041 λείψει
970 960 1065 1045 φάος.

169 1060 221 1123 52.
237 1053 362 1134 ’Ἁλλως
375 1058 478 1124 πάλιν
492 1054 569 1124 οῦτε
588 1057 730 1141 παρόντι
744 1054 822 1123 ούτε
837 1055 922 1134 δ’λως
936 1059 1001 1125 τινὶ
1019 1054 1092 1123 όντι

85 1158 151 1238 ἔφη
167 1151 250 1220 άνεν
263 1154 402 1241 μέτρου,
418 1151 640 1239 ἀναστρέφειν
651 1152 773 1221 ὀπίσω·
796 1151 813 1219 ὁ
830 1152 895 1238 γάρ
910 1155 1039 1237 πέμψας
1054 1172 1091 1219 σε

85 1250 251 1334 τέθνηκεν
265 1246 330 1317 ύπό
346 1257 407 1317 τοῦ
421 1257 569 1335 γείτονος
584 1252 768 1328 Διοκλέους
784 1250 943 1336 τήμερον,
961 1256 1091 1337 λῃστῶν

85 1349 299 1430 ἐπαχθέντων
315 1347 463 1432 Μάγνον
477 1349 532 1415 καὶ
547 1350 691 1433 Κέλερος
704 1348 760 1416 καί
772 1346 968 1433 Βουβάλου,
989 1353 1024 1413 οἳ
1037 1347 1091 1414 καὶ

85 1440 151 1526 ήδη
166 1444 315 1510 δέδενται
331 1445 526 1529 ληφθέντες.

171 1545 222 1607 53.
246 1538 395 1627 Ὀλίγους
415 1545 452 1609 δὲ
474 1544 529 1609 καὶ
550 1548 618 1608 τῶν
637 1543 710 1628 ἐμοὶ
735 1544 905 1609 δοθέντων
925 1540 1089 1607 άκουσον·

87 1639 250 1722 ἐρομένου
269 1637 334 1722 γάρ
354 1664 421 1724 μου
442 1644 472 1705 εί
486 1636 658 1724 φαλακρός
678 1642 767 1706 ἐστιν
783 1636 1010 1723 Ἀλέξανδρος,
1037 1639 1091 1703 καί

85 1739 407 1821 κατασημηναμένου
426 1737 608 1821 περιέργως
624 1738 678 1802 καὶ
694 1742 873 1820 προφανῶς
894 1730 1089 1818 ὑπογράφε-

85 1857 140 1898 ται
153 1831 299 1918 χρησμὸς
313 1840 546 1919 νυκτερείσιος,

232 1929 500 2016 Σαβαρδαλάχου
514 1930 621 2015 μάλαχ
630 1927 737 2006 ’Ἀττις
750 1926 849 2007 άλλος
863 1921 915 2014 ἦν.

85 2031 141 2095 καὶ
155 2028 259 2095 πάλιν
277 2030 361 2115 ἐμοῦ
376 2031 539 2115 ἐρομένου
553 2031 589 2096 ἐν
604 2028 666 2094 δύο
682 2033 819 2114 βιβλίοις
840 2027 1015 2113 διαφόροις
1028 2024 1091 2113 τήν

86 2123 192 2212 αὐτήν
203 2126 381 2213 ἐρώτησιν,
396 2129 506 2195 πόθεν
516 2121 712 2214 ήνὍμηρος
722 2124 741 2194 ὁ
752 2125 905 2211 ποιητής,
921 2123 973 2193 ἐπ’
985 2125 1091 2194 ἄλλον

85 2226 140 2292 καὶ
154 2223 260 2291 άλλον
274 2222 451 2312 ὀνόματος,
472 2233 518 2316 τῷ
534 2229 634 2315 έτέρφ
647 2226 709 2310 μὲν
723 2221 915 2309 ὑπέγραψεν
930 2226 1086 2308 ἐξαπατη-

85 2323 159 2399 θεὶς
174 2318 240 2388 ῦπδ
258 2331 320 2390 τοῦ
334 2325 417 2410 ἐμοῦ
431 2330 611 2392 νεανίσκου
626 2364 671 2377 --
685 2324 862 2406 ἐρωτηθεὶς
875 2319 939 2407 γάρ
955 2319 1009 2406 ἐφ’
1025 2318 1044 2386 ὅ
1059 2346 1089 2387 τι

84 2412 163 2505 ήκε,
179 2426 382 2508 Θεραπείαν,
398 2429 478 2509 ἐφη,
495 2422 640 2507 αἰτήσων
654 2420 737 2507 πρὸς
749 2418 876 2506 ὀδύνην
891 2426 1039 2502 πλευροῦ
1051 2458 1089 2469 -

170 2525 322 2605 Κυτμίδα
335 2528 486 2606 χρίεσθαι
501 2523 637 2606 κέλομαι
651 2524 789 2605 δροσίην
805 2544 840 2585 τε
855 2521 1004 2604 κέλητος·
1108 2528 1160 2583 258

87 2622 132 2704 τῷ
151 2612 184 2681 δ’
208 2619 323 2707 ε’τέρφ,
349 2621 419 2687 ἐπεὶ
438 2621 494 2688 καί
515 2616 605 2686 τοῦτ’
629 2616 766 2704 ήκηκόει
787 2613 832 2695 ὡς
848 2617 1009 2701 ἐρομένου
1031 2621 1091 2683 τοῦ

87 2722 293 2801 πέμψαντος,
308 2726 373 2784 είτε
386 2744 443 2803 μοι
457 2725 599 2785 πλεῦσαι
616 2715 667 2785 ἐπ’
684 2716 820 2787 Ἰταλίαν
834 2723 899 2782 εἴτε
909 2720 1092 2798 πεζοπορῆ-

85 2832 142 2879 σαι
158 2821 262 2903 λῷον,
280 2812 478 2898 ἀπεκρίνατο
495 2813 596 2883 οῦδὲν
612 2813 697 2900 πρός
711 2812 770 2881 τδν
778 2812 944 2897 Ὅμηρον·

146 2908 207 2996 Μή
222 2913 267 2979 σύ
280 2938 319 2997 γε
332 2916 535 2998 πλωέμεναι,
552 2910 654 2998 πεζήν
669 2915 705 2979 δὲ
721 2908 794 2977 κατ’
814 2908 910 2995 οἶμον
924 2907 1030 2977 ὅδευε.

86 3014 136 3077 54.
154 3008 260 3078 πολλὰ
272 3008 337 3096 γάρ
350 3019 487 3079 τοιαῦτα
500 3013 556 3080 καὶ
570 3006 671 3086 αύτδς
682 3005 981 3091 ἐπεμηχανησάμην
990 3004 1089 3095 αὐτῷ,

84 3102 159 3175 οἷον
170 3110 227 3176 καὶ
246 3111 369 3177 ἐκεῖνο·
397 3117 478 3195 μίαν
496 3111 658 3194 ἐρώτησιν
678 3105 844 3190 ἐρωτήσας
860 3106 1029 3189 ἐπέγραψα
1045 3111 1090 3192 τφ

85 3213 204 3296 βιβλίφ
218 3204 301 3274 κατά
316 3204 353 3275 τό
369 3214 463 3287 ἔθος·
486 3214 546 3274 τοῦ
564 3210 672 3281 δεῖνος
686 3204 825 3289 χρησμοὶ
840 3198 927 3269 ὀκτεύ
936 3252 945 3288 ,
963 3201 1092 3283 ψευσά-

84 3304 186 3388 μενός
199 3330 230 3371 τι
251 3302 373 3391 ὄνομα,
393 3307 448 3373 καὶ
467 3302 526 3381 τὰς
542 3298 627 3370 όκτά
642 3297 788 3385 δραχμάς
807 3301 862 3367 καὶ
881 3299 916 3368 τό
934 3298 1091 3387 γιγνόμε-

84 3426 148 3467 νον
163 3407 211 3469 ἐτι
230 3398 314 3486 πρός
329 3403 461 3481 ταύταις
481 3404 626 3487 πέμψας·
660 3397 731 3467 ὁδὲ
752 3398 930 3480 πιστεύσας
950 3408 991 3487 τή
1006 3396 1092 3467 άπο-
