2575 3842
228 200 291 262 400
582 204 889 262 AOYKIANOY

228 358 317 428 οὕτω
330 370 486 428 πλουτεῖν
497 362 636 445 γένοιτο.
660 386 744 428 κατα
755 361 880 447 κόρρης
892 360 923 428 δ’
939 355 1004 429 οὖν
1014 364 1167 443 πατάξας
1183 361 1239 429 ai>

227 457 287 526 τόν
303 456 654 546 άπελθεῐνβοόλομαι.

313 562 412 624 ΣΙΜ.
440 560 496 632 Τίς
511 552 653 632 ἐπάταξέ
662 580 720 639 μες
742 553 975 641 ληστεόομαιὸ
991 557 1169 642 δυστυχής.

314 660 413 721 ΜΙΚ.
440 657 566 738 Οίμωζε
583 655 638 719 καὶ
653 653 850 736 διαγρόπνει
866 656 920 719 καὶ
936 651 1050 738 ὅμοιος
1065 661 1193 738 γίγνου
1209 654 1243 721 τὸ

228 758 342 837 χρωμα
353 759 399 839 τῷ
410 757 523 839 χρυσῷ
535 746 765 835 προστετηκὼς
775 748 874 838 αὐτῷ.
898 749 992 836 ἡμεῖς
1006 750 1042 818 δὲ
1055 750 1149 836 παρά
1160 758 1244 818 Γνί-

229 876 343 936 φωνα,
361 856 391 917 εί
404 854 511 934 δοκεῖ,
528 847 588 916 τδν
599 845 778 933 δανειστὴν
793 857 904 934 ίωμεν.
929 847 971 915 οὐ
987 846 1121 934 μακράν
1135 850 1175 915 δὲ
1190 849 1244 914 καὶ

229 941 327 1026 οὗτος
343 953 433 1016 οἰκεῖ.
457 947 582 1036 άνέφγε
597 949 653 1013 καὶ
667 944 751 1032 αὕτη
767 944 849 1032 ἡμῖν
863 945 884 1033 ἡ
898 946 1002 1032 θόρα.

313 1050 363 1112 31.
389 1051 518 1112 AAEK.
540 1042 638 1133 Ὁρᾷς
658 1047 938 1129 ἐπαγρυπνοῦντα
957 1046 1012 1113 καὶ
1033 1042 1159 1127 αὐτόν,
1191 1044 1244 1108 ἐπὶ

230 1145 436 1227 φροντίδων,
452 1138 820 1227 άναλογιζόμενοντοδς
830 1142 951 1219 τόκους
961 1143 1015 1208 καὶ
1025 1138 1104 1218 τούς
1114 1141 1243 1206 δακτύ-

229 1250 309 1319 λους
328 1239 391 1325 ἤδη
412 1240 673 1324 κατεσκληκότα,
705 1236 746 1305 δν
766 1240 876 1325 δεήσει
897 1237 969 1325 μετ’
987 1237 1111 1322 ’ὀλίγον
1129 1237 1242 1304 πάντα

229 1345 334 1406 ταῦτα
353 1338 575 1406 καταλιπόντα
600 1333 764 1423 σίλφηνῆ
787 1341 906 1424 ἐμπίδα
927 1333 949 1423 ἢ
970 1337 1163 1422 κυνόμυιαν
1185 1361 1241 1419 γε-

231 1441 367 1517 νέσθαι;

314 1544 412 1606 ΜΙΚ.
442 1537 527 1621 Ὁρῶ
553 1543 781 1622 κακοδαίμονα
803 1538 859 1605 καὶ
882 1535 1027 1622 άνόητον
1052 1536 1240 1621 άνθρωπου

230 1633 308 1702 οὐδὲ
325 1642 390 1701 νῦν
411 1631 498 1702 πολι)
518 1643 575 1720 τῆς
596 1641 716 1721 σίλφης
735 1632 756 1721 ἢ
778 1639 913 1722 ἐμπίδος
930 1633 1069 1719 ἄμεινον
1086 1641 1235 1720 βιοῦντα.

230 1732 273 1809 ὡς
288 1733 324 1798 δὲ
340 1735 394 1798 καὶ
412 1724 509 1809 οὗτος
525 1735 697 1820 ἐκτέτηκεν
713 1733 791 1812 ὅλος
811 1731 877 1800 ὑπὸ
895 1739 963 1800 τῶν
980 1739 1163 1817 λογισμῶν..
1186 1729 1236 1798 ἐπ’

229 1827 332 1896 ἄλλον
347 1827 505 1915 άπίωμεν.

312 1931 363 1994 32.
384 1935 513 1996 AAEK.
536 1926 634 2014 Παρὰ
650 1926 711 1996 τόν
724 1923 787 1994 σδν
801 1923 997 2014 Εὐκράτην,
1017 1934 1047 1996 εί
1060 1931 1160 1994 δοκεῖ.
1186 1952 1238 1992 και

220 2021 304 2092 ’ίδοῦ
318 2024 398 2111 γάρ,
416 2024 540 2115 ἀνέῳγε
557 2030 611 2095 καὶ
626 2025 711 2111 αὕτη
726 2023 747 2110 ἡ
762 2025 870 2107 θύρα·
893 2023 975 2092 ὥστε
993 2027 1142 2108 ἐσίωμεν.

313 2129 375 2190 MI
375 2131 415 2194 K.
433 2124 549 2192 Πάντα
563 2133 667 2193 ταῦτα
683 2131 875 2211 ἔμπροσθεν
892 2121 1013 2210 μικρὸν
1028 2121 1090 2209 ἐμά
1104 2115 1156 2209 ἦν.

161 2236 212 2290 750
316 2227 446 2287 ΑΛΕΚ.
460 2220 529 2290 Ἕτι
544 2223 608 2310 γάρ
625 2223 668 2290 συ
682 2220 888 2307 ὀνειράττεις
901 2220 962 2289 τδν
977 2230 1139 2302 πλοῦτονς
1153 2219 1232 2308 ὁρᾷς

229 2317 259 2384 δ’
273 2312 406 2386 οὖντὸν
414 2319 593 2406 Εὐκράτην
601 2320 707 2389 αὐτὸν
718 2322 779 2407 μὲν
787 2319 854 2389 ὑπὸ
868 2330 930 2389 τοῦ
946 2325 1076 2390 οίκέτου
1089 2318 1234 2405 πρεσβύ-

228 2443 289 2502 την
305 2418 504 2502 άνθρωπον;

300 2523 398 2583 ΜΙΚ.
410 2514 496 2601 Ὁρῶ
505 2515 546 2602 νὴ
554 2523 622 2584 Δία
631 2521 915 2607 καταπυγοσύνην
924 2521 978 2586 καί
987 2517 1236 2604 πασχητιασμόν

229 2639 303 2679 τινα
315 2615 370 2680 καὶ
381 2610 555 2696 ἀσέλγειαν
565 2612 629 2681 οὐκ
640 2613 877 2705 ἀνθρωπίνην·
894 2617 956 2704 τὴν
966 2631 1109 2703 γυναῖκα
1121 2616 1159 2684 δέ
1170 2620 1236 2683 ἐτέ-

229 2720 316 2793 ρωθι
332 2707 397 2776 ὑπὸ
416 2717 476 2776 τοῦ
492 2718 653 2796 μαγείρου
667 2720 909 2804 μοιχευομένην
924 2718 980 2785 καὶ
996 2714 1111 2800 αὐτήν.

312 2814 363 2876 33.
381 2816 511 2876 ΑΛΕΚ.
538 2817 580 2878 Τί
591 2805 672 2892 οὖνς
694 2816 824 2895 ἐθέλοις
838 2813 882 2884 ἂν
897 2819 952 2884 καὶ
969 2815 1098 2882 τούτων
1112 2821 1238 2898 κληρο-

228 2922 362 2994 νομείυ,
379 2900 405 2972 οδ
419 2915 590 2993 Μίκυλλε,
608 2913 664 2980 καὶ
680 2914 789 2982 πάντα
804 2921 891 3001 ἐχειν
905 2913 945 2983 τά
960 2912 1175 2998 Εὐκράτους;
1254 2988 1255 2999 χ

312 3009 410 3074 ΜῘΚ.
439 3011 629 3095 Μηδαμῶς,
654 3004 680 3076 ὦ
703 3009 913 3098 άλεκτρυάν·
944 3020 1029 3102 λιμῷ
1049 3010 1238 3097 άπολοίμην

227 3106 401 3188 πρότερον.
424 3109 562 3191 χαιρέτω
576 3105 612 3174 τδ
628 3116 767 3193 χρυσίον
777 3114 832 3179 καὶ
846 3109 886 3177 τά
898 3115 1032 3192 δεῖπνα,
1049 3109 1110 3176 δυό
1122 3105 1237 3194 ὀβολοὶ

228 3207 304 3288 ἐμοί
313 3229 351 3287 γε
369 3204 512 3283 πλοῦτός
527 3208 594 3272 ἐστι
609 3213 737 3290 μᾶλλον
750 3203 773 3292 ἢ
787 3218 1060 3294 τοιχωρυχεῖσθαι
1075 3203 1159 3290 πρός
1169 3216 1235 3274 τῶν

229 3305 373 3365 οἰκετῶν.

313 3403 443 3464 AAEK.
464 3397 562 3467 Ἀλλά
578 3407 643 3467 νῦν
657 3404 720 3486 μὲν
738 3399 842 3487 ἡμέρα
857 3401 922 3486 γάρ
942 3401 1005 3487 ἤδη
1020 3399 1105 3487 ἀμφὶ
1120 3401 1158 3469 τό
1174 3414 1232 3471 λυ-
