2575 3842
376 174 589 244 ΤΟΞΑΡΙΣ
607 183 633 233 H
659 180 817 236 ΦΙΛΙΑ.
1035 175 1098 240 287

87 350 185 410 τοῦτο
213 336 257 418 ὡς
277 339 477 427 βεβαιότατα
503 339 733 421 συντιθέμεθα
758 335 818 415 τάς
839 341 966 422 φιλίας,
990 336 1099 422 μόνον

86 447 184 506 τοῦτο
200 436 306 506 ὅπλον
322 436 451 523 άμαχον
465 439 520 502 καὶ
533 437 786 521 δυσπολέμητον
800 435 885 502 εἶναι
899 441 1096 521 νομίζοντες.

170 541 221 604 37.
250 534 424 620 Πρότερον
450 535 490 600 δέ
510 552 563 600 σοι
588 537 693 600 εἰπεῖν
716 532 880 619 βούλομαι
909 531 950 600 δν
973 535 1098 613 τρόπον

86 633 277 719 ποιούμεθα
291 629 370 711 τούς
383 638 513 718 φίλους,
531 628 594 698 ούκ
606 633 719 697 ἐκτῶν
730 630 853 715 πότων,
870 629 981 714 ὥσπερ
992 629 1097 717 ὑμεῖς,

88 727 162 798 οὐδ’
184 736 215 799 εί
234 729 426 816 συνέφηβός
440 755 488 806 τις
506 724 528 814 ἢ
543 735 663 813 γείτων
684 721 745 816 ἦν,
773 726 846 797 ἀλλ’
870 729 1005 797 έπειδάν
1021 755 1097 796 τινα

87 832 210 914 λ’δωμεν
227 823 359 911 άγαθόν
375 826 483 912 άνδρα
503 829 557 894 καλ
577 827 704 912 μεγάλα
721 827 926 912 ἐργάσασθαι
949 827 1097 912 δυνάμε-

87 953 165 1010 νον,
190 927 242 993 ἐπὶ
255 931 376 992 τοῦτον
393 922 537 1002 άπαντες
553 925 758 1010 σπεύδομεν,
779 926 834 992 καλ
851 923 934 1008 ὅπερ
952 922 1046 1011 ὑμεῖς
1060 929 1097 990 ἐν

85 1037 152 1101 τοῖς
169 1023 304 1109 γάμοις,
321 1029 419 1090 τοῦτο
431 1019 523 1109 ἡμεῖς
536 1024 588 1089 ἐπλ
601 1029 670 1089 τῶν
685 1029 793 1108 φίλων
804 1037 912 1091 ποιεῖν
923 1022 1094 1108 άξιούμεν,

86 1123 137 1189 ἐπὶ
151 1117 238 1187 πολύ
249 1119 511 1206 μνηστευόμενοι
527 1122 582 1188 καλ
597 1121 705 1187 πάντα
716 1117 803 1206 δμού
815 1122 1033 1206 πράττοντες,
1053 1117 1096 1197 ὡς

85 1219 129 1306 μὴ
145 1217 427 1304 διαμαρτάνοιμεν
447 1226 504 1305 τῆς
522 1227 633 1304 φιλίας
650 1219 733 1305 μηδὲ
748 1216 930 1306 ἀπόβλητοι
946 1219 1095 1303 δόξωμεν

86 1317 180 1386 εἶναι.
203 1313 367 1384 κάπειδάν
384 1325 581 1404 προκριθείς
597 1345 644 1396 τις
660 1316 725 1404 ἤδη
747 1322 844 1402 φίλος
863 1310 901 1406 ᾖ,
925 1322 1096 1402 συνθῆκαι

85 1415 120 1484 τό
133 1413 198 1482 άπὸ
209 1415 332 1483 τούτου
343 1417 397 1482 καὶ
407 1412 506 1500 ὅρκος
518 1413 535 1482 ὁ
549 1418 719 1501 μέγιστος,
734 1408 835 1503 ἦμην
845 1417 900 1484 καὶ
910 1415 1095 1503 βιώσεσθαι

87 1513 154 1609 μετ’
173 1513 328 1599 άλλήλων
343 1516 398 1582 καὶ
414 1511 677 1598 άποθανεῖσθαι,
694 1513 739 1601 ἢν
756 1517 830 1602 δέη,
847 1512 931 1599 ὑπὲρ
947 1521 1007 1580 τοῦ
1025 1514 1094 1580 ἑτέ-

86 1638 149 1696 ρου
163 1609 222 1678 τόν
237 1615 367 1695 ἕτερον·
391 1614 446 1679 καλ
459 1611 547 1679 οὕτω
561 1620 734 1697 ποιοῦμεν.
764 1609 824 1697 ἀφ’
845 1604 887 1678 οὗ
902 1610 967 1698 γάρ
984 1608 1028 1679 άν
1040 1615 1094 1679 ε’ν-

85 1709 239 1793 τεμόντες
252 1707 338 1787 άπαξ
350 1705 428 1786 τούς
443 1708 628 1786 δακτύλους
643 1709 895 1795 ἐνσταλάξωμεν
906 1708 943 1777 τό
958 1707 1038 1796 αἷμα
1051 1713 1096 1786 είς

84 1809 206 1876 κύλικα
221 1810 275 1874 καὶ
297 1807 337 1873 τά
353 1811 430 1893 ξίφη
451 1805 536 1890 άκρα
553 1807 803 1894 βάψαντεςοάμα
823 1806 1007 1894 άμφότεροι
1023 1811 1096 1876 έπι-

85 1905 241 1990 σχόμενοι
264 1910 408 1990 πίωμεν,
436 1903 499 1971 ούκ
521 1910 611 1970 ἔστιν
632 1903 654 1970 ὅ
674 1929 705 1970 τι
726 1902 763 1971 τό
786 1903 867 1988 μετά
888 1912 986 1971 τοῦτο
1008 1902 1095 1991 ἡμᾶς

85 2001 274 2069 διαλύσειεν
289 1999 342 2068 άν.
364 2004 490 2086 έφεῐται
507 2003 542 2068 δὲ
557 1999 593 2068 τό
611 2001 768 2087 μέγιστον
783 2001 858 2087 άχρι
873 2010 975 2083 τριῶν
990 2006 1022 2079 ές
1037 1999 1094 2079 τάς
1113 2009 1165 2064 546

84 2098 260 2185 συνθήκας
280 2100 433 2167 είσιέναι·
468 2096 511 2178 ὡς
533 2097 623 2178 ὅστις
644 2095 688 2164 άν
711 2099 896 2184 πολύφιλος
916 2093 954 2188 ᾖ,
981 2097 1095 2185 ὅμοιος

84 2197 164 2286 ἡμῖν
180 2201 273 2266 δοκεῖ
291 2212 361 2276 ταῖς
383 2212 510 2276 κοιναῖς
533 2197 668 2276 ταύταις
685 2199 741 2265 καὶ
761 2198 1014 2283 μοιχευομέναις
1034 2223 1098 2282 γυ-

85 2302 187 2377 ναιξί·
220 2299 276 2365 καὶ
296 2297 436 2383 οἰόμεθα
460 2293 578 2364 οὐκέθ’
602 2295 724 2383 ὁμοίως
749 2293 890 2382 ἰσχυράν
911 2293 1017 2362 αύτοῦ
1035 2292 1096 2381 τὴν

85 2403 201 2482 φιλίαν
217 2395 302 2464 εἶναι
318 2394 402 2482 πρός
418 2394 542 2475 πολλάς
557 2393 690 2474 εύνοίας
706 2400 943 2482 διαιρεθεῖσαν.
965 2400 1016 2465 38.
1034 2393 1096 2478 άρ-

85 2501 181 2581 ξομαι
198 2495 235 2563 δὲ
249 2493 314 2563 άπδ
328 2502 396 2563 τόν
407 2495 623 2582 Δανδάμιδος
634 2495 753 2586 πρςόην
768 2496 975 2580 γενομένων·
999 2491 1095 2580 όγάρ

85 2593 260 2679 Δάνδαμις
274 2596 311 2661 ἐν
326 2604 366 2682 τῇ
376 2593 460 2681 πρός
470 2595 695 2681 Σαυρομάτας
712 2600 905 2684 συμπλοκῇ,
925 2593 1096 2680 άπαχθέυ-

86 2716 141 2768 τος
163 2692 371 2776 αἰχμαλώτου
389 2691 571 2779 Ἀμιζώκου
590 2702 653 2760 τοῦ
673 2700 775 2778 φίλου
790 2691 896 2761 αὐτοῦ
910 2735 952 2746 -
967 2700 1095 2779 μᾶλλον

86 2788 122 2854 δὲ
137 2787 302 2870 πρότερον
320 2787 468 2882 όμοτλμαί
481 2810 533 2858 σοι
550 2790 609 2859 τόν
630 2790 736 2876 ὅρκον
752 2790 811 2859 τόν
826 2790 1003 2878 ἡμέτερον,
1026 2792 1095 2858 ἐπεὶ

86 2885 142 2953 καλ
156 2891 255 2951 τούτο
269 2887 306 2952 έν
317 2885 728 2976 άρχῇδιωμολογησάμην·
746 2887 788 2956 ού
798 2888 843 2975 μά
854 2887 918 2974 γάρ
930 2886 1095 2957 τόνέΑνε-

84 3010 151 3072 μον
163 2982 288 3051 καὶτὸν
301 2981 480 3071 Ἀκινάκην
492 2984 592 3054 οὐδὲν
602 2986 687 3072 πρός
698 2991 745 3073 σε’,
763 2981 995 3073 ύΜνήσιππε,
1010 2993 1095 3066 ψεύ-

86 3089 143 3162 δος
158 3085 222 3166 ἐρῶ
239 3085 395 3167 περὶτῶν
410 3092 518 3171 φίλων
534 3095 601 3154 τῶν
614 3094 810 3155 Σκυθικῶν.

170 3190 320 3252 ΜΝΗΣ.
340 3181 420 3270 Ἐγιδ
433 3187 495 3271 μὲν
507 3184 548 3254 ού
558 3187 651 3255 πάνυ
662 3208 725 3254 σου
740 3183 925 3273 ὀμνύοντος
937 3185 1093 3271 ἐδεόμην·

86 3281 129 3351 σύ
145 3282 181 3352 δλ
197 3279 288 3369 ὅμως
305 3276 344 3350 εὖ
358 3292 466 3352 ποιεῖν
481 3282 605 3353 ούδένα
618 3291 687 3352 τῶν
702 3290 795 3352 θεῶν
808 3284 983 3370 ἐπωμόσω.

175 3386 267 3461 ΤΟΞ.
295 3390 338 3452 Τί
350 3383 393 3452 σύ
410 3388 531 3472 λέγειςς
554 3385 596 3454 ού
614 3403 667 3453 σοι
683 3389 842 3453 δοκοῦσιν
859 3383 1024 3470 δ”Ανεμος
1039 3388 1093 3452 καλ
