2575 3842
416 177 538 233 ΠΕΡΙ
558 174 831 232 ΟΡΧΗΣΕΩΣ.
1061 172 1122 234 153
1211 190 1213 195 ·

118 339 174 403 καί
194 342 292 402 τοῦτο
307 332 492 422 ἡγούμενος
514 330 613 399 εἶναι·
646 333 699 398 καὶ
715 335 831 415 ἔμελλέ
847 360 885 419 γε
906 337 1031 413 ἐκεῖνος
1047 336 1123 419 περὶ

118 430 317 519 ὀρχηστικὴν
328 430 369 499 οό
380 438 518 517 μετρίως
529 429 791 514 σπουδάσεσθαι,
803 429 840 509 ὅς
849 458 887 517 γε
898 435 952 500 καὶ
965 430 1004 501 τά
1019 432 1120 520 μικρά

118 529 182 598 οάκ
197 528 294 597 ὤκνει
307 529 513 616 μανθάνειν,
536 524 619 594 ἀλλά
640 528 695 593 καὶ
713 533 758 605 είς
772 525 812 595 τὰ
827 533 1038 597 διδασκαλεῖα
1054 539 1121 597 τῶν

118 624 327 712 αὐλητρίδων
342 630 457 711 ἐφοίτα
473 630 528 693 καί
543 621 622 710 παρ’
641 627 769 710 ἑταίρας
782 626 942 711 γυναικός
957 625 1019 695 οὐκ
1034 626 1121 713 ἀπη-

119 728 191 803 ξίον
206 722 391 790 σπουδαῖόν
404 750 436 791 τι
447 721 585 809 ἀκούειν
598 727 655 807 τῆς
666 718 849 801 Ἀσπασίας.
878 729 984 791 καίτοι
998 726 1122 802 ἐκεῖνος

118 819 194 900 ἀρτι
211 816 399 905 ἀρχομένην
413 819 500 904 ἑόρα
512 818 585 886 τότε
598 815 660 901 τὴν
674 820 791 905 τέχνην
801 822 856 888 καὶ
867 818 997 888 οὐδέπω
1009 827 1054 898 είς
1064 847 1122 887 το-

101 921 245 982 ’σοῦτον
261 915 381 992 κάλλος
398 915 663 999 διηρθρωμένην.
688 918 718 980 εί
734 916 771 981 δὲ
789 912 868 993 τούς
882 922 948 983 νῦν
963 917 1015 983 ε’πί
1030 919 1124 1001 μέγι-

119 1031 201 1078 στον
216 1008 322 1097 αὐτὴν
339 1010 590 1095 προαγαγόντας
604 1011 739 1093 ἐθεᾶτο,
763 1004 801 1077 εὖ
818 1009 908 1098 οίδα,
929 1011 1065 1078 πάντων
1080 1008 1124 1079 ἀν

120 1108 249 1185 ἐκεῖνός
268 1133 306 1193 γε
327 1105 493 1192 ἀφέμενος
506 1106 598 1196 μόνῳ
614 1113 660 1195 τῷ
676 1106 819 1191 θεάματι
835 1108 942 1199 τούτῳ
959 1107 1019 1176 τόν
1038 1115 1124 1177 νοῦν

119 1200 165 1270 ἀν
180 1216 332 1288 προσεῖχε
346 1204 401 1269 καὶ
417 1200 497 1279 τούς
516 1206 634 1280 παῖδας
649 1200 711 1270 οὐκ
727 1199 770 1271 ἀν
790 1202 869 1272 ἀλλο
886 1232 916 1273 τι
937 1203 1001 1290 πρὸ
1019 1204 1123 1273 αὐτοῦ

120 1301 301 1379 ἐδιδάξατο.

206 1403 256 1464 26.
278 1408 399 1475 Δοκελς
420 1400 459 1464 δέ
470 1422 543 1482 μοι,
568 1394 649 1463 ὅταν
669 1401 846 1488 κωμῳδίαν
863 1402 917 1466 καὶ
937 1406 1124 1491 τραγῳδίαν

121 1498 273 1583 ἐπαινῇς,
295 1497 510 1579 ἐπιλελῆσθαι
526 1490 577 1559 ὅτι
597 1495 651 1560 καὶ
667 1496 703 1560 ἐν
717 1497 853 1583 ἑκατέρῳ
874 1497 1010 1565 ἐκείνων
1025 1496 1124 1584 ὀρχή-

121 1616 205 1671 σεως
222 1593 310 1660 ίδιόν
324 1618 356 1658 τι
372 1590 458 1668 εἶδός
477 1594 583 1676 ἐστιν,
601 1586 675 1657 οἷον
689 1598 826 1679 τραγικῇ
848 1592 910 1677 μὲν
925 1592 945 1679 ἡ
961 1598 1123 1682 ἐμμέλεια,

121 1693 299 1779 κωμῳδικῇ
315 1688 351 1755 δὲ
369 1684 387 1754 ὁ
404 1687 542 1773 κόρδαξ,
567 1688 672 1755 ἐνίοτε
690 1688 725 1754 δὲ
746 1691 799 1755 καὶ
820 1695 929 1775 τρίτης
944 1696 1125 1770 σικιννίδος

121 1784 470 1870 προσλαμβανομένης.
493 1785 562 1850 ἐπεὶ
576 1783 611 1849 δέ
625 1784 679 1850 καὶ
691 1786 728 1849 ἐν
738 1782 821 1871 ἀρχῇ
834 1792 1053 1874 προετίμησας
1067 1796 1123 1872 τῆς
1142 1810 1193 1863 νει

121 1886 288 1973 ὀρχήσεως
301 1884 362 1971 τὴν
376 1890 565 1975 τραγῳδίαν
578 1889 633 1952 καὶ
646 1890 823 1976 κωμῳδίαν
837 1888 891 1954 καὶ
904 1884 1048 1971 αὐλητάς
1064 1913 1125 1952 κν-

122 1992 237 2060 κλίονς
259 1984 313 2049 καὶ
332 1989 541 2073 κιθαρῳδίαν
561 1983 727 2067 ἐναγώνια
750 1989 852 2049 ταῦτα
874 1984 930 2049 καὶ
951 1980 1006 2049 διά
1027 1990 1124 2049 τοῦτο

123 2076 227 2165 σεμνά
248 2080 454 2165 προσειπών,
478 2080 559 2165 φέρε
575 2085 640 2147 νῦν
656 2075 920 2163 ἀντεξετάσωμεν
933 2085 973 2166 τη
992 2076 1125 2163 ὀρχήσει

123 2181 263 2245 ἕκαστον
278 2173 398 2243 αὐτῶν.
421 2183 526 2244 καίτοι
541 2173 677 2261 τὸνμὲν
690 2174 812 2261 αάλόν,
829 2181 860 2243 εί
873 2179 978 2261 δοκεῖ,
994 2175 1049 2241 καὶ
1063 2171 1125 2258 τὴν

122 2276 271 2359 κιθάραν
288 2282 462 2362 παρῶμεν·
490 2278 572 2361 μέρη
588 2272 652 2361 γάρ
667 2282 724 2361 τῆς
742 2281 802 2342 τοῦ
814 2270 980 2361 Ιὀρχηστοῦ
999 2269 1124 2357 ὑπηρε-

123 2379 197 2449 σίας
214 2373 395 2439 καὶταῦτα.
425 2376 476 2440 27.
494 2370 556 2458 τὴν
571 2378 758 2465 τραγῳδίαν
773 2377 811 2440 δέ
828 2399 866 2459 γε
887 2368 1028 2439 ἀπὸτοῦ
1045 2372 1123 2457 σχη-

123 2494 225 2557 ματος
240 2476 371 2557 πρῶτον
385 2470 632 2556 καταμάθωμεν
646 2474 700 2539 οἵα
717 2473 819 2556 ἐστίν,
837 2466 881 2548 ὡς
896 2470 1041 2555 είδεχθές
1056 2466 1123 2555 ἅμα

123 2570 178 2636 καὶ
195 2563 343 2651 φοβερὸν
355 2568 467 2652 θέαμα
487 2573 533 2645 είς
552 2574 655 2652 μῆκος
669 2566 847 2656 ἀρρυθμον
863 2564 1046 2653 ἠσκημένος
1061 2565 1123 2633 ἀν-

122 2676 270 2752 θρωπος,
287 2663 443 2751 ἐμβάταις
455 2661 593 2752 ὑψηλοῖς
604 2665 833 2754 ἐποχούμενος,
848 2664 1028 2753 πρόσωπον
1039 2660 1121 2749 ὑπὲρ

123 2771 270 2850 κεφαλῆς
289 2761 549 2850 ἀνατεινόμενον
569 2766 772 2851 ἐπικείμενος
791 2764 847 2831 καὶ
861 2764 966 2848 στόμα
987 2762 1123 2849 κεχηνός

122 2863 279 2948 πάμμεγα
294 2859 336 2941 ὡς
355 2864 595 2950 καταπιόμενος
607 2859 687 2940 τούς
699 2862 837 2945 θεατάς,
855 2865 897 2929 ἐῶ
915 2862 1023 2947 λέγειν
1039 2887 1123 2947 προ-

1 2981 2 2986 ’
122 2963 290 3043 στερνίδια
304 2962 358 3026 καί
373 2963 620 3045 προγαστρίδια,
637 2957 828 3045 προσθετὴν
843 2960 897 3025 καὶ
912 2956 1122 3043 ἐπιτεχνητὴν

121 3056 291 3143 παχάτητα
302 3058 597 3143 προσποιούμενος,
609 3053 652 3133 ὡς
663 3052 708 3141 μὴ
717 3062 778 3121 τοῦ
786 3054 941 3139 μήκονςὴ
952 3054 1122 3145 ἀρρυθμία

122 3160 161 3225 ἐν
181 3162 289 3245 λεπτῷ
305 3163 432 3241 μᾶλλον
450 3158 628 3242 ἐλέγχοιτο·
654 3152 710 3221 εἶτ’
732 3156 874 3220 ἔνδοθεν
889 3150 988 3231 αὐτός
1003 3179 1122 3238 κεκρα-
1140 3174 1191 3231 285

121 3252 205 3340 γάς,
224 3250 345 3322 ἑαυτὸν
358 3251 514 3321 ἀνακλῶν
533 3255 587 3320 καὶ
604 3256 793 3336 κατακλῶν,
818 3251 922 3317 ἐνίοτε
936 3250 991 3317 καὶ
1006 3250 1122 3341 περιά-

121 3358 192 3420 δων
208 3348 248 3419 τά
264 3356 411 3436 ἰαμβεῖα,
432 3352 486 3419 καὶ
499 3347 536 3418 τό
553 3347 593 3435 δὴ
610 3360 778 3437 αίσχιστον
793 3349 951 3437 μελῳδῶν
964 3343 1022 3426 τάς
1037 3367 1121 3436 συμ-
