2575 3842
227 221 564 288 ΑΛΕΞΑΝΔΡΟΣ
578 230 605 280 H
630 226 695 283 ΨΕ
705 225 1016 282 ῬΛΟΜΑΝΤΙΣ.
1061 218 1120 281 133

115 380 209 451 πάνυ
223 382 369 461 πολλοὺς
383 392 451 449 τῶν
466 389 687 469 συνωμοτῶν,
708 389 742 449 οἳ
759 380 817 459 τάς
838 382 976 448 ἑκάστου
990 378 1122 466 γνῶμας

116 478 315 564 διήγγελλον
330 477 488 569 αὐτῷκαὶ
503 477 562 557 τάς
581 479 755 563 ἐρωτήσεις
772 478 986 563 προεμήνυον
1001 478 1055 543 καλ
1074 468 1122 542 ῶν

115 575 260 660 μάλιστα
271 578 434 661 ἐφίενται,
453 574 497 653 ῶς
511 579 644 661 ἕτοιμον
655 572 759 642 αύτόν
771 572 853 655 πρὸς
865 572 922 650 τάς
933 570 1122 657 ἀποκρίσεις

116 673 172 739 καὶ
186 674 267 753 πρὶν
281 671 376 757 ήκειν
389 671 468 750 τούς
483 673 714 758 πεμπομένους
729 672 1052 757 καταλαμβάνεσθαι.

121 815 124 822 -
202 775 253 836 38.
280 772 341 835 Καὶ
356 768 441 855 πρὸς
456 772 517 855 μὲν
532 767 572 835 τά
586 771 622 835 ἐν
634 776 673 855 τῆ
684 766 801 855 Ἰταλίᾳ
815 776 918 834 ταῦτα
934 764 1038 833 καὶτὰ
1055 790 1123 831 τοι·

117 872 203 932 αῶτα
223 872 512 951 προσεμηχανᾶτο·
545 866 680 951 τελετήν
699 890 734 931 τε
753 866 818 949 γάρ
836 890 910 931 τινα
930 870 1122 929 συνίσταται

117 964 174 1029 καὶ
191 965 367 1049 δᾳδουχίας
380 964 435 1030 καλ
452 968 680 1047 ἱεροφαντίας,
695 968 798 1047 τριῶν
814 964 885 1047 ἑξῆς
902 958 951 1027 άεὶ
965 962 1123 1043 τελουμέ-

117 1084 190 1125 νων
204 1058 355 1145 ῆμερῶν·
376 1064 429 1127 καλ
447 1061 483 1125 ἐν
498 1060 560 1144 μὲν
575 1064 615 1146 τῆ
630 1058 744 1146 πρῶτῃ
761 1058 942 1143 πρόρρησις
955 1052 999 1142 ῆν
1011 1054 1121 1140 ῶσπερ

115 1154 277 1242 Ἀθήνησι
291 1155 445 1242 τοιαύτη·
467 1164 513 1223 El
519 1182 567 1234 τις
581 1154 683 1233 ἄθεος
693 1152 714 1241 ῆ
726 1155 923 1241 Χριστιανὸς
936 1152 961 1241 ῆ
972 1154 1123 1223 Ἐπικού-

118 1278 208 1338 ρειος
224 1252 298 1339 ῆκει
317 1253 524 1331 κατάσκοπος
537 1259 605 1320 τῶν
620 1250 759 1339 ὀργίων,
784 1254 948 1338 φευγέτω,
969 1258 1003 1320 οί
1017 1254 1052 1320 δέ
1068 1277 1119 1318 πι-

119 1349 294 1428 στεύοντες
309 1358 355 1441 τῶ
368 1358 440 1439 θεῷ
452 1357 677 1418 τελείσθωσαν
692 1351 773 1438 τύχῃ
790 1358 829 1437 τῆ
845 1348 966 1437 ὀγαθῆ.
990 1346 1047 1415 εἶτ’
1067 1346 1124 1413 εὐ-

118 1443 187 1523 θύς
202 1448 240 1512 ε’ν
255 1444 338 1534 άρχῆ
353 1448 495 1527 ἐξέλασις
513 1450 675 1533 ἐγίγνετο·
703 1449 758 1515 καλ
778 1444 795 1514 ὁ
813 1448 875 1531 μὲν
889 1444 997 1532 ῆγείτο
1015 1447 1121 1529 λέγων
1141 1460 1191 1513 245

119 1549 213 1629 ,,ἐξω
227 1544 491 1629 Χριστιανούςίί,
515 1544 552 1611 τὸ
580 1546 615 1612 δὲ
637 1552 766 1629 πλῆθος
788 1543 879 1610 άπαν
899 1545 1123 1628 ἐπεφθέγγετο

121 1647 206 1724 ,,ἔξω
223 1638 502 1726 Ἐπικουρείους.“
533 1641 601 1709 εἱτα
621 1650 750 1729 Λητοῦς
769 1644 914 1727 ἐγίγνετο
941 1647 1050 1726 λοχεία
1071 1641 1125 1707 καὶ

117 1738 325 1817 ’Λπόλλωνος
344 1742 440 1824 γοναὶ
455 1742 510 1807 καλ
524 1744 717 1825 Κορωνίδος
736 1737 840 1823 γάμος
861 1740 915 1806 καὶ
932 1734 1124 1823 Ἀσκληπιός

121 1840 277 1903 ἐτίκτετο·
300 1839 336 1903 ἐν
349 1838 385 1904 δὲ
399 1845 440 1925 τῆ
450 1841 588 1925 δευτέρᾳ
597 1838 778 1914 Γλύκωνος
793 1838 968 1921 ἐπιφάνεια
980 1839 1034 1903 καὶ
1048 1840 1125 1920 γέν-

122 1953 218 2018 νησις
232 1940 292 1999 τοῦ
307 1942 401 2001 θεοῦ.
430 1940 480 2003 39.
495 1941 587 2019 τρίτῃ
602 1933 637 2000 δέ
653 1930 758 2021 ἡμέρᾳ
773 1936 995 2013 Ποδαλειρίου
1009 1926 1053 2016 ῆν
1070 1933 1125 1999 καὶ

124 2040 180 2118 τῆς
201 2029 324 2117 μητρὸς
344 2030 560 2118 Ἀλεξάνδρου
578 2030 698 2117 γάμος·
730 2031 835 2118 Δᾳδὶς
852 2030 888 2097 δὲ
906 2031 1050 2096 ἐκαλεῖτο
1071 2031 1126 2096 καὶ

123 2135 222 2216 δᾷδες
240 2132 276 2197 δὲ
289 2133 448 2197 ἐκαίοντο.
471 2132 526 2197 καὶ
540 2137 729 2197 τελευταῖον
742 2126 893 2212 Σελήνης
907 2129 961 2193 καὶ
973 2124 1125 2205 Ἀλεξάν-

124 2234 208 2313 δρου
224 2234 305 2314 ἔρως
315 2232 369 2295 καὶ
383 2232 555 2314 τικτομένη
569 2234 630 2295 τοῦ
636 2225 881 2294 Ῥουτιλλιανοῦ
896 2222 1024 2310 ῆγυνή.
1048 2228 1125 2312 ἐδᾳ-

124 2326 236 2411 δούχει
251 2326 286 2395 δὲ
301 2328 355 2394 καὶ
366 2327 555 2412 ἱεροφάντει
572 2324 589 2393 ὁ
603 2323 784 2408 Ἐνδυμίων
796 2318 1015 2406 Ἀλέξανδρος.
1037 2322 1090 2387 καί
1107 2316 1124 2385 ὁ

124 2424 185 2509 μὲν
202 2425 381 2492 καθεύδων
400 2429 507 2510 δῆθεν
526 2425 691 2492 κατέκειτο
708 2424 744 2489 ἐν
764 2427 809 2509 τῷ
830 2422 934 2505 μέσᾳ,
960 2419 1073 2505 κατήει
1091 2415 1126 2483 δὲ

125 2519 176 2587 ἐπ’
195 2518 297 2588 αύτόν
312 2518 377 2589 άπὸ
394 2528 451 2606 τῆς
465 2517 591 2607 ὀροφῆς
603 2519 647 2597 ῶς
658 2524 689 2598 ἐξ
705 2516 853 2603 οὐρανοῦ
864 2516 938 2586 άντὶ
948 2527 1005 2603 τῆς
1015 2517 1127 2601 Σελή-

124 2645 185 2703 νης
199 2616 380 2686 Ῥουτιλλία
395 2644 443 2697 τις
463 2614 646 2703 ὡραιοτάτη
666 2626 733 2683 τῶν
753 2622 919 2699 Καίσαρος
940 2616 1127 2699 οἰκονόμων

123 2714 215 2795 τινός
228 2717 326 2802 γυνή,
341 2719 450 2800 ἐρῶσα
462 2713 506 2794 ῶς
517 2713 651 2800 άληθῶς
662 2723 722 2781 τοῦ
732 2714 951 2796 Ἀλεξάνδρου
964 2715 1018 2780 καί
1030 2710 1127 2778 άντε-

125 2820 256 2902 ρωμένη
269 2813 326 2882 ὑπ’
341 2813 461 2899 αὐτού,
477 2815 531 2880 καὶ
549 2817 585 2880 ἐν
596 2810 785 2899 ὀφθαλμοῖς
801 2820 862 2880 τοῦ
873 2810 1031 2895 ὀλεθρίου
1044 2812 1127 2874 ἐκεί-

124 2939 189 2980 νου
203 2911 325 2995 άνδρός
346 2911 512 2998 φιλήματά
528 2937 563 2978 τε
578 2913 725 2996 ἐγίγνετο
742 2915 778 2978 ἐν
796 2919 843 2997 τῶ
859 2913 947 2999 μίσφ
963 2910 1018 2975 καὶ
1031 2930 1124 2993 περι·
1144 2921 1195 2974 246

123 3017 260 3080 πλοκαί·
287 3017 317 3079 εἱ
329 3012 365 3079 δὲ
380 3009 423 3096 μή
439 3012 557 3078 πολλαί
572 3002 659 3095 ῆσαν
676 3013 712 3076 αἱ
730 3012 844 3096 δᾷδες,
865 3007 946 3092 τάχα
965 3006 1008 3073 άν
1025 3032 1055 3071 τι
1073 3006 1127 3070 καλ

124 3120 192 3178 τῶν
208 3108 275 3177 ύπό
291 3110 418 3177 κόλπον
435 3108 618 3192 ἐπράττετο.
642 3104 721 3192 μετὰ
737 3102 859 3190 μικρὸν
874 3105 909 3171 δέ
924 3105 1025 3171 πάλιν
1040 3101 1126 3189 ἐσήει

125 3215 365 3294 ἱεροφαντικῶς
375 3207 614 3292 ἐσκευασμένος
629 3209 666 3272 ἐν
683 3208 787 3289 πολλῆ
801 3208 841 3287 τῆ
859 3209 982 3289 σιωπή,
997 3203 1052 3268 καὶ
1065 3197 1127 3266 αύ-

124 3305 180 3386 τός
191 3309 253 3394 μὲν
265 3314 354 3392 ἔλεγε
364 3305 489 3392 μεγάλῃ
498 3312 538 3392 τῆ
548 3309 655 3390 φωνῆ,
666 3298 697 3387 ἱῆ
707 3300 862 3369 Γλύκων·
880 3301 1125 3383 ἐπεφθέγγοντο

125 3406 162 3473 δὲ
182 3405 274 3491 αύτῶ
292 3407 599 3479 ἐπακολουθοῦντες
622 3399 829 3487 Εὐμολπίδαι
854 3403 960 3484 δῆθεν
983 3401 1037 3465 καὶ
1055 3394 1126 3482 Κή·
