2575 3842
172 197 214 261 46
305 156 308 162 Δ
526 201 830 259 ΛΟΥΚΙΑΝΟΤ

171 355 394 444 ᾐσθανόμεθα
406 361 595 442 φερομένου
606 353 711 422 αὐτού
724 353 822 436 ὀξέως
833 353 915 442 πρὸς
928 362 996 422 πᾶν
1010 357 1108 441 μέρος
1121 363 1179 442 τῆς
1279 384 1286 425 z

171 455 347 540 θαλάττης.
382 457 451 522 έπεί
472 457 507 520 δὲ
527 451 591 539 ἡδη
613 453 733 531 ἐθάδες
748 461 790 540 τῇ
808 457 960 540 διατριβῇ
982 454 1178 539 ἐγενόμεθα,
1279 452 1285 523 j

171 553 286 642 λαβδν
302 555 381 622 ἑπτά
397 560 464 620 τῶν
479 556 618 638 ἑταίρων
633 553 785 639 ἐβάδιζον
798 556 831 630 ές
845 549 908 637 τὴν
922 549 1009 636 ύλην
1021 572 1179 635 περισκο-

171 653 343 738 πήσασθαι
363 649 403 729 τά
418 651 526 717 πάντα
547 649 762 737 βουλόμενος.
790 650 885 716 ούπω
905 651 942 716 δὲ
960 647 1059 727 ὅλους
1079 652 1178 716 πέντε

172 747 319 817 διελθδν
337 752 490 826 σταδίους
503 739 604 833 εὖρον
615 745 708 832 ίερδυ
718 752 945 831 Ποσειδῶνος,
961 745 1005 825 ὡς
1021 741 1176 832 έδὴλουὴ
1284 806 1285 819 ,

171 846 355 931 ἐπιγραφή,
372 848 426 912 καὶ
437 842 507 930 μετ’
521 841 562 911 ού
571 841 658 912 πολύ
670 847 724 911 καὶ
736 845 863 928 τάφους
873 840 1019 919 πολλούς
1029 844 1083 909 καὶ
1097 843 1177 927 στὴ-

172 953 231 1022 λας
247 940 298 1010 ἐπ’
318 940 429 1009 αὐτῶν
452 948 593 1028 πλησίον
614 968 649 1008 τε
665 939 776 1027 πηγὴν
795 940 916 1018 ύδατος
931 945 1106 1025 διαυγοῦς,
1130 945 1178 1006 ἐτι

172 1041 208 1109 δὲ
223 1043 277 1110 καὶ
291 1038 393 1118 κυνός
405 1037 533 1126 ὑλακὴν
548 1040 716 1125 ἠκούομεν
726 1041 781 1106 καί
791 1036 918 1116 καπνός
928 1041 1080 1123 ἐφαίνετο
1092 1037 1177 1118 πόρ-

172 1149 284 1226 ρωθεν
302 1144 360 1206 καί
372 1164 448 1206 τινα
464 1139 519 1205 καὶ
534 1143 674 1205 ἔπαυλιν
689 1137 867 1223 εἰκάζομεν.
895 1141 947 1203 33.
964 1139 1095 1222 σπουδῇ
1113 1125 1175 1200 ούυ

171 1240 357 1324 βαδίζοντες
366 1237 573 1321 ἐφιστάμεθα
583 1235 752 1322 πρεσβύτη
762 1235 816 1301 καὶ
824 1240 988 1322 νεανίσκῳ
997 1233 1086 1318 μάλα
1096 1254 1171 1315 προ-

170 1333 289 1418 θύμως
304 1333 450 1418 πρασιάν
461 1359 535 1399 τινα
550 1333 778 1418 ἐργαζομένοις
792 1333 847 1398 καὶ
859 1329 952 1415 ύδωρ
964 1327 1029 1396 άπδ
1044 1336 1101 1414 τὴς
1111 1351 1173 1411 πη-

170 1438 230 1517 γῆς
242 1428 293 1498 ἐπ’
307 1427 413 1516 αύτὴν
423 1429 685 1515 διοχετεύουσιν
706 1427 866 1515 ἡσθέντες
880 1421 944 1495 ούν
961 1426 1029 1513 ἅμα
1044 1428 1099 1493 καλ
1111 1450 1177 1510 φο-

171 1531 331 1614 βηθέντες
346 1533 502 1612 ἔστημεν·
525 1524 673 1594 κάκεῖνοι
688 1528 723 1593 δὲ
740 1524 863 1593 ταύτδυ
876 1523 956 1612 ἡμῖν
977 1521 1021 1601 ὡς
1035 1520 1072 1589 τό
1089 1519 1177 1599 εἰκός

171 1624 338 1702 παθόντες
349 1623 490 1692 άναυδοι
502 1624 766 1710 παρεστήκεσαν
787 1625 897 1713 χρόνῳ
909 1621 974 1691 δέὁ
988 1620 1176 1708 πρεσβύτης

172 1727 252 1807 ἔφη,
273 1727 368 1799 Τίνες
386 1720 449 1807 άρα
465 1719 559 1806 ὑμεῖς
575 1724 663 1806 ἐστε,
681 1712 708 1787 ά
723 1723 826 1802 ξένοις
847 1723 1000 1804 πότερον,
1018 1725 1093 1805 ἔφη,
1106 1722 1176 1783 τῶν

171 1821 312 1886 ἐναλίων
324 1817 494 1902 δαιμόνων
507 1813 529 1904 ἡ
541 1817 716 1903 ἅνθρωποι
728 1821 898 1903 δυστυχεῖς
908 1814 988 1901 ἡμῖν
998 1811 1176 1897 παραπλή-

172 1936 253 1995 σιοι;
276 1915 330 1981 καὶ
347 1913 411 2000 γάρ
427 1913 519 2002 ἡμεῖς
531 1912 707 1997 άνθρωποι
722 1912 815 1992 ὄντες
828 1917 883 1982 καὶ
894 1916 931 1981 ἐν
942 1920 984 2001 γῇ
994 1912 1176 1997 τραφέντες

173 2019 239 2080 νῦν
248 2013 617 2099 θαλάττιοαγεγόυαμεν
626 2013 681 2078 καὶ
690 2011 924 2097 συννηχόμεθα
934 2018 979 2099 τῷ
991 2011 1176 2094 περιέχοντι

171 2111 278 2201 τούτῳ
292 2118 417 2200 θηρίῳ,
433 2108 506 2178 οὐδ’
521 2107 722 2194 δίπάσχομεν
734 2106 880 2195 ἀκριβῶς
891 2107 1027 2185 εἰδότες·
1050 2105 1176 2172 τεθνά-

171 2235 225 2276 ναι
242 2208 382 2294 μὲνγὰρ
400 2209 586 2294 εἰκάζομεν,
609 2213 667 2292 ζῆν
686 2208 722 2274 δὲ
738 2207 947 2292 πιστεύομεν.
975 2203 1059 2291 πρὸς
1071 2209 1175 2270 ταῦτα

170 2304 261 2391 κάγδ
274 2304 382 2373 εἷπον·
405 2310 469 2373 Καὶ
480 2304 573 2392 ἡμεῖς
583 2325 635 2372 σοι
648 2302 824 2387 ἅνθρωποι
835 2304 1004 2389 νεήλυδες,
1021 2295 1048 2368 ά
1059 2301 1174 2384 πάτερ,

122 2417 156 2472 97
175 2403 263 2492 αύτῳ
280 2405 399 2489 σκάφει
409 2405 529 2494 ’πρῴην
550 2405 802 2481 καταποθέντες.
825 2401 1041 2488 προήλθομεν
1058 2400 1095 2466 δὲ
1109 2404 1175 2464 νῦν

171 2501 370 2588 βουλόμενοι
386 2513 508 2589 μαθεῖν
523 2500 563 2568 τά
578 2504 615 2569 ἐν
627 2507 667 2588 τη
682 2498 748 2588 ύλη
763 2497 806 2578 αἱς
822 2506 902 2585 ἔχει·
925 2495 1029 2583 πολλὴ
1044 2496 1109 2582 γάρ
1124 2523 1173 2573 τις

171 2601 224 2666 καλ
245 2599 358 2678 λάσιος
379 2602 540 2686 ἐφαίνετο.
574 2604 702 2684 δαίμων
722 2600 761 2665 δέ
781 2624 846 2683 τις,
876 2595 919 2675 ὡς
937 2604 1062 2681 ἔοικεν,
1088 2593 1174 2682 ἡμᾶς

170 2695 273 2782 ἤγαγε
289 2699 328 2764 σέ
341 2723 376 2764 τε
397 2695 583 2783 ὀψομένους
596 2698 651 2764 καλ
673 2701 864 2783 εἰσομένους
883 2695 934 2764 ὅτι
955 2695 999 2782 μὴ
1017 2696 1116 2782 μόνοι
1136 2696 1175 2760 ἐν

170 2799 253 2885 τῳδε
267 2801 496 2880 καθείργμεθα
511 2801 557 2883 τῷ
571 2801 696 2884 θηρίῳ·
717 2794 800 2864 άλλά
815 2796 948 2883 φράσον
961 2822 1000 2881 γε
1017 2793 1098 2882 ἡμῖν
1112 2792 1174 2878 την

171 2899 296 2960 σαυτοῦ
316 2893 433 2979 τύχην,
455 2892 543 2971 ὅστις
557 2919 592 2959 τε
609 2889 658 2959 δυ
675 2895 730 2961 καὶ
750 2892 839 2972 ὅπως
855 2899 954 2979 δεύρο
970 2900 1131 2979 εἰσῆλθες.
1155 2889 1172 2959 ὁ

171 2991 207 3058 δὲ
219 2988 259 3057 ού
270 2992 434 3077 πρότερον
444 2996 506 3077 ἔφη
517 2993 603 3077 ἐρεῖν
616 2990 693 3059 οὐδὲ
702 2993 887 3061 πεύσεσθαι
898 2990 972 3077 παρ’
987 2991 1082 3079 ἡμῶν
1094 2994 1174 3075 πρὶν
1284 2979 1286 2999 ’

170 3092 287 3168 ξενίων
298 3095 365 3155 τῶν
380 3091 555 3175 παρόντων
569 3094 786 3176 μεταδοῦναι,
801 3094 856 3158 καὶ
867 3087 981 3176 λαβδν
990 3086 1077 3175 ἡμᾶς
1090 3081 1173 3174 ἡγεν

170 3187 221 3252 ἐπὶ
242 3183 304 3271 τὴυ
327 3192 435 3254 οἰκίαν
453 3191 688 3274 -ἐπεποίητο
714 3192 749 3255 δὲ
771 3187 918 3272 αὐτάρκη
940 3189 994 3254 καὶ
1016 3186 1173 3272 στιβάδας

170 3283 399 3370 ἐνῳκοδόμητο
415 3287 469 3352 καὶ
485 3282 524 3351 τά
541 3283 623 3352 άλλα
635 3286 800 3372 ἐξήρτιστο
813 3327 854 3336 -
865 3287 1028 3371 παραθεὶς
1043 3288 1079 3352 δὲ
1092 3282 1173 3370 ἡμῖν

170 3380 296 3465 λάχανά
305 3409 340 3449 τε
350 3386 405 3451 καὶ
417 3382 588 3469 ἀκρόδρυα
597 3387 651 3452 καὶ
663 3389 769 3467 ίχθύς,
780 3387 826 3448 ἐτι
838 3382 874 3447 δέ
883 3383 938 3448 καὶ
946 3379 1039 3448 οίνον
1049 3382 1172 3467 ἐγχέας,
