2575 3842
514 178 746 238 ΕΙΚΟΝΕΣ.
1074 178 1136 240 245

127 332 228 422 ἀρετὴ
244 338 299 403 καὶ
315 335 482 423 εὐμορφία
497 337 656 423 σώματος.
680 335 792 424 ἀμέλει
806 337 930 418 πολλάς
940 339 983 406 ἀν
997 361 1051 407 σοι
1067 343 1137 408 δεί-

128 440 217 519 ξαιμι
233 442 364 519 μορφῆς
381 435 443 519 μὲν
460 428 499 502 εὖ
519 432 683 522 ἡκούσας,
706 435 745 503 τά
762 437 798 504 δὲ
813 436 895 507 ἀλλα
913 441 1136 524 αἰσχυνούσας

127 530 164 600 τό
183 531 318 616 κάλλος,
348 528 391 610 ὡς
408 535 462 598 καί
482 535 588 618 μόνον
604 538 848 620 φθεγξαμένων
865 533 1031 604 ἀπανθεῖν
1051 534 1133 604 αύτδ

127 633 181 698 καί
198 627 487 714 ἀπομαραίνεσθαι
504 632 722 718 ἐλεγχόμενόν
737 659 772 700 τε
787 637 841 700 καὶ
856 631 1068 719 ἀσχημονοῦν
1079 635 1134 701 καί

127 724 207 812 παρ’
226 725 322 806 ἀξίαν
338 725 444 795 συνδν
458 738 590 818 πονηρᾷ
605 757 672 798 τινι
685 735 843 818 δεσποίνη
857 739 896 818 τῇ
910 739 1006 818 ψυχῇ.
1031 732 1086 797 καὶ
1099 733 1137 796 αἵ

126 852 164 912 γε
180 834 330 894 τοιαῦται
352 827 465 913 ὅμοιαί
483 854 538 913 μοι
560 833 698 897 δοκοῦσι
720 844 787 907 τοῖς
803 835 996 914 Αἰγυπτίοις
1016 833 1131 909 ίεροῖς·

126 922 223 991 κάκεῖ
237 923 301 1008 γάρ
318 922 418 1003 αύτδς
433 928 494 1011 μὲν
515 924 532 992 ὁ
554 923 638 1004 νεώς
654 927 830 1004 κάλλιστός
848 928 954 992 τεκαὶ
971 927 1132 1010 μέγιστος,

126 1030 235 1099 λίθοις
255 1037 322 1100 τοῖς
339 1026 554 1091 πολυτελέσιν
574 1020 829 1111 ήσκημένοςκαὶ
849 1029 960 1111 χρυσῷ
976 1025 1030 1089 καὶ
1050 1047 1134 1107 γρα-

127 1132 205 1202 φαῖς
220 1123 472 1206 διηνθισμένος,
497 1125 597 1188 ἔνδον
615 1125 651 1188 δὲ
671 1117 715 1206 ἢν
730 1127 823 1209 ζητῇς
838 1117 897 1187 τόν
913 1120 1014 1205 θεόν,
1035 1115 1057 1204 ἢ
1078 1127 1134 1186 πί-

127 1217 233 1302 θηκός
243 1219 331 1283 ἐστιν
345 1213 368 1302 ἦ
382 1217 445 1305 ἰβις
456 1213 477 1303 ἢ
489 1217 609 1302 τράγος
619 1212 641 1303 ἢ
653 1227 818 1301 αἰλουρος.
842 1215 995 1292 τοιαύτας
1010 1212 1133 1292 πολλάς

127 1318 210 1383 ἰδεῖν
219 1320 354 1384 ἔνεστιν.
372 1313 413 1384 ού
422 1321 539 1384 τοίνυν
548 1313 676 1401 ἀπόχρη
687 1314 723 1382 τὸ
735 1314 865 1397 κάλλος,
877 1320 907 1381 εἰ
914 1311 958 1399 μὴ
968 1315 1134 1399 κεκόσμη-

126 1438 178 1478 ται
194 1425 260 1490 τοῖς
277 1418 415 1492 δικαίοις
425 1412 632 1499 κοσμήμασι,
648 1416 733 1498 λέγω
749 1411 788 1498 δη
806 1412 868 1480 ούκ
882 1415 998 1497 ἐσθῆτι
1010 1409 1133 1493 ἀλουρ-

125 1523 179 1598 γεῖ
196 1513 251 1577 καί
272 1508 404 1597 ὅρμοις,
427 1511 501 1581 ἀλλ’
525 1506 574 1590 οἷς
595 1524 757 1593 προεῖπον
778 1513 932 1592 ἐκείνοις,
959 1508 1059 1596 ἀρετῇ
1079 1508 1134 1573 καὶ

125 1601 330 1695 σωφροσύνη
345 1612 399 1678 καὶ
413 1613 569 1698 ἐπιεικείᾳ
585 1613 638 1676 καὶ
657 1614 897 1697 φιλανθρωπίᾳ
918 1609 1055 1682 καὶτοῖς
1071 1603 1131 1672 ἀλ·
1150 1614 1202 1669 470

125 1712 211 1788 λοις,
229 1703 336 1772 ὁπόσα
353 1709 474 1792 ταύτης
491 1705 569 1791 ὅρος
584 1709 681 1773 ἐστίν.

211 1807 258 1868 12.
275 1810 375 1870 AYK.
399 1802 552 1887 Ούκοῦν,
570 1797 838 1885 ώΠολύστρατε,
855 1809 970 1887 μῦθον
981 1801 1054 1868 ἀντὶ
1065 1801 1131 1885 μύ-

125 1909 194 1964 θου
209 1895 344 1983 ἄμειψαι
361 1898 452 1991 αὐτῷ
465 1908 511 1989 τῷ
533 1903 657 1988 μέτρῳ,
676 1907 795 1984 φασίν,
818 1895 911 1985 ἢκαὶ
932 1900 1048 1981 λώῖον,
1069 1899 1132 1964 δύ-

125 2014 223 2060 νασαι
237 1995 318 2080 γάρ,
340 2004 399 2064 καί
413 2024 487 2065 τινα
506 1998 617 2067 εἰκόνα
633 1997 845 2082 γραφόμενος
860 2003 917 2081 τῆς
938 2003 1043 2082 ψυχῆς
1061 1998 1132 2062 ἐπί-

126 2095 251 2176 δειξον,
271 2092 313 2172 ὡς
329 2093 373 2180 μὴ
389 2099 421 2176 έξ
438 2093 585 2182 ἡμισείας
599 2095 804 2179 θαυμάζοιμι
820 2091 935 2178 αύτην.

208 2200 310 2260 ΠΟΛ.
335 2192 387 2261 Ού
402 2193 538 2281 μικρόν,
555 2187 583 2260 ώ
596 2197 719 2276 ἑταῖρε,
735 2189 771 2258 τδ
783 2189 955 2276 ἀγώνισμα
967 2188 1131 2274 προστάτ-

124 2317 203 2368 τεις·
233 2289 274 2358 ού
290 2290 354 2378 γάρ
366 2291 484 2379 ὅμοιον
499 2290 537 2361 τό
553 2302 633 2360 ποῖσι
652 2293 821 2378 προφανὲς
835 2291 1005 2358 ἐπαινέσαι
1022 2290 1076 2355 καὶ
1090 2286 1130 2354 τά

124 2387 230 2475 ἀδηλα
246 2393 424 2475 ἐμφανίσαι
438 2398 483 2480 τῷ
499 2391 596 2478 λόγῳ.
624 2399 682 2458 καί
699 2418 755 2478 μοι
778 2396 866 2458 δοκῶ
884 2395 1059 2475 συνεργῶν
1076 2388 1131 2454 καὶ

124 2485 224 2564 αὐτὸς
236 2490 415 2574 δεήσεσθαι
427 2489 510 2575 πρδς
521 2490 582 2576 την
594 2490 722 2577 εἰκόνα,
736 2488 777 2558 ού
788 2497 944 2559 πλαστῶν
956 2486 1034 2556 οὐδὲ
1046 2514 1130 2574 γρα-

124 2586 217 2669 φέων
233 2585 356 2670 μόνον,
377 2585 460 2655 ἀλλά
476 2593 530 2656 καὶ
552 2589 765 2674 φιλοσόφων,
791 2586 936 2678 ώςπρδς
952 2587 1031 2666 τούς
1046 2591 1130 2654 ἐκεί-

124 2707 194 2748 νων
209 2683 353 2760 κανόνας
369 2682 561 2754 ἀπευθῦναι
576 2686 612 2754 τό
635 2686 765 2774 ἀγαλμα
782 2690 837 2755 καὶ
854 2692 957 2768 δεῖξαι
972 2685 1054 2755 κατά
1068 2687 1129 2771 την

124 2777 263 2862 ἀρχαίαν
275 2781 457 2868 πλαστικὴν
467 2791 782 2872 κατεσκευασμένον.
807 2792 857 2855 13.
870 2791 924 2854 καὶ
937 2785 976 2872 δὴ
989 2785 1130 2870 πεποιη-

123 2884 206 2942 σθοι.
231 2874 398 2962 αὐδήεσσα
413 2881 474 2962 μὲν
487 2879 524 2948 τό
542 2891 675 2964 πρῶτον
688 2888 743 2953 καί
757 2892 879 2970 λίγεια,
901 2889 954 2952 καὶ
969 2885 1023 2969 τό,
1045 2894 1128 2970 γλυ-
1146 2907 1197 2963 471

123 2980 205 3042 κίων
220 2977 348 3059 μέλιτος
362 2973 427 3044 ἀπό
443 2985 500 3065 της
514 2980 665 3066 γλώσσης
681 2985 755 3067 περὶ
770 2981 871 3069 αύτης
884 2979 1042 3067 μᾶλλονῆ
1054 2985 1129 3067 περί

121 3082 183 3141 τοῦ
196 3081 328 3141 Πυλίου
341 3076 498 3160 γέροντος
514 3078 643 3146 ἐκείνου
660 3077 677 3146 ὁ
692 3077 836 3167 ’Όμηρος
850 3077 894 3147 ἀν
910 3081 1042 3166 εἰρήκει.
1066 3087 1129 3158 πᾶς

122 3171 190 3241 δδδ
208 3173 305 3251 τόνος
320 3180 381 3240 τοῦ
396 3177 588 3260 φθέγματος
603 3172 672 3256 οἷος
687 3175 915 3262 ἁπαλώτατος,
932 3175 1008 3244 ούτε
1022 3174 1128 3264 βαρύς

123 3270 165 3352 όις
181 3279 227 3353 εἰς
246 3271 283 3342 τὸ
305 3270 461 3359 ἀνδρεῖον
476 3272 647 3361 ἡρμόσθαι
664 3273 741 3344 ούτε
757 3277 848 3343 πάνυ
868 3272 986 3354 λεπτός
1001 3273 1045 3354 ὡς
1061 3286 1112 3362 θη

121 3370 259 3452 λύτατός
282 3399 316 3440 τε
335 3372 417 3441 εἶναι
436 3378 490 3443 καί
511 3379 631 3464 κομιδῇ
646 3381 797 3461 ἔκλυτος,
823 3373 897 3445 ἀλλ’
915 3371 983 3455 οἷος
1003 3381 1112 3462 γένοιτ
