2575 3842
396 226 514 283 ΠΕΡΙ
533 224 808 283 ΟΡΧΗΣΕΩΣ.
1047 220 1106 284 165

96 386 304 473 ὀρχηστικῶν
319 391 538 468 προσωπείων
553 389 694 468 σιωπῆς,
714 380 764 449 ότι
779 385 833 449 καὶ
848 374 930 469 αὐτη
943 391 1108 468 Πυθαγο-

34 495 37 499 ’
97 485 195 573 ρικόν
211 511 242 552 τι
257 483 364 569 δόγμα
382 487 566 550 αἰνίττεται.
596 484 646 547 71.
665 485 711 548 ἔτι
732 480 768 546 δὲ
783 487 850 546 τῶν
867 479 979 547 άλλων
996 482 1109 568 ἐπιτη-

99 582 276 668 δευμάτων
301 587 368 647 των
394 578 455 665 μὲν
482 575 519 645 τό
544 577 704 663 τερπνόν,
737 582 804 643 τῶν
828 577 864 643 δὲ
885 574 921 642 τό
946 577 1108 663 χρήσιμον

98 679 393 766 ὑπισχνουμένων,
413 677 499 764 μόνη
510 675 530 761 ἡ
543 673 676 761 ὄρχησις
687 673 787 759 άμφω
803 680 883 758 ἔχει·
906 676 960 740 καί
972 675 1059 741 πολύ
1071 701 1109 760 γε

97 776 134 846 τό
147 778 311 864 χρήσιμον
322 775 588 862 ὠφελιμώτερον,
600 771 667 863 ὀσφ
679 770 759 857 μετὰ
769 779 830 840 τοῦ
840 780 986 859 τερπνοῦ
996 779 1109 858 γίγνε-

97 903 159 943 ται.
194 874 286 965 πόσφ
306 873 371 961 γάρ
392 882 490 942 τοῦτο
512 871 610 958 ήδιον
632 866 758 958 ὁρᾶνή
782 873 1009 950 πυκτεύοντας
1030 898 1110 940 νεα-

100 979 236 1050 νίσκους
252 975 306 1040 καί
322 975 434 1058 αἵματι
449 973 629 1058 ῥεομένους
646 968 701 1035 καί
716 976 917 1047 παλαίοντας
934 969 1055 1046 άλλους
1073 971 1110 1035 ἐν

100 1070 211 1154 κόνει,
240 1066 299 1147 οὑς
319 1067 340 1156 ῆ
362 1067 495 1154 ὀρχησις
517 1065 677 1143 πολλάκις
698 1063 947 1152 ἀσφαλέστερον
967 1066 1035 1153 ἅμα
1056 1067 1111 1133 καί

101 1166 352 1255 εὐμορφότερον
375 1168 428 1233 καί
454 1164 677 1250 τερπνότερον
699 1166 930 1232 ἐπιδείκνυται.
965 1163 1028 1251 τήν
1048 1164 1110 1250 μέν
1127 1183 1180 1244 3OE

100 1259 165 1333 οὐν
185 1292 224 1352 γε
246 1266 412 1332 σύντονον
433 1272 566 1349 κίνησιν
588 1270 645 1349 τῆς
669 1259 864 1349 ὀρχηστικῆς
887 1266 942 1332 καὶ
962 1262 1111 1350 στροφάς

100 1360 203 1448 αὐτῆς
216 1365 270 1429 καί
284 1357 493 1446 περιαγωγάς
508 1362 561 1428 καί
571 1361 747 1446 πηδήματα
758 1363 813 1427 καί
824 1357 1031 1447 ὑπτιασμοὺς
1042 1377 1110 1441 τοῖς

101 1463 162 1546 μὲν
173 1458 286 1536 άλλοις
296 1456 422 1544 τερπνά
435 1457 518 1525 εἶναι
529 1461 740 1545 συμβέβηκεν
752 1455 871 1543 ὁρῶσι,
890 1473 957 1537 τοίς
969 1463 1004 1526 δέ
1017 1463 1111 1545 ἐνερ-

101 1564 221 1643 γοῦσιν
233 1553 345 1635 αὐτοῖς
356 1555 583 1642 ὑγιεινότατα·
598 1565 795 1641 γυμνασίων
805 1555 870 1643 γάρ
882 1556 919 1624 τό
932 1559 1112 1627 κάλλιστόν

101 1681 136 1722 τε
157 1652 225 1740 ἅμα
246 1657 301 1722 καί
322 1653 578 1741 εὐρυθμότατον
594 1661 692 1721 τοῦτο
708 1662 813 1740 φαίην
832 1652 876 1722 άν
894 1662 998 1743 ἔγωγε
1016 1657 1111 1742 εἶναι,

103 1754 269 1841 μαλάττον
280 1753 342 1839 μὲν
357 1752 393 1822 τό
407 1760 501 1839 σῶμα
514 1755 567 1821 καί
582 1753 732 1838 κάμπτον
743 1755 798 1820 καί
810 1761 971 1839 κουφίζον
985 1759 1039 1823 καί
1055 1753 1113 1820 εύ-

104 1853 193 1939 χερὲς
210 1850 294 1919 εἶναι
310 1849 393 1936 πρὸς
404 1848 591 1937 μεταβολήν
607 1849 768 1919 διδάσκον
779 1852 876 1937 ίσχύν
890 1879 924 1919 τε
936 1850 1112 1939 οὐμικρόν

102 1958 302 2036 περιποιοῦν
323 1965 390 2028 τοῖς
407 1950 545 2035 σώμασι.
573 1953 622 2016 72.
649 1955 718 2026 πῶς
736 1941 799 2016 ούν
817 1947 858 2015 οὐ
880 1950 1113 2034 παναρμόνιόν

105 2076 133 2116 ιι
150 2055 258 2133 χρῆμα
274 2045 294 2132 ή
310 2047 457 2134 ὀρχησις,
482 2047 639 2134 θήγουσα
655 2047 716 2131 μέν
730 2044 792 2132 τήν
807 2047 933 2134 ψυχήν,
961 2047 1112 2115 άσκοῦσα

104 2147 139 2212 δὲ
153 2148 208 2212 καί
222 2143 259 2212 τό
276 2152 385 2230 σῶμα,
404 2147 570 2229 τέρπουσα
583 2144 620 2211 δὲ
634 2142 713 2223 τούς
726 2142 891 2231 ὁρῶντας,
907 2146 1112 2212 διδάσκουσα

104 2246 139 2311 δὲ
158 2242 263 2332 πολλὰ
277 2251 343 2310 τῶν
355 2245 457 2312 πάλαι
473 2240 532 2310 ὑπ’
547 2241 659 2320 αὐλοῖς
673 2245 727 2310 καὶ
742 2243 925 2330 κυμβάλοις
936 2247 990 2313 καί
1001 2252 1112 2329 μελῶν

105 2341 273 2432 εὐρυθμία
290 2345 343 2410 καὶ
360 2343 495 2430 κηλήσει
511 2343 566 2410 διά
583 2367 617 2409 τε
633 2339 821 2426 ὀφθαλμῶν
839 2346 893 2410 καί
910 2342 1027 2431 άκοῆςς
1050 2341 1109 2413 εἴτ’

105 2433 169 2506 οὐν
185 2447 299 2527 φωνῆς
323 2438 496 2527 εὐμοιρίαν
517 2446 634 2527 ζητεῖς,
659 2449 726 2508 ποῦ
747 2437 791 2510 άν
809 2442 972 2531 άλλαχόθι
991 2445 1111 2533 εὕροις,

105 2535 126 2624 ή
143 2553 240 2606 ποίου
257 2540 541 2623 πολυφωνότερον
563 2537 716 2625 όὶκουσμα
733 2536 753 2626 ή
770 2545 1026 2631 ἐμμελέστερον;
1049 2554 1113 2613 είτε

107 2635 214 2704 αὐλοῦ
230 2639 284 2704 καί
298 2635 455 2722 σύριγγος
470 2635 506 2703 τό
523 2637 764 2722 λιγυρώτερον,
781 2638 853 2720 ἅλις
868 2645 922 2710 καὶ
935 2645 1064 2712 τούτων
1076 2647 1113 2712 ἐν

107 2733 239 2820 ὀρχήσει
256 2733 445 2803 άπολαῦσαί
457 2756 509 2804 σοι
525 2734 693 2818 πάρεστιν.
724 2738 768 2802 ἑοῦ
783 2739 892 2824 λέγειν
908 2739 952 2820 ὡς
966 2741 1113 2827 άμείνων

108 2830 146 2900 τό
166 2827 251 2918 ήδος
268 2833 394 2920 ὁμιλοῦν
414 2842 453 2922 τῆ
473 2833 610 2920 τοιαύτη
627 2834 691 2919 θέα
709 2833 849 2923 γενήσῃ,
876 2835 957 2904 όταν
978 2837 1057 2928 ὁρᾷς
1076 2837 1112 2906 τό

107 2935 254 3016 θέατρον
270 2940 393 3018 μισοῦν
414 2934 475 3019 μὲν
491 2931 530 2999 τοὶ
554 2937 663 3007 κακῶς
684 2932 883 3017 γιγνόμενα,
909 2939 1113 3020 ἐπιδακρῦον

107 3030 143 3098 δὲ
154 3044 222 3108 τοίς
233 3027 479 3117 ἀδικουμένοις,
494 3033 549 3098 καὶ
561 3028 646 3106 ὅλως
657 3028 696 3095 τὰ
708 3027 777 3115 ήθη
788 3038 856 3098 των
867 3029 1025 3115 ὁρώντων
1035 3059 1114 3103 παι-

107 3135 293 3216 δαγωγοῦν.
319 3134 367 3197 73.
383 3127 403 3196 δ
417 3132 456 3197 δέ
464 3132 531 3197 ἐστι
543 3129 686 3215 μάλιστα
699 3129 750 3195 έπί
761 3135 829 3195 τῶν
840 3126 1009 3215 ὀρχηστῶν
1020 3135 1115 3202 ἐπαι-

106 3229 217 3312 νέσαι,
237 3233 336 3294 τοῦτο
348 3226 411 3312 ήδη
423 3228 502 3310 ἐρῶ·
525 3224 561 3293 τό
573 3223 639 3311 γάρ
652 3227 749 3312 ἰσχύν
759 3253 793 3294 τε
805 3226 872 3313 ἅμα
885 3232 939 3297 καὶ
950 3230 1114 3319 ὑγρότητα

106 3333 174 3392 τῶν
186 3332 296 3411 μελῶν
308 3324 513 3410 ἐπιτηδεύειν
525 3322 648 3411 ὁμοίως
658 3325 848 3410 παράδοξον
861 3325 947 3397 εἶναί
954 3356 1010 3416 μοι
1025 3336 1116 3400 δοκεί
