2575 3842
498 177 591 235 ΕΡΩ
602 180 698 236 ΤΕΣ.
1036 175 1099 236 219

96 358 168 418 τητι
186 349 392 420 παραμεῖναν
408 333 513 411 ἀνθος
531 340 575 410 είς
594 343 697 419 γῆρας
711 332 834 412 αύτούς
847 341 999 420 μαραίνει
1014 334 1097 418 πρό·

97 455 197 514 ωρον.
220 428 286 515 ἅμα
301 428 366 516 γάρ
378 434 414 498 ἐν
428 433 542 498 παισίν
553 429 793 516 ἀριθμοῦνται,
809 435 862 499 καὶ
875 432 1099 518 γεγηράκασιν

97 525 199 594 οὐδὲν
219 525 352 611 ἀνδρῶν
372 535 562 613 μεταίχμιον
585 532 721 612 ἔχοντες.
754 528 859 606 οὕτως
879 527 899 614 ἡ
921 527 1023 614 μιαρά
1045 530 1098 594 καὶ

99 621 222 702 παντός
233 632 339 691 κακοῦ
351 625 547 702 διδάσκαλος
559 622 669 709 τρυφὴ
682 625 785 711 ἀλλην
797 624 853 691 ἀπ’
867 627 966 710 ἀλλης
978 624 1100 710 ἡδονάς

101 718 340 804 ἀναισχύντους
358 723 536 787 ἐπινοοῦσα
555 722 648 805 μέχρι
666 727 722 804 τῆς
739 719 816 790 οὐδὲ
834 725 978 806 ῥηθῆναι
996 725 1099 786 δυνα-

99 819 200 901 μένης
223 815 394 902 εὐπρεπῶς
414 816 518 882 νόσου
542 815 764 900 κατύλισθεν,
791 819 847 882 ἵνα
870 821 973 901 μηδὲν
995 816 1100 901 ἀγνοῇ

98 917 198 998 μέρος
218 912 394 999 ἀσελγείας.
436 920 485 980 22.
508 919 538 979 εί
557 910 588 978 δ’
612 911 666 997 ἐφ’
691 906 739 978 ὦν
759 912 781 998 ἡ
801 915 942 998 πρόνοια
963 921 1100 999 θεσμῶν

98 1018 210 1092 ἔταξεν
220 1010 312 1099 ἡμᾶς,
331 1014 465 1088 ἕκαστος
476 1014 603 1095 ἵδρυτο,
618 1025 687 1088 ταῖς
698 1010 778 1096 μετὰ
788 1020 958 1097 γυναικῶν
971 1008 1013 1077 ἀν
1025 1010 1098 1096 ὁμι-
1117 1017 1168 1069 4²²

98 1117 184 1187 λίαις
192 1107 387 1195 ἠρκούμεθα
402 1111 457 1176 καὶ
468 1105 589 1185 παντὸς
604 1105 782 1186 όνείδουςὸ
797 1116 867 1195 βίος
883 1108 1098 1195 ἐκαθάρευεν.

98 1204 210 1290 ἀμέλει
226 1205 314 1288 παρά
329 1221 397 1284 τοῖς
418 1204 519 1272 οὐδὲν
539 1207 575 1272 ἐκ
591 1213 739 1290 πονηράς
756 1208 936 1284 διαθέσεως
951 1232 1099 1291 παραχα-

100 1302 196 1383 ράξαι
211 1307 406 1388 δυναμένοις
421 1304 513 1388 ζςόοις
528 1300 688 1386 ἀχραντος
701 1299 721 1387 ἡ
735 1311 792 1388 τῆς
806 1303 939 1387 φύσεως
953 1313 1100 1389 νομοθε-

99 1404 153 1464 σία
170 1400 382 1482 φυλάττεται·
405 1403 533 1475 λέονιες
544 1395 605 1464 ούκ
621 1400 848 1483 ἐπιμαίνονται
858 1403 1008 1483 λέουσιν,
1024 1396 1096 1466 ἀλλ’

98 1491 118 1578 ἡ
137 1493 219 1561 κατὰ
236 1494 354 1578 καιρόν
373 1493 546 1581 Ἀφροδίτη
568 1492 651 1578 πρός
667 1493 703 1562 τό
724 1503 814 1582 θῆλυ
828 1495 890 1582 την
907 1494 1017 1577 ὄρεξιν
1036 1491 1099 1560 αύ-

98 1597 167 1656 τοΞν
183 1594 379 1659 ἐκκαλεῖται·
403 1599 523 1676 ταῦρος
540 1589 722 1678 ἀγελάρχης
735 1599 854 1680 βουσὶν
869 1592 1098 1677 ἐπιθόρνυται,

99 1689 153 1753 καλ
170 1686 263 1772 κριός
283 1686 367 1773 όλην
381 1687 442 1774 την
459 1695 602 1773 ποίμνην
616 1687 757 1773 ἀρρενος
772 1698 894 1774 πληροῖ
905 1691 1096 1773 σπέρματος.

99 1792 131 1852 τί
144 1787 183 1850 δέ
187 1813 195 1864 ;
220 1782 260 1849 ού
275 1791 366 1850 συῶν
377 1784 438 1869 μὲν
453 1781 552 1884 εύηάς
567 1786 808 1870 μεταδιώκουσι
822 1787 960 1873 κάπροις
982 1791 1098 1856 λνκαί-

99 1908 172 1958 ναις
185 1880 222 1948 Ιδ’
240 1885 469 1966 ἐπιμίγνυνται
486 1882 598 1962 λύκοις
619 1884 770 1950 καθόλου
785 1882 816 1950 δ’
834 1889 953 1965 εἰπεῖν,
969 1880 1050 1948 οὔθ’
1068 1884 1101 1948 οί

99 1977 192 2063 ἀέρια
204 1980 389 2064 ῥοιζοῦντες
400 1977 507 2063 ὄρνεις
522 1977 604 2045 οὔθ’
616 1977 679 2046 ὅσα
690 1977 752 2064 την
762 1978 870 2064 ὑγράν
884 1977 965 2045 καθ’
979 1977 1099 2054 ὕδατος

99 2085 205 2161 εῖληχε
219 2081 327 2160 λῆξιν,
344 2073 416 2143 ἀλλ’
434 2073 508 2142 οὐδ’
525 2077 575 2143 ἐπὶ
590 2082 650 2161 γῆς
667 2104 697 2143 τι
718 2083 801 2166 ζῷον
815 2075 955 2160 ἀρρενος
971 2070 1099 2157 ὁμιλίας

98 2177 287 2259 ἐπωρέχθη,
309 2175 400 2259 μένει
423 2172 458 2239 δὲ
479 2171 615 2257 ἀκίνητα
631 2183 689 2259 τῆς
708 2180 865 2258 προνοίας
885 2169 924 2238 τά
940 2171 1096 2255 δόγματα.

98 2270 191 2357 ὑμεῖς
206 2270 258 2356 δ’,
276 2265 303 2338 τό
314 2272 421 2356 μάτην
433 2273 484 2338 ἐπὶ
498 2277 542 2358 τῷ
555 2285 694 2355 φρονεῖν
706 2268 959 2356 εῦλογοόμενοι,
975 2273 1098 2352 θηρίον

99 2366 142 2447 ὡς
156 2366 291 2453 ἀληθοῦς
307 2375 455 2454 φαῦλον,
476 2368 667 2452 ἄνθρωποι,
689 2376 754 2435 τίνι
772 2375 869 2456 καινῇ
887 2368 977 2456 νόσφ
991 2392 1098 2451 παρα-

97 2466 303 2551 νομήσαντες
318 2468 370 2533 ἐπὶ
382 2465 444 2551 τὴν
456 2463 527 2533 κατ’
543 2464 696 2552 ἀλλήλων
710 2465 811 2553 ὕβριν
818 2464 1004 2552 ’ἠρέθισθες
1025 2471 1098 2530 τίνα

97 2572 154 2650 τῆς
165 2571 270 2648 ψυχῆς
278 2562 410 2650 τυφλὴν
420 2563 642 2650 ἀναισθησίαν
652 2568 864 2650 καταχέαντες
873 2563 997 2650 ἀμφοῖν
1005 2560 1097 2648 ήστο·

97 2662 217 2746 χηκατε
235 2660 417 2746 φεύγοντες
437 2659 458 2728 ά
473 2663 606 2730 διώκειν
627 2668 693 2730 ἔδει
709 2667 763 2731 καὶ
781 2664 955 2740 διώκοντες
971 2659 1031 2744 ἀφ’
1050 2652 1098 2726 τόν

99 2763 166 2826 ἔδει
180 2759 335 2843 φεύγεινς
357 2761 411 2827 καὶ
422 2759 502 2826 καθ’
514 2762 573 2826 ἕνα
587 2769 723 2828 τοιαῦτα
738 2766 858 2846 ζηλοῦν
874 2760 1011 2828 πάντων
1024 2761 1098 2825 ἑλο-

97 2857 210 2943 μένων
231 2855 308 2924 οῦδὲ
327 2853 371 2935 εἷς
391 2863 488 2926 ἔσται.
522 2864 571 2926 23.
587 2856 670 2925 ἀλλά
686 2856 750 2943 γάρ
772 2861 918 2926 ἐνταῦθα
939 2870 1006 2933 τοῖς
1020 2863 1098 2921 Σω-

97 2968 264 3038 κρατικοῖς
278 2953 295 3020 ὁ
309 2953 503 3040 θαυμαστός
517 2955 703 3048 ἀναφύεται
718 2955 832 3038 λόγος,
848 2952 909 3038 ὑφ’
927 2946 969 3020 οῦ
985 2955 1096 3018 παιδι-
1116 2959 1166 3011 42³

97 3054 150 3118 καὶ
171 3053 234 3136 μὲν
254 3051 349 3120 ἀκοαί
369 3060 501 3120 τελείων
523 3058 644 3132 ἐνδεεῖς
666 3055 1096 3139 λογισμῦνφενακίζονται·

90 3148 132 3216 ’τό
152 3147 182 3216 δ’
199 3149 262 3236 ἤδη
278 3148 360 3218 κατά
375 3152 541 3236 φρόνησιν
558 3155 590 3230 ές
605 3150 711 3232 ἀκρον
722 3155 797 3235 ἔχον
807 3145 870 3215 οῦκ
885 3143 928 3214 ἀν
943 3145 1098 3230 ὑπαχθη-

95 3274 151 3315 ναι
167 3250 322 3316 δύναιτο·
352 3258 457 3336 ψυχῆς
473 3248 537 3336 γάρ
558 3257 663 3336 ἔρωτα
684 3248 882 3315 πλάττονται
903 3249 957 3312 καὶ
977 3241 1014 3310 τό
1037 3248 1097 3309 τοῦ

95 3345 247 3431 σώματος
268 3347 440 3433 εὔμορφον
457 3348 650 3433 αἰδούμενοι
671 3355 782 3431 φιλεῖν
801 3341 917 3432 ἀρετῆς
937 3347 1098 3411 καλοῦσιν
