2575 3842
193 215 257 280 410
553 189 844 273 κοναίκκον

194 374 278 461 οἶδ’,
293 382 389 461 έφην.
414 370 488 442 Ούκ
506 370 624 455 οἶσθα,
638 364 661 456 ἦ
675 369 708 437 δ’
727 368 778 454 ός,
795 370 896 438 ἀετοῦ
906 370 970 457 τὴν
981 377 1140 458 πτέρυγα
1155 371 1221 459 τὴν

194 471 308 553 δεξιῶν
324 478 569 557 περικείμενος;
598 471 665 536 Καὶ
685 467 789 554 μύλα,
813 462 859 554 ἦν
878 467 911 536 δ’
933 471 1007 555 έγῶ.
1038 477 1075 537 τί
1088 467 1123 536 δ’
1152 464 1220 538 ούν

194 575 332 656 πτέρυγι
349 573 404 638 καὶ
419 568 586 657 ὀφθαλμῷ
604 566 722 634 κοινόν
736 569 842 644 ἐστινς
854 566 942 649 Ὅτι,
959 561 982 653 ἦ
997 565 1029 634 δ’
1045 565 1100 653 ὅς,
1117 569 1219 652 παρὰ

193 666 281 737 πολύ
297 675 366 738 τῶν
383 667 494 735 ἀλλων
510 665 605 751 ζῳων
621 662 717 742 ἀετός
731 668 821 731 ἐστιν
836 662 1102 751 ὀξυωπέστατος,
1126 665 1219 734 ὥστε
1264 706 1265 709 ¹

194 768 296 853 μόνος
311 764 425 832 ἀντίον
442 767 578 847 δέδορκε
593 771 639 852 τῷ
655 759 755 853 ἡλίῳ,
778 765 833 829 καὶ
846 764 947 830 τοῦτό
963 765 1052 829 ἐστιν
1071 760 1090 828 6
1109 771 1219 849 βασι-
1264 760 1265 835 λ

174 913 177 928 .
194 863 271 944 λεύς
285 867 340 933 καί
351 863 487 950 γνήσιος
499 860 610 946 ἀετός,
627 858 673 946 ἢν
687 858 936 947 ἀσκαρδαμυκτὶ
946 859 1031 946 πρδς
1040 857 1101 937 τάς
1114 859 1217 927 ἀκτῖ-
1264 892 1265 917 ι

195 991 255 1043 νας
268 966 383 1050 βλέπη.
407 965 494 1029 Φασὶ
508 966 627 1044 ταῦτα,
644 952 690 1044 ἦν
705 958 737 1026 δ’
755 958 836 1044 ἐγώ,
852 966 910 1027 καί
917 985 974 1045 μοι
984 956 1048 1045 ἤδη
1063 960 1216 1043 μεταμέ-

194 1072 260 1146 λει,
284 1057 336 1127 ότι
351 1065 450 1144 δεῦρο
468 1056 575 1126 ἀνιῶν
591 1054 665 1142 οὐχὶ
679 1054 725 1123 τῶ
747 1053 914 1142 ὀφθαλμοὶ
934 1064 997 1124 τοῦ
1012 1053 1115 1122 ἀετοῦ
1135 1059 1214 1123 ένε-

193 1160 303 1242 θέμην
318 1153 396 1232 τούς
417 1152 518 1240 ἐμούς
532 1147 668 1234 ἐξελῶν·
700 1150 743 1231 ῶς
757 1160 823 1219 νῶν
835 1179 875 1238 γε
894 1149 1048 1239 ἡμιτελὴς
1061 1149 1214 1238 ἀφῖγμαι
1264 1194 1267 1233 γ

195 1258 250 1322 καὶ
264 1253 306 1321 ού
321 1253 430 1320 πάντα
441 1259 618 1339 βασιλικῶς
633 1253 929 1336 ἐνεσκευασμένος,
946 1248 1020 1319 ἀλλ’
1035 1255 1130 1316 ἔοικα
1142 1265 1213 1328 τοῖς

194 1355 312 1430 νόθοις
327 1355 466 1429 ἐκείνοις
480 1352 534 1418 καὶ
548 1348 801 1436 ἀποκηρύκτοις.
826 1351 891 1417 Καὶ
905 1347 972 1435 μὴν
988 1348 1079 1432 πάρα
1097 1356 1172 1435 σοί,
1191 1341 1212 1435 ἦ

195 1449 227 1520 δ’
245 1450 298 1536 ὅς,
320 1447 439 1518 αὐτίκα
453 1450 541 1535 μάλα
556 1446 616 1516 τόν
638 1451 753 1531 ἕτερον
770 1444 952 1533 ὀφθαλμόν
967 1453 1052 1532 ἔχειν
1073 1455 1211 1533 βασιλι-

193 1551 271 1619 κόν·
286 1576 330 1635 ην
338 1575 404 1634 γαρ
416 1549 576 1635 ἐθελησης
586 1576 708 1638 μικρον
718 1547 863 1627 αναστας
873 1546 1016 1635 έπισχιον
1024 1575 1087 1616 του
1098 1549 1211 1635 γυπός

193 1647 255 1733 τὴν
270 1650 416 1732 πτέρυγα
431 1645 615 1734 θατέρηι’
571 1674 659 1735 μονη
672 1647 916 1732 πτερύξασθαι,
934 1642 1017 1714 κατά
1033 1646 1194 1730 λόγον
1153 1673 1267 1766 της
1266 1712 1267 1745 ,

123 1761 176 1818 769
195 1741 406 1830 πτέρυγος
372 1769 433 1812 τον
448 1743 558 1824 δεξιόν
572 1744 754 1832 ὀφθαλμόν
769 1742 948 1832 όξυδερκης
964 1751 1037 1833 ἔση
1065 1742 1267 1829 τῶνγὰρ

193 1845 308 1925 ἕτερον
323 1840 462 1928 οὐδεμία
482 1840 611 1930 μηχανὴ
633 1841 678 1929 μη
700 1840 762 1912 ούκ
781 1842 993 1931 ἀμβλύτερον
1010 1845 1207 1926 δεδορκέναι

192 1947 249 2026 τῆς
266 1937 433 2027 μερίδος”
414 1967 495 2007 οντα
511 1947 568 2026 τῆς
581 1948 740 2026 χείρονος.
763 1935 910 2027 Ἅλις,
887 1969 931 2028 ην
947 1938 979 2007 δ
1002 1940 1140 2025 έγῶ,ί
1108 1966 1124 2006 ε
1125 1940 1207 2008 lecal

193 2038 211 2108 6
227 2034 333 2118 δεξιός
345 2037 447 2124 μόνος
458 2039 600 2117 ἀετῶδες
609 2043 742 2127 βλέποι·
761 2038 862 2108 ούδὲν
870 2037 936 2126 γάρ
946 2035 990 2106 ἀν
1002 2044 1141 2107 ἔλαττον
1149 2043 1202 2124 γε’-

194 2163 302 2223 νοιτο,
324 2139 393 2204 ἐπεὶ
413 2139 468 2204 καὶ
488 2134 568 2214 τούς
587 2141 744 2216 τέκτονας
763 2139 961 2217 πολλόκις’
945 2139 1127 2220 εωρακέναι
1145 2162 1205 2222 μοι

193 2240 283 2304 δοκῶ
293 2237 425 2323 θατέρῳ
436 2241 504 2302 τῶν
516 2231 739 2322 ὀφθαλμῶν
716 2262 857 2323 αμεινον
871 2233 955 2369 πρός
968 2233 1047 2313 τούς
1058 2235 1205 2312 κανόνας

193 2331 453 2411 ἀπευθύνοντας
468 2359 508 2399 τα
496 2331 615 2412 ξύλα.

282 2437 393 2497 Ταῦτα
404 2427 507 2497 είπῶν
517 2428 688 2498 έποίονν“
666 2457 733 2517 αμα
743 2428 784 2498 τά
796 2429 863 2499 ύπό
873 2457 934 2499 τον
923 2429 1203 2516 ’Ἐμπεδοκλέους

193 2531 466 2615 παρηγγελμένα·
499 2527 517 2596 6
539 2532 576 2597 δὲ
597 2529 670 2598 κατ’
698 2529 814 2617 όλίγον
836 2530 994 2600 ύπαπιῶν
1014 2535 1047 2611 ἐς
1071 2528 1202 2598 καπνόν

192 2624 299 2712 ἡρέμα
315 2624 473 2692 διελύετο.
505 2631 555 2694 15.
573 2625 712 2715 κάπειδὴ
728 2631 862 2716 τάχιστα
877 2630 1125 2716 έπτερνξάμην,
1141 2627 1202 2695 αύ-

193 2731 267 2792 τίκα
282 2748 323 2808 με
345 2729 417 2807 φῶς
433 2723 592 2810 πάμπολυ
616 2729 820 2813 περιέλαμψε
838 2729 894 2795 καὶ
914 2726 954 2794 τά
975 2730 1055 2806 τέως
1071 2726 1201 2794 λανθά-

194 2849 296 2893 νοντα
318 2820 425 2890 πάντα
448 2827 654 2908 διεφαίνετο·
687 2826 880 2906 κατακύψας
899 2832 985 2910 γοῦν
1007 2829 1040 2903 ές
1057 2823 1120 2912 τὴν
1139 2833 1201 2910 γῆν

193 2921 309 3005 εἰόρων
327 2927 441 3007 σαφῶς
459 2919 517 3000 τάς
535 2923 665 3008 πόλεις,
688 2923 767 3003 τούς
785 2922 1005 3008 ἀνθρώπους,
1025 2919 1066 2990 τά
1086 2923 1201 3008 γιγνό-

193 3045 293 3105 μενα,
308 3020 363 3086 καὶ
379 3017 421 3085 06
435 3017 475 3086 τά
490 3022 527 3087 έν
541 3017 700 3110 ὑπαίθρῳ
715 3021 840 3108 μόνον,
857 3017 942 3090 ἀλλά
957 3022 1011 3088 καὶ
1026 3017 1135 3088 ὁπόσα
1151 3030 1200 3088 σί-

192 3143 245 3185 κοι
262 3122 425 3200 ἔπραττον
439 3117 586 3202 οἰόμενοι
598 3119 801 3202 λανθάνειν,
822 3127 1032 3205 Πτολεμαῖον
1041 3118 1104 3204 μὲν
1118 3139 1200 3186 συν-

192 3216 275 3281 όντα
287 3223 328 3302 τῇ
342 3213 487 3303 ἀδελφῇ,
509 3216 691 3305 Λυσιμάχῳ
710 3219 746 3285 δὲ
761 3218 820 3285 τόν
835 3215 913 3286 νίόν
929 3215 1198 3303 ἐπιβουλεύοντα,

191 3307 252 3375 τόν
266 3312 439 3379 Σελεύκου
460 3314 496 3380 δὲ
514 3312 680 3399 Ἀντίοχον
694 3320 904 3404 Στρατονίκη
920 3313 1120 3382 διανεύοντα
1141 3315 1199 3382 λά-

124 3417 177 3473 770
193 3413 263 3488 θρα
277 3413 317 3492 τῇ
332 3415 492 3497 μητρυιᾷ,
514 3406 574 3476 τόν
591 3412 627 3477 δὲ
643 3409 809 3479 Θετταλόν
821 3410 1040 3497 Ἀλέξανδρον
1054 3407 1121 3478 ὑπό
1144 3417 1200 3498 τῆς
1258 3400 1269 3418 “
