<?xml version="1.0" encoding="UTF-8"?>
<!DOCTYPE html PUBLIC "-//W3C//DTD XHTML 1.0 Transitional//EN"
    "http://www.w3.org/TR/xhtml1/DTD/xhtml1-transitional.dtd">
<html xmlns="http://www.w3.org/1999/xhtml" xml:lang="en" lang="en">
 <head>
  <title>
</title>
<meta http-equiv="Content-Type" content="text/html;charset=utf-8" />
  <meta name='ocr-system' content='tesseract 3.04.00' />
  <meta name='ocr-capabilities' content='ocr_page ocr_carea ocr_par ocr_line ocrx_word'/>
</head>
<body>
  <div class='ocr_page' id='page_1' title='image "./operaadoptimoru00jacogoog/operaadoptimoru00jacogoog_0278.png"; bbox 0 0 2575 3842; ppageno 0'>
   <div class='ocr_carea' id='block_1_1' title="bbox 180 203 841 285">
    <p class='ocr_par' dir='ltr' id='par_1_1' title="bbox 180 203 841 285">
     <span class='ocr_line' id='line_1_1' title="bbox 180 203 841 285; baseline -0.003 -20"><span class='ocrx_word' id='word_1_1' title='bbox 180 203 242 266; x_wconf 77' lang='grc' dir='ltr'><strong><em>τσο</em></strong></span> <span class='ocrx_word' id='word_1_2' title='bbox 521 204 841 285; x_wconf 65' lang='grc' dir='ltr'><strong><em>[Λονιιιιιωον]</em></strong></span> 
     </span>
    </p>
   </div>
   <div class='ocr_carea' id='block_1_2' title="bbox 111 360 1189 3451">
    <p class='ocr_par' dir='ltr' id='par_1_2' title="bbox 113 360 1188 1327">
     <span class='ocr_line' id='line_1_2' title="bbox 113 360 1187 450; baseline 0.002 -22"><span class='ocrx_word' id='word_1_3' title='bbox 113 375 164 428; x_wconf 74' lang='grc'><strong><em>442</em></strong></span> <span class='ocrx_word' id='word_1_4' title='bbox 182 372 242 432; x_wconf 89' lang='grc' dir='ltr'><strong><em>τοῦ</em></strong></span> <span class='ocrx_word' id='word_1_5' title='bbox 258 364 439 449; x_wconf 87' lang='grc' dir='ltr'><strong><em>προσῶπου</em></strong></span> <span class='ocrx_word' id='word_1_6' title='bbox 452 365 550 450; x_wconf 83' lang='grc' dir='ltr'><strong><em>χωρὶς</em></strong></span> <span class='ocrx_word' id='word_1_7' title='bbox 566 372 633 430; x_wconf 90' lang='grc' dir='ltr'><strong><em>τῶν</em></strong></span> <span class='ocrx_word' id='word_1_8' title='bbox 647 361 808 449; x_wconf 83' lang='grc' dir='ltr'><strong><em>ἀμύρφως</em></strong></span> <span class='ocrx_word' id='word_1_9' title='bbox 821 360 1109 450; x_wconf 85' lang='grc' dir='ltr'><strong><em>προπεπτωκύτων</em></strong></span> <span class='ocrx_word' id='word_1_10' title='bbox 1123 389 1187 450; x_wconf 90' lang='grc' dir='ltr'><strong><em>μα-</em></strong></span> 
     </span>
     <span class='ocr_line' id='line_1_3' title="bbox 182 459 1188 549; baseline -0.001 -19"><span class='ocrx_word' id='word_1_11' title='bbox 182 470 262 549; x_wconf 82' lang='grc' dir='ltr'><strong><em>ζῶν,</em></strong></span> <span class='ocrx_word' id='word_1_12' title='bbox 285 459 344 541; x_wconf 83' lang='grc' dir='ltr'><strong><em>οῦς</em></strong></span> <span class='ocrx_word' id='word_1_13' title='bbox 364 459 414 529; x_wconf 78' lang='grc' dir='ltr'><strong><em>ἀεὶ</em></strong></span> <span class='ocrx_word' id='word_1_14' title='bbox 433 465 652 549; x_wconf 76' lang='grc' dir='ltr'><em>περιφέρουσι</em></span> <span class='ocrx_word' id='word_1_15' title='bbox 672 463 850 546; x_wconf 74' lang='grc' dir='ltr'><strong><em>δεσμώτας.</em></strong></span> <span class='ocrx_word' id='word_1_16' title='bbox 883 466 916 529; x_wconf 93' lang='grc' dir='ltr'><strong><em>τί</em></strong></span> <span class='ocrx_word' id='word_1_17' title='bbox 934 465 986 528; x_wconf 87' lang='grc' dir='ltr'><strong><em>δεῖ</em></strong></span> <span class='ocrx_word' id='word_1_18' title='bbox 997 459 1038 527; x_wconf 84' lang='grc' dir='ltr'><strong><em>τὰ</em></strong></span> <span class='ocrx_word' id='word_1_19' title='bbox 1058 460 1188 529; x_wconf 93' lang='grc' dir='ltr'><strong><em>τούτων</em></strong></span> 
     </span>
     <span class='ocr_line' id='line_1_4' title="bbox 182 556 1187 644; baseline -0.003 -17"><span class='ocrx_word' id='word_1_20' title='bbox 182 559 410 644; x_wconf 85' lang='grc' dir='ltr'><strong><em>πλουσιῶτερα</em></strong></span> <span class='ocrx_word' id='word_1_21' title='bbox 431 557 515 627; x_wconf 83' lang='grc' dir='ltr'><strong><em>κακά</em></strong></span> <span class='ocrx_word' id='word_1_22' title='bbox 535 562 705 638; x_wconf 77' lang='grc' dir='ltr'><strong><em>διεξιέναις</em></strong></span> <span class='ocrx_word' id='word_1_23' title='bbox 728 566 847 636; x_wconf 87' lang='grc' dir='ltr'><strong><em>λίθους</em></strong></span> <span class='ocrx_word' id='word_1_24' title='bbox 866 556 1086 643; x_wconf 78' lang='grc' dir='ltr'><strong><em>Ἐρυθραίους</em></strong></span> <span class='ocrx_word' id='word_1_25' title='bbox 1098 556 1187 624; x_wconf 79' lang='grc' dir='ltr'><strong><em>κατὰ</em></strong></span> 
     </span>
     <span class='ocr_line' id='line_1_5' title="bbox 181 652 1188 744; baseline -0.003 -19"><span class='ocrx_word' id='word_1_26' title='bbox 181 665 248 724; x_wconf 90' lang='grc' dir='ltr'><strong><em>τῶν</em></strong></span> <span class='ocrx_word' id='word_1_27' title='bbox 260 665 370 744; x_wconf 88' lang='grc' dir='ltr'><strong><em>λοβῶν</em></strong></span> <span class='ocrx_word' id='word_1_28' title='bbox 383 655 634 724; x_wconf 90' lang='grc' dir='ltr'><strong><em>πολυτάλαντον</em></strong></span> <span class='ocrx_word' id='word_1_29' title='bbox 644 653 850 741; x_wconf 79' lang='grc' dir='ltr'><strong><em>ἠρτημένους</em></strong></span> <span class='ocrx_word' id='word_1_30' title='bbox 861 663 980 742; x_wconf 79' lang='grc' dir='ltr'><strong><em>βρῖθος</em></strong></span> <span class='ocrx_word' id='word_1_31' title='bbox 990 652 1012 741; x_wconf 77' lang='grc' dir='ltr'><strong><em>ἦ</em></strong></span> <span class='ocrx_word' id='word_1_32' title='bbox 1023 653 1102 733; x_wconf 83' lang='grc' dir='ltr'><strong><em>τοῦς</em></strong></span> <span class='ocrx_word' id='word_1_33' title='bbox 1113 658 1188 739; x_wconf 80' lang='grc' dir='ltr'><strong><em>περὶ</em></strong></span> 
     </span>
     <span class='ocr_line' id='line_1_6' title="bbox 181 751 1187 853; baseline -0.006 -27"><span class='ocrx_word' id='word_1_34' title='bbox 181 771 319 841; x_wconf 82' lang='grc' dir='ltr'><strong><em>καρποῖς</em></strong></span> <span class='ocrx_word' id='word_1_35' title='bbox 334 758 389 823; x_wconf 80' lang='grc' dir='ltr'><strong><em>καί</em></strong></span> <span class='ocrx_word' id='word_1_36' title='bbox 402 761 553 842; x_wconf 85' lang='grc' dir='ltr'><strong><em>βραχίοσι</em></strong></span> <span class='ocrx_word' id='word_1_37' title='bbox 570 753 769 840; x_wconf 89' lang='grc' dir='ltr'><strong><em>δράκοντας,</em></strong></span> <span class='ocrx_word' id='word_1_38' title='bbox 786 751 830 831; x_wconf 88' lang='grc' dir='ltr'><strong><em>ῶς</em></strong></span> <span class='ocrx_word' id='word_1_39' title='bbox 844 751 976 853; x_wconf 73' lang='grc' dir='ltr'><strong><em>ῶφελον</em></strong></span> <span class='ocrx_word' id='word_1_40' title='bbox 991 751 1096 831; x_wconf 81' lang='grc' dir='ltr'><strong><em>ὅντως</em></strong></span> <span class='ocrx_word' id='word_1_41' title='bbox 1114 751 1187 820; x_wconf 80' lang='grc' dir='ltr'><strong><em>άντί</em></strong></span> 
     </span>
     <span class='ocr_line' id='line_1_7' title="bbox 181 848 1188 942; baseline -0.003 -22"><span class='ocrx_word' id='word_1_42' title='bbox 181 860 320 940; x_wconf 90' lang='grc' dir='ltr'><strong><em>χρυσίου</em></strong></span> <span class='ocrx_word' id='word_1_43' title='bbox 334 854 513 936; x_wconf 88' lang='grc' dir='ltr'><strong><em>δράκοντες</em></strong></span> <span class='ocrx_word' id='word_1_44' title='bbox 525 850 626 919; x_wconf 76' lang='grc' dir='ltr'><strong><em>εἶναι·</em></strong></span> <span class='ocrx_word' id='word_1_45' title='bbox 648 852 703 918; x_wconf 82' lang='grc' dir='ltr'><strong><em>καὶ</em></strong></span> <span class='ocrx_word' id='word_1_46' title='bbox 714 849 861 936; x_wconf 79' lang='grc' dir='ltr'><strong><em>στεφάνη</em></strong></span> <span class='ocrx_word' id='word_1_47' title='bbox 877 853 938 936; x_wconf 77' lang='grc' dir='ltr'><strong><em>μὲν</em></strong></span> <span class='ocrx_word' id='word_1_48' title='bbox 952 854 989 918; x_wconf 88' lang='grc' dir='ltr'><strong><em>έν</em></strong></span> <span class='ocrx_word' id='word_1_49' title='bbox 1003 850 1115 942; x_wconf 75' lang='grc' dir='ltr'><strong><em>κύκλῳ</em></strong></span> <span class='ocrx_word' id='word_1_50' title='bbox 1126 848 1188 936; x_wconf 77' lang='grc' dir='ltr'><strong><em>τὴν</em></strong></span> 
     </span>
     <span class='ocr_line' id='line_1_8' title="bbox 181 946 1188 1036; baseline -0.003 -18"><span class='ocrx_word' id='word_1_51' title='bbox 181 948 332 1036; x_wconf 80' lang='grc' dir='ltr'><strong><em>κεφαλὴν</em></strong></span> <span class='ocrx_word' id='word_1_52' title='bbox 346 960 482 1035; x_wconf 78' lang='grc' dir='ltr'><strong><em>περιθεῖ</em></strong></span> <span class='ocrx_word' id='word_1_53' title='bbox 496 953 605 1026; x_wconf 80' lang='grc' dir='ltr'><strong><em>λίθοις</em></strong></span> <span class='ocrx_word' id='word_1_54' title='bbox 624 946 776 1026; x_wconf 75' lang='grc' dir='ltr'><strong><em>Ἰνδικαῖς</em></strong></span> <span class='ocrx_word' id='word_1_55' title='bbox 791 948 976 1034; x_wconf 89' lang='grc' dir='ltr'><strong><em>διάστερος,</em></strong></span> <span class='ocrx_word' id='word_1_56' title='bbox 998 958 1188 1026; x_wconf 83' lang='grc' dir='ltr'><strong><em>πολυτελεῖς</em></strong></span> 
     </span>
     <span class='ocr_line' id='line_1_9' title="bbox 182 1043 1187 1134; baseline -0.003 -19"><span class='ocrx_word' id='word_1_57' title='bbox 182 1050 217 1117; x_wconf 73' lang='grc' dir='ltr'><strong><em>δὲ</em></strong></span> <span class='ocrx_word' id='word_1_58' title='bbox 232 1055 301 1115; x_wconf 89' lang='grc' dir='ltr'><strong><em>τῶν</em></strong></span> <span class='ocrx_word' id='word_1_59' title='bbox 321 1045 471 1133; x_wconf 79' lang='grc' dir='ltr'><strong><em>αὐχένων</em></strong></span> <span class='ocrx_word' id='word_1_60' title='bbox 494 1045 593 1132; x_wconf 81' lang='grc' dir='ltr'><strong><em>ὅρμοι</em></strong></span> <span class='ocrx_word' id='word_1_61' title='bbox 610 1055 800 1134; x_wconf 74' lang='grc' dir='ltr'><strong><em>καθεῖνται,</em></strong></span> <span class='ocrx_word' id='word_1_62' title='bbox 820 1046 875 1114; x_wconf 79' lang='grc' dir='ltr'><strong><em>καί</em></strong></span> <span class='ocrx_word' id='word_1_63' title='bbox 896 1043 969 1132; x_wconf 77' lang='grc' dir='ltr'><strong><em>ἄχρι</em></strong></span> <span class='ocrx_word' id='word_1_64' title='bbox 988 1053 1056 1114; x_wconf 89' lang='grc' dir='ltr'><strong><em>τῶν</em></strong></span> <span class='ocrx_word' id='word_1_65' title='bbox 1073 1050 1187 1114; x_wconf 88' lang='grc' dir='ltr'><strong><em>ποδῶν</em></strong></span> 
     </span>
     <span class='ocr_line' id='line_1_10' title="bbox 182 1140 1188 1231; baseline -0.004 -19"><span class='ocrx_word' id='word_1_66' title='bbox 182 1145 328 1231; x_wconf 77' lang='grc' dir='ltr'><strong><em>ἐσχάτων</em></strong></span> <span class='ocrx_word' id='word_1_67' title='bbox 348 1147 573 1231; x_wconf 81' lang='grc' dir='ltr'><strong><em>καταβέβηκεν</em></strong></span> <span class='ocrx_word' id='word_1_68' title='bbox 591 1141 609 1209; x_wconf 89' lang='grc' dir='ltr'><strong><em>ὁ</em></strong></span> <span class='ocrx_word' id='word_1_69' title='bbox 628 1141 746 1221; x_wconf 79' lang='grc' dir='ltr'><strong><em>ἅθλιος</em></strong></span> <span class='ocrx_word' id='word_1_70' title='bbox 767 1140 890 1229; x_wconf 81' lang='grc' dir='ltr'><strong><em>χρυσὸς</em></strong></span> <span class='ocrx_word' id='word_1_71' title='bbox 907 1141 1013 1228; x_wconf 83' lang='grc' dir='ltr'><strong><em>άπαν,</em></strong></span> <span class='ocrx_word' id='word_1_72' title='bbox 1035 1152 1069 1211; x_wconf 85' lang='grc' dir='ltr'><strong><em>εί</em></strong></span> <span class='ocrx_word' id='word_1_73' title='bbox 1079 1171 1109 1210; x_wconf 90' lang='grc' dir='ltr'><strong><em>τι</em></strong></span> <span class='ocrx_word' id='word_1_74' title='bbox 1126 1149 1188 1209; x_wconf 91' lang='grc' dir='ltr'><strong><em>τοῦ</em></strong></span> 
     </span>
     <span class='ocr_line' id='line_1_11' title="bbox 182 1232 1187 1327; baseline -0.001 -20"><span class='ocrx_word' id='word_1_75' title='bbox 182 1247 317 1327; x_wconf 85' lang='grc' dir='ltr'><strong><em>σφυροῦ</em></strong></span> <span class='ocrx_word' id='word_1_76' title='bbox 342 1247 546 1326; x_wconf 89' lang='grc' dir='ltr'><strong><em>γυμνοῦται,</em></strong></span> <span class='ocrx_word' id='word_1_77' title='bbox 570 1246 808 1325; x_wconf 88' lang='grc' dir='ltr'><strong><em>περισφίγγων.</em></strong></span> <span class='ocrx_word' id='word_1_78' title='bbox 836 1236 929 1318; x_wconf 85' lang='grc' dir='ltr'><strong><em>άξιον</em></strong></span> <span class='ocrx_word' id='word_1_79' title='bbox 951 1236 983 1306; x_wconf 85' lang='grc' dir='ltr'><strong><em>δ’</em></strong></span> <span class='ocrx_word' id='word_1_80' title='bbox 1000 1232 1045 1325; x_wconf 75' lang='grc' dir='ltr'><strong><em>ἦν</em></strong></span> <span class='ocrx_word' id='word_1_81' title='bbox 1061 1240 1187 1327; x_wconf 83' lang='grc' dir='ltr'><strong><em>σιδηρφ</em></strong></span> 
     </span>
    </p>

    <p class='ocr_par' dir='ltr' id='par_1_3' title="bbox 112 1332 1188 2207">
     <span class='ocr_line' id='line_1_12' title="bbox 112 1332 1187 1426; baseline 0.001 -22"><span class='ocrx_word' id='word_1_82' title='bbox 112 1351 165 1405; x_wconf 85' lang='grc'><strong><em>443</em></strong></span> <span class='ocrx_word' id='word_1_83' title='bbox 183 1336 222 1404; x_wconf 82' lang='grc' dir='ltr'><strong><em>τά</em></strong></span> <span class='ocrx_word' id='word_1_84' title='bbox 241 1343 429 1426; x_wconf 87' lang='grc' dir='ltr'><strong><em>περίσφνρα</em></strong></span> <span class='ocrx_word' id='word_1_85' title='bbox 445 1341 542 1422; x_wconf 83' lang='grc' dir='ltr'><strong><em>σκέλη</em></strong></span> <span class='ocrx_word' id='word_1_86' title='bbox 558 1341 775 1423; x_wconf 71' lang='grc' dir='ltr'><strong><em>πεπεδῆσθαί</em></strong></span> <span class='ocrx_word' id='word_1_87' title='bbox 803 1332 965 1403; x_wconf 79' lang='grc' dir='ltr'><strong><em>κάπειδάν</em></strong></span> <span class='ocrx_word' id='word_1_88' title='bbox 980 1335 1093 1405; x_wconf 80' lang='grc' dir='ltr'><strong><em>αὐτῶν</em></strong></span> <span class='ocrx_word' id='word_1_89' title='bbox 1107 1336 1187 1405; x_wconf 82' lang='grc' dir='ltr'><strong><em>ὅλον</em></strong></span> 
     </span>
     <span class='ocr_line' id='line_1_13' title="bbox 183 1432 1188 1522; baseline -0.001 -20"><span class='ocrx_word' id='word_1_90' title='bbox 183 1433 218 1504; x_wconf 87' lang='grc' dir='ltr'>τὸ</span> <span class='ocrx_word' id='word_1_91' title='bbox 246 1441 339 1522; x_wconf 89' lang='grc' dir='ltr'><strong><em>σῶμα</em></strong></span> <span class='ocrx_word' id='word_1_92' title='bbox 368 1436 475 1521; x_wconf 90' lang='grc' dir='ltr'><strong><em>νόθης</em></strong></span> <span class='ocrx_word' id='word_1_93' title='bbox 502 1432 685 1520; x_wconf 79' lang='grc' dir='ltr'><strong><em>εὐμορφίας</em></strong></span> <span class='ocrx_word' id='word_1_94' title='bbox 706 1435 906 1514; x_wconf 69' lang='grc' dir='ltr'><strong><em>ἐξαπατῶντι</em></strong></span> <span class='ocrx_word' id='word_1_95' title='bbox 928 1434 1041 1501; x_wconf 88' lang='grc' dir='ltr'><strong><em>κάλλει</em></strong></span> <span class='ocrx_word' id='word_1_96' title='bbox 1067 1439 1188 1520; x_wconf 88' lang='grc' dir='ltr'><strong><em>διαμα-</em></strong></span> 
     </span>
     <span class='ocr_line' id='line_1_14' title="bbox 182 1529 1187 1621; baseline 0.001 -20"><span class='ocrx_word' id='word_1_97' title='bbox 182 1540 307 1621; x_wconf 78' lang='grc' dir='ltr'><strong><em>γευθῇ,</em></strong></span> <span class='ocrx_word' id='word_1_98' title='bbox 324 1529 382 1610; x_wconf 81' lang='grc' dir='ltr'><strong><em>τὰς</em></strong></span> <span class='ocrx_word' id='word_1_99' title='bbox 398 1529 640 1616; x_wconf 79' lang='grc' dir='ltr'><strong><em>ἀναισχύντους</em></strong></span> <span class='ocrx_word' id='word_1_100' title='bbox 654 1531 793 1617; x_wconf 77' lang='grc' dir='ltr'><strong><em>παρειάς</em></strong></span> <span class='ocrx_word' id='word_1_101' title='bbox 806 1534 1046 1616; x_wconf 84' lang='grc' dir='ltr'><strong><em>έρυθαίνουσιν</em></strong></span> <span class='ocrx_word' id='word_1_102' title='bbox 1062 1539 1187 1620; x_wconf 85' lang='grc' dir='ltr'><strong><em>ἐπιχρί-</em></strong></span> 
     </span>
     <span class='ocr_line' id='line_1_15' title="bbox 182 1627 1187 1715; baseline -0.001 -17"><span class='ocrx_word' id='word_1_103' title='bbox 182 1653 270 1708; x_wconf 90' lang='grc' dir='ltr'><strong><em>στοις</em></strong></span> <span class='ocrx_word' id='word_1_104' title='bbox 292 1631 453 1715; x_wconf 87' lang='grc' dir='ltr'><strong><em>φύκεσιν,</em></strong></span> <span class='ocrx_word' id='word_1_105' title='bbox 478 1632 535 1696; x_wconf 76' lang='grc' dir='ltr'><strong><em>ἵνα</em></strong></span> <span class='ocrx_word' id='word_1_106' title='bbox 562 1627 625 1714; x_wconf 77' lang='grc' dir='ltr'><strong><em>τὴν</em></strong></span> <span class='ocrx_word' id='word_1_107' title='bbox 646 1628 854 1712; x_wconf 85' lang='grc' dir='ltr'><strong><em>ὑπέρλευκον</em></strong></span> <span class='ocrx_word' id='word_1_108' title='bbox 874 1627 986 1697; x_wconf 82' lang='grc' dir='ltr'><strong><em>αὐτῶν</em></strong></span> <span class='ocrx_word' id='word_1_109' title='bbox 1009 1633 1064 1700; x_wconf 80' lang='grc' dir='ltr'><strong><em>καί</em></strong></span> <span class='ocrx_word' id='word_1_110' title='bbox 1087 1640 1187 1700; x_wconf 89' lang='grc' dir='ltr'><strong><em>πίονα</em></strong></span> 
     </span>
     <span class='ocr_line' id='line_1_16' title="bbox 182 1721 1187 1815; baseline 0.002 -21"><span class='ocrx_word' id='word_1_111' title='bbox 182 1723 299 1813; x_wconf 85' lang='grc' dir='ltr'><strong><em>χροιάν</em></strong></span> <span class='ocrx_word' id='word_1_112' title='bbox 320 1721 357 1791; x_wconf 80' lang='grc' dir='ltr'><strong><em>τὸ</em></strong></span> <span class='ocrx_word' id='word_1_113' title='bbox 375 1732 577 1812; x_wconf 84' lang='grc' dir='ltr'><strong><em>πορφυροῦν</em></strong></span> <span class='ocrx_word' id='word_1_114' title='bbox 599 1724 706 1804; x_wconf 86' lang='grc' dir='ltr'><strong><em>άνθος</em></strong></span> <span class='ocrx_word' id='word_1_115' title='bbox 722 1728 918 1815; x_wconf 84' lang='grc' dir='ltr'><strong><em>ἐπιφοινίξη.</em></strong></span> <span class='ocrx_word' id='word_1_116' title='bbox 945 1732 996 1794; x_wconf 78' lang='lat'><strong><em>42.</em></strong></span> <span class='ocrx_word' id='word_1_117' title='bbox 1015 1735 1064 1806; x_wconf 92' lang='grc' dir='ltr'><strong><em>τίς</em></strong></span> <span class='ocrx_word' id='word_1_118' title='bbox 1086 1722 1187 1795; x_wconf 90' lang='grc' dir='ltr'><strong><em>οῦνὸ</em></strong></span> 
     </span>
     <span class='ocr_line' id='line_1_17' title="bbox 182 1821 1170 1912; baseline 0.001 -21"><span class='ocrx_word' id='word_1_119' title='bbox 182 1821 262 1912; x_wconf 84' lang='grc' dir='ltr'><strong><em>μετα</em></strong></span> <span class='ocrx_word' id='word_1_120' title='bbox 279 1821 340 1909; x_wconf 79' lang='grc' dir='ltr'><strong><em>τὴν</em></strong></span> <span class='ocrx_word' id='word_1_121' title='bbox 355 1825 522 1909; x_wconf 83' lang='grc' dir='ltr'><strong><em>τοσαύτην</em></strong></span> <span class='ocrx_word' id='word_1_122' title='bbox 535 1821 751 1911; x_wconf 79' lang='grc' dir='ltr'><strong><em>παρασκευὴν</em></strong></span> <span class='ocrx_word' id='word_1_123' title='bbox 768 1830 855 1911; x_wconf 84' lang='grc' dir='ltr'><strong><em>βίος;</em></strong></span> <span class='ocrx_word' id='word_1_124' title='bbox 877 1822 982 1903; x_wconf 85' lang='grc' dir='ltr'><strong><em>εῦθύς</em></strong></span> <span class='ocrx_word' id='word_1_125' title='bbox 992 1823 1057 1892; x_wconf 83' lang='grc' dir='ltr'><strong><em>άπὸ</em></strong></span> <span class='ocrx_word' id='word_1_126' title='bbox 1068 1832 1126 1911; x_wconf 79' lang='grc' dir='ltr'><strong><em>τῆς</em></strong></span> <span class='ocrx_word' id='word_1_127' title='bbox 1138 1832 1170 1893; x_wconf 87' lang='grc' dir='ltr'><strong><em>οί</em></strong></span> 
     </span>
     <span class='ocr_line' id='line_1_18' title="bbox 182 1920 1185 2010; baseline -0.001 -20"><span class='ocrx_word' id='word_1_128' title='bbox 182 1929 255 2000; x_wconf 90' lang='grc' dir='ltr'><strong><em>κίας</em></strong></span> <span class='ocrx_word' id='word_1_129' title='bbox 270 1925 393 2007; x_wconf 84' lang='grc' dir='ltr'><strong><em>ἔξοδοι,</em></strong></span> <span class='ocrx_word' id='word_1_130' title='bbox 418 1924 472 1990; x_wconf 83' lang='grc' dir='ltr'><strong><em>καὶ</em></strong></span> <span class='ocrx_word' id='word_1_131' title='bbox 487 1929 551 2000; x_wconf 81' lang='grc' dir='ltr'><strong><em>πῶς</em></strong></span> <span class='ocrx_word' id='word_1_132' title='bbox 567 1920 649 2001; x_wconf 84' lang='grc' dir='ltr'><strong><em>θεὸς</em></strong></span> <span class='ocrx_word' id='word_1_133' title='bbox 665 1924 842 2009; x_wconf 81' lang='grc' dir='ltr'><strong><em>ἐπιτρίβων</em></strong></span> <span class='ocrx_word' id='word_1_134' title='bbox 855 1920 934 2001; x_wconf 84' lang='grc' dir='ltr'><strong><em>τοῦς</em></strong></span> <span class='ocrx_word' id='word_1_135' title='bbox 948 1925 1185 2010; x_wconf 85' lang='grc' dir='ltr'><strong><em>γεγαμηκότας,</em></strong></span> 
     </span>
     <span class='ocr_line' id='line_1_19' title="bbox 184 2013 1185 2106; baseline -0.001 -19"><span class='ocrx_word' id='word_1_136' title='bbox 184 2013 232 2087; x_wconf 90' lang='grc' dir='ltr'><strong><em>ῶν</em></strong></span> <span class='ocrx_word' id='word_1_137' title='bbox 254 2022 353 2087; x_wconf 83' lang='grc' dir='ltr'><strong><em>ἐνίων</em></strong></span> <span class='ocrx_word' id='word_1_138' title='bbox 375 2024 409 2087; x_wconf 91' lang='grc' dir='ltr'><strong><em>οί</em></strong></span> <span class='ocrx_word' id='word_1_139' title='bbox 429 2025 668 2106; x_wconf 78' lang='grc' dir='ltr'><strong><em>κακοδαίμονες</em></strong></span> <span class='ocrx_word' id='word_1_140' title='bbox 687 2018 808 2106; x_wconf 75' lang='grc' dir='ltr'><strong><em>ἄνδρες</em></strong></span> <span class='ocrx_word' id='word_1_141' title='bbox 830 2016 908 2087; x_wconf 75' lang='grc' dir='ltr'><strong><em>οῦδὲ</em></strong></span> <span class='ocrx_word' id='word_1_142' title='bbox 929 2018 1012 2087; x_wconf 82' lang='grc' dir='ltr'><strong><em>αύτά</em></strong></span> <span class='ocrx_word' id='word_1_143' title='bbox 1036 2031 1126 2089; x_wconf 85' lang='grc' dir='ltr'><strong><em>ίσασι</em></strong></span> <span class='ocrx_word' id='word_1_144' title='bbox 1145 2018 1185 2087; x_wconf 80' lang='grc' dir='ltr'><strong><em>τὰ</em></strong></span> 
     </span>
     <span class='ocr_line' id='line_1_20' title="bbox 181 2111 1187 2207; baseline 0 -20"><span class='ocrx_word' id='word_1_145' title='bbox 181 2118 345 2206; x_wconf 87' lang='grc' dir='ltr'><strong><em>ὀνόματα,</em></strong></span> <span class='ocrx_word' id='word_1_146' title='bbox 367 2111 556 2202; x_wconf 84' lang='grc' dir='ltr'><strong><em>Κωλιάδας,</em></strong></span> <span class='ocrx_word' id='word_1_147' title='bbox 581 2127 611 2188; x_wconf 92' lang='grc' dir='ltr'><strong><em>εί</em></strong></span> <span class='ocrx_word' id='word_1_148' title='bbox 629 2121 740 2205; x_wconf 89' lang='grc' dir='ltr'><strong><em>τύχοι,</em></strong></span> <span class='ocrx_word' id='word_1_149' title='bbox 762 2122 816 2187; x_wconf 82' lang='grc' dir='ltr'><strong><em>καί</em></strong></span> <span class='ocrx_word' id='word_1_150' title='bbox 835 2118 1108 2207; x_wconf 77' lang='grc' dir='ltr'><strong><em>Γενετυλλίδαςῆ</em></strong></span> <span class='ocrx_word' id='word_1_151' title='bbox 1126 2119 1187 2206; x_wconf 81' lang='grc' dir='ltr'><strong><em>τὴν</em></strong></span> 
     </span>
    </p>

    <p class='ocr_par' dir='ltr' id='par_1_4' title="bbox 112 2214 1188 2988">
     <span class='ocr_line' id='line_1_21' title="bbox 112 2214 1185 2308; baseline 0 -25"><span class='ocrx_word' id='word_1_152' title='bbox 112 2230 165 2283; x_wconf 85' lang='grc'><strong><em>444</em></strong></span> <span class='ocrx_word' id='word_1_153' title='bbox 182 2225 335 2305; x_wconf 80' lang='grc' dir='ltr'><strong><em>Φρυγίαν</em></strong></span> <span class='ocrx_word' id='word_1_154' title='bbox 349 2221 490 2302; x_wconf 87' lang='grc' dir='ltr'><strong><em>δαίμονα</em></strong></span> <span class='ocrx_word' id='word_1_155' title='bbox 506 2221 560 2284; x_wconf 86' lang='grc' dir='ltr'><strong><em>καὶ</em></strong></span> <span class='ocrx_word' id='word_1_156' title='bbox 579 2214 640 2284; x_wconf 86' lang='grc' dir='ltr'><strong><em>τὸν</em></strong></span> <span class='ocrx_word' id='word_1_157' title='bbox 659 2221 828 2299; x_wconf 83' lang='grc' dir='ltr'><strong><em>δυσέρωτα</em></strong></span> <span class='ocrx_word' id='word_1_158' title='bbox 850 2224 964 2302; x_wconf 87' lang='grc' dir='ltr'><strong><em>κῶμον</em></strong></span> <span class='ocrx_word' id='word_1_159' title='bbox 984 2221 1036 2286; x_wconf 86' lang='grc' dir='ltr'><strong><em>ε’πὶ</em></strong></span> <span class='ocrx_word' id='word_1_160' title='bbox 1050 2225 1096 2308; x_wconf 78' lang='grc' dir='ltr'><strong><em>τῷ</em></strong></span> <span class='ocrx_word' id='word_1_161' title='bbox 1110 2243 1185 2284; x_wconf 92' lang='grc' dir='ltr'><strong><em>ποι-</em></strong></span> 
     </span>
     <span class='ocr_line' id='line_1_22' title="bbox 181 2311 1187 2402; baseline -0.002 -20"><span class='ocrx_word' id='word_1_162' title='bbox 181 2319 263 2402; x_wconf 90' lang='grc' dir='ltr'><strong><em>μένι.</em></strong></span> <span class='ocrx_word' id='word_1_163' title='bbox 297 2317 422 2381; x_wconf 80' lang='grc' dir='ltr'><strong><em>τελεταὶ</em></strong></span> <span class='ocrx_word' id='word_1_164' title='bbox 444 2315 481 2382; x_wconf 72' lang='grc' dir='ltr'><strong><em>δὲ</em></strong></span> <span class='ocrx_word' id='word_1_165' title='bbox 500 2311 684 2401; x_wconf 79' lang='grc' dir='ltr'><strong><em>ἀπόρρητοι</em></strong></span> <span class='ocrx_word' id='word_1_166' title='bbox 705 2317 759 2381; x_wconf 84' lang='grc' dir='ltr'><strong><em>καὶ</em></strong></span> <span class='ocrx_word' id='word_1_167' title='bbox 781 2317 879 2399; x_wconf 82' lang='grc' dir='ltr'><strong><em>χωρὶς</em></strong></span> <span class='ocrx_word' id='word_1_168' title='bbox 900 2312 1034 2400; x_wconf 77' lang='grc' dir='ltr'><strong><em>ἀνδρῶν</em></strong></span> <span class='ocrx_word' id='word_1_169' title='bbox 1053 2312 1187 2382; x_wconf 80' lang='grc' dir='ltr'><strong><em>ὕποπτα</em></strong></span> 
     </span>
     <span class='ocr_line' id='line_1_23' title="bbox 181 2409 1187 2499; baseline 0 -21"><span class='ocrx_word' id='word_1_170' title='bbox 181 2412 345 2499; x_wconf 85' lang='grc' dir='ltr'><strong><em>μυστήρια</em></strong></span> <span class='ocrx_word' id='word_1_171' title='bbox 364 2413 418 2478; x_wconf 83' lang='grc' dir='ltr'><strong><em>καὶ</em></strong></span> <span class='ocrx_word' id='word_1_172' title='bbox 434 2454 477 2465; x_wconf 78' lang='lat'>—</span> <span class='ocrx_word' id='word_1_173' title='bbox 497 2419 531 2478; x_wconf 91' lang='grc' dir='ltr'><strong><em>τί</em></strong></span> <span class='ocrx_word' id='word_1_174' title='bbox 547 2409 611 2496; x_wconf 82' lang='grc' dir='ltr'><strong><em>γάρ</em></strong></span> <span class='ocrx_word' id='word_1_175' title='bbox 635 2416 688 2478; x_wconf 90' lang='grc' dir='ltr'><strong><em>δεῖ</em></strong></span> <span class='ocrx_word' id='word_1_176' title='bbox 704 2416 932 2497; x_wconf 74' lang='grc' dir='ltr'><strong><em>περιπλέκεινς</em></strong></span> <span class='ocrx_word' id='word_1_177' title='bbox 951 2453 988 2463; x_wconf 93' lang='grc'><strong>-</strong></span> <span class='ocrx_word' id='word_1_178' title='bbox 1014 2411 1187 2498; x_wconf 82' lang='grc' dir='ltr'><strong><em>διαφθορὰ</em></strong></span> 
     </span>
     <span class='ocr_line' id='line_1_24' title="bbox 180 2504 1186 2593; baseline 0.003 -21"><span class='ocrx_word' id='word_1_179' title='bbox 180 2513 294 2591; x_wconf 80' lang='grc' dir='ltr'><strong><em>ψυχῆς.</em></strong></span> <span class='ocrx_word' id='word_1_180' title='bbox 319 2505 455 2572; x_wconf 78' lang='grc' dir='ltr'><strong><em>ἐπειδᾶν</em></strong></span> <span class='ocrx_word' id='word_1_181' title='bbox 470 2508 506 2573; x_wconf 73' lang='grc' dir='ltr'><strong><em>δὲ</em></strong></span> <span class='ocrx_word' id='word_1_182' title='bbox 516 2507 646 2574; x_wconf 92' lang='grc' dir='ltr'><strong><em>τούτων</em></strong></span> <span class='ocrx_word' id='word_1_183' title='bbox 659 2504 911 2593; x_wconf 75' lang='grc' dir='ltr'><strong><em>ἀπαλλαγῶσιν,</em></strong></span> <span class='ocrx_word' id='word_1_184' title='bbox 927 2520 1012 2577; x_wconf 89' lang='grc' dir='ltr'><strong><em>οίκοι</em></strong></span> <span class='ocrx_word' id='word_1_185' title='bbox 1026 2507 1132 2587; x_wconf 84' lang='grc' dir='ltr'><strong><em>εύθύς</em></strong></span> <span class='ocrx_word' id='word_1_186' title='bbox 1145 2507 1186 2576; x_wconf 84' lang='grc' dir='ltr'><strong><em>τά</em></strong></span> 
     </span>
     <span class='ocr_line' id='line_1_25' title="bbox 181 2601 1188 2694; baseline 0.005 -25"><span class='ocrx_word' id='word_1_187' title='bbox 181 2601 290 2690; x_wconf 80' lang='grc' dir='ltr'><strong><em>μακρά</em></strong></span> <span class='ocrx_word' id='word_1_188' title='bbox 307 2602 445 2689; x_wconf 87' lang='grc' dir='ltr'><strong><em>λουτρά,</em></strong></span> <span class='ocrx_word' id='word_1_189' title='bbox 462 2605 517 2672; x_wconf 81' lang='grc' dir='ltr'><strong><em>καί</em></strong></span> <span class='ocrx_word' id='word_1_190' title='bbox 532 2605 715 2690; x_wconf 82' lang='grc' dir='ltr'><strong><em>πολυτελὴς</em></strong></span> <span class='ocrx_word' id='word_1_191' title='bbox 729 2608 791 2691; x_wconf 72' lang='grc' dir='ltr'><strong><em>μὲν</em></strong></span> <span class='ocrx_word' id='word_1_192' title='bbox 807 2603 848 2692; x_wconf 76' lang='grc' dir='ltr'><strong><em>νὴ</em></strong></span> <span class='ocrx_word' id='word_1_193' title='bbox 864 2615 931 2674; x_wconf 92' lang='grc' dir='ltr'><strong><em>Δία</em></strong></span> <span class='ocrx_word' id='word_1_194' title='bbox 945 2606 1103 2694; x_wconf 81' lang='grc' dir='ltr'><strong><em>τράπεζα,</em></strong></span> <span class='ocrx_word' id='word_1_195' title='bbox 1124 2632 1188 2673; x_wconf 86' lang='grc' dir='ltr'><strong><em>πο-</em></strong></span> 
     </span>
     <span class='ocr_line' id='line_1_26' title="bbox 180 2699 1188 2791; baseline 0 -21"><span class='ocrx_word' id='word_1_196' title='bbox 180 2700 240 2780; x_wconf 83' lang='grc' dir='ltr'><strong><em>λύς</em></strong></span> <span class='ocrx_word' id='word_1_197' title='bbox 256 2699 292 2768; x_wconf 72' lang='grc' dir='ltr'><strong><em>δὲ</em></strong></span> <span class='ocrx_word' id='word_1_198' title='bbox 308 2699 325 2769; x_wconf 88' lang='grc' dir='ltr'><strong>ὁ</strong></span> <span class='ocrx_word' id='word_1_199' title='bbox 342 2699 422 2787; x_wconf 81' lang='grc' dir='ltr'><strong><em>μετὰ</em></strong></span> <span class='ocrx_word' id='word_1_200' title='bbox 434 2709 503 2769; x_wconf 90' lang='grc' dir='ltr'><strong><em>τῶν</em></strong></span> <span class='ocrx_word' id='word_1_201' title='bbox 517 2700 653 2788; x_wconf 81' lang='grc' dir='ltr'><strong><em>ἀνδρῶν</em></strong></span> <span class='ocrx_word' id='word_1_202' title='bbox 668 2701 836 2788; x_wconf 85' lang='grc' dir='ltr'><strong><em>άκκισμός.</em></strong></span> <span class='ocrx_word' id='word_1_203' title='bbox 860 2701 1070 2791; x_wconf 81' lang='grc' dir='ltr'><strong><em>έπειδίιυγᾶρ</em></strong></span> <span class='ocrx_word' id='word_1_204' title='bbox 1082 2701 1188 2788; x_wconf 84' lang='grc' dir='ltr'><strong><em>ὑπέρ-</em></strong></span> 
     </span>
     <span class='ocr_line' id='line_1_27' title="bbox 180 2800 1185 2889; baseline 0 -20"><span class='ocrx_word' id='word_1_205' title='bbox 180 2811 269 2869; x_wconf 87' lang='grc' dir='ltr'><strong><em>πλεω</em></strong></span> <span class='ocrx_word' id='word_1_206' title='bbox 284 2804 446 2889; x_wconf 88' lang='grc' dir='ltr'><strong><em>γένωνται</em></strong></span> <span class='ocrx_word' id='word_1_207' title='bbox 461 2818 531 2881; x_wconf 91' lang='grc' dir='ltr'><strong><em>ταῖς</em></strong></span> <span class='ocrx_word' id='word_1_208' title='bbox 545 2801 627 2888; x_wconf 88' lang='grc' dir='ltr'><strong><em>παρ’</em></strong></span> <span class='ocrx_word' id='word_1_209' title='bbox 642 2800 757 2882; x_wconf 89' lang='grc' dir='ltr'><strong><em>αῦταῖς</em></strong></span> <span class='ocrx_word' id='word_1_210' title='bbox 770 2812 1058 2889; x_wconf 88' lang='grc' dir='ltr'><strong><em>γαστριμαργίαις,</em></strong></span> <span class='ocrx_word' id='word_1_211' title='bbox 1074 2800 1185 2869; x_wconf 77' lang='grc' dir='ltr'><strong><em>οὐκέτ’</em></strong></span> 
     </span>
     <span class='ocr_line' id='line_1_28' title="bbox 181 2898 1188 2988; baseline 0 -21"><span class='ocrx_word' id='word_1_212' title='bbox 181 2899 259 2968; x_wconf 77' lang='grc' dir='ltr'><strong><em>οῦδὲ</em></strong></span> <span class='ocrx_word' id='word_1_213' title='bbox 280 2907 339 2967; x_wconf 89' lang='grc' dir='ltr'><strong><em>τοῦ</em></strong></span> <span class='ocrx_word' id='word_1_214' title='bbox 360 2901 534 2988; x_wconf 87' lang='grc' dir='ltr'><strong><em>φάρυγγος</em></strong></span> <span class='ocrx_word' id='word_1_215' title='bbox 549 2898 663 2978; x_wconf 91' lang='grc' dir='ltr'><strong><em>αῦταῖς</em></strong></span> <span class='ocrx_word' id='word_1_216' title='bbox 680 2903 924 2985; x_wconf 88' lang='grc' dir='ltr'><strong><em>παραδέχεσθαι</em></strong></span> <span class='ocrx_word' id='word_1_217' title='bbox 947 2902 1138 2986; x_wconf 86' lang='grc' dir='ltr'><strong><em>δυναμένου</em></strong></span> <span class='ocrx_word' id='word_1_218' title='bbox 1156 2928 1188 2967; x_wconf 91' lang='grc' dir='ltr'><strong><em>τι</em></strong></span> 
     </span>
    </p>

    <p class='ocr_par' dir='ltr' id='par_1_5' title="bbox 111 2997 1189 3451">
     <span class='ocr_line' id='line_1_29' title="bbox 111 2997 1188 3086; baseline -0.006 -16"><span class='ocrx_word' id='word_1_219' title='bbox 111 3017 162 3070; x_wconf 81' lang='grc'><strong><em>445</em></strong></span> <span class='ocrx_word' id='word_1_220' title='bbox 180 3005 301 3080; x_wconf 90' lang='grc' dir='ltr'><strong><em>σιτίον,</em></strong></span> <span class='ocrx_word' id='word_1_221' title='bbox 324 2997 438 3085; x_wconf 85' lang='grc' dir='ltr'><strong><em>άκροις</em></strong></span> <span class='ocrx_word' id='word_1_222' title='bbox 454 2999 628 3076; x_wconf 88' lang='grc' dir='ltr'><strong><em>δακτύλοις</em></strong></span> <span class='ocrx_word' id='word_1_223' title='bbox 643 2999 888 3083; x_wconf 81' lang='grc' dir='ltr'><strong><em>ἐπιγράφουσαι</em></strong></span> <span class='ocrx_word' id='word_1_224' title='bbox 902 3007 970 3066; x_wconf 90' lang='grc' dir='ltr'><strong><em>τῶν</em></strong></span> <span class='ocrx_word' id='word_1_225' title='bbox 984 3002 1188 3086; x_wconf 90' lang='grc' dir='ltr'><strong><em>παρακειμέ-</em></strong></span> 
     </span>
     <span class='ocr_line' id='line_1_30' title="bbox 180 3093 1189 3184; baseline 0.003 -22"><span class='ocrx_word' id='word_1_226' title='bbox 180 3121 250 3162; x_wconf 92' lang='grc' dir='ltr'><strong><em>νων</em></strong></span> <span class='ocrx_word' id='word_1_227' title='bbox 264 3097 404 3162; x_wconf 81' lang='grc' dir='ltr'><strong><em>ἕκαστον</em></strong></span> <span class='ocrx_word' id='word_1_228' title='bbox 420 3093 642 3181; x_wconf 79' lang='grc' dir='ltr'><strong><em>ἀπογεύονται</em></strong></span> <span class='ocrx_word' id='word_1_229' title='bbox 659 3097 782 3174; x_wconf 90' lang='grc' dir='ltr'><strong><em>νύκτας</em></strong></span> <span class='ocrx_word' id='word_1_230' title='bbox 798 3098 850 3164; x_wconf 81' lang='grc' dir='ltr'><strong><em>ἐπὶ</em></strong></span> <span class='ocrx_word' id='word_1_231' title='bbox 864 3097 993 3175; x_wconf 91' lang='grc' dir='ltr'><strong><em>τούτοις</em></strong></span> <span class='ocrx_word' id='word_1_232' title='bbox 1007 3099 1189 3184; x_wconf 88' lang='grc' dir='ltr'><strong><em>διηγούμε-</em></strong></span> 
     </span>
     <span class='ocr_line' id='line_1_31' title="bbox 180 3190 1188 3281; baseline 0 -21"><span class='ocrx_word' id='word_1_233' title='bbox 180 3220 235 3260; x_wconf 92' lang='grc' dir='ltr'><strong><em>ναι</em></strong></span> <span class='ocrx_word' id='word_1_234' title='bbox 256 3193 310 3258; x_wconf 82' lang='grc' dir='ltr'><strong><em>καί</em></strong></span> <span class='ocrx_word' id='word_1_235' title='bbox 325 3190 403 3270; x_wconf 84' lang='grc' dir='ltr'><strong><em>τούς</em></strong></span> <span class='ocrx_word' id='word_1_236' title='bbox 420 3193 638 3280; x_wconf 84' lang='grc' dir='ltr'><strong><em>ἑτερόχρωτας</em></strong></span> <span class='ocrx_word' id='word_1_237' title='bbox 658 3192 787 3271; x_wconf 83' lang='grc' dir='ltr'><strong><em>ὕπνους</em></strong></span> <span class='ocrx_word' id='word_1_238' title='bbox 804 3195 859 3262; x_wconf 83' lang='grc' dir='ltr'><strong><em>καί</em></strong></span> <span class='ocrx_word' id='word_1_239' title='bbox 877 3196 1065 3281; x_wconf 90' lang='grc' dir='ltr'><strong><em>θηλύτητος</em></strong></span> <span class='ocrx_word' id='word_1_240' title='bbox 1082 3193 1188 3281; x_wconf 80' lang='grc' dir='ltr'><strong><em>εῦνην</em></strong></span> 
     </span>
     <span class='ocr_line' id='line_1_32' title="bbox 179 3282 1188 3379; baseline 0.002 -24"><span class='ocrx_word' id='word_1_241' title='bbox 179 3291 364 3373; x_wconf 88' lang='grc' dir='ltr'><strong><em>γέμουσαν,</em></strong></span> <span class='ocrx_word' id='word_1_242' title='bbox 382 3287 442 3373; x_wconf 80' lang='grc' dir='ltr'><strong><em>ἀφ’</em></strong></span> <span class='ocrx_word' id='word_1_243' title='bbox 456 3282 494 3374; x_wconf 84' lang='grc' dir='ltr'><strong><em>ἧς</em></strong></span> <span class='ocrx_word' id='word_1_244' title='bbox 509 3289 654 3369; x_wconf 83' lang='grc' dir='ltr'><strong><em>άναστάς</em></strong></span> <span class='ocrx_word' id='word_1_245' title='bbox 666 3294 801 3369; x_wconf 79' lang='grc' dir='ltr'><strong><em>ἕκαστος</em></strong></span> <span class='ocrx_word' id='word_1_246' title='bbox 815 3289 905 3359; x_wconf 78' lang='grc' dir='ltr'><strong><em>ἐῦθῦ</em></strong></span> <span class='ocrx_word' id='word_1_247' title='bbox 919 3299 1064 3377; x_wconf 87' lang='grc' dir='ltr'><strong><em>λουτροῦ</em></strong></span> <span class='ocrx_word' id='word_1_248' title='bbox 1078 3293 1188 3379; x_wconf 88' lang='grc' dir='ltr'><strong><em>χρεῖός</em></strong></span> 
     </span>
     <span class='ocr_line' id='line_1_33' title="bbox 180 3387 280 3451; baseline -0.02 -1"><span class='ocrx_word' id='word_1_249' title='bbox 180 3387 280 3451; x_wconf 78' lang='grc' dir='ltr'><strong><em>ἐστιν.</em></strong></span> 
     </span>
    </p>
   </div>
   <div class='ocr_carea' id='block_1_3' title="bbox 0 0 1292 3842">
    <p class='ocr_par' dir='ltr' id='par_1_6' title="bbox 0 0 1292 3842">
     <span class='ocr_line' id='line_1_34' title="bbox 0 0 1292 3842; baseline 0 0"><span class='ocrx_word' id='word_1_250' title='bbox 0 0 1292 3842; x_wconf 95' lang='lat' dir='ltr'><strong><em> </em></strong></span> 
     </span>
    </p>
   </div>
  </div>
 </body>
</html>
