2575 3842
386 172 617 247 Λονιιιοε
633 176 660 227 ιι
683 174 823 232 οινοε.
1046 171 1109 236 31³

95 323 138 416 ἦν
163 333 198 397 ἐκ
220 337 278 414 τῆς
299 325 415 415 άγρίας
438 328 569 414 δάφνης
586 329 758 414 φυόμενα·
786 332 1004 419 βοδοδάφνην
1024 331 1108 401 αύτά

96 435 258 495 καλοῦσιν
275 431 309 495 ολ
321 425 514 512 άνθρωποι,
533 424 638 494 κακόν
654 425 793 512 άριστον
807 427 876 520 ὀνφ
892 438 991 498 τοῦτο
1009 433 1109 499 παντὶ

96 528 148 594 καὶ
164 529 271 616 λ’ππφ·
300 526 382 610 φασδ
403 521 467 610 γάρ
484 520 544 590 τόν
561 524 714 609 φαγόντα
730 522 962 612 ἀποθνήσκειν
978 525 1106 595 αύτίκα.

97 631 146 694 18.
165 623 323 714 ἐντούτῳ
338 620 355 690 ὁ
368 619 538 708 κηπουρὸς
550 622 752 707 αἰσθόμενος
762 626 817 691 καλ
828 624 930 704 ξύλον
941 621 1105 710 ἁρπάσας,
1125 645 1175 700 58⁶

96 723 259 793 εἰσελθών
276 727 321 800 εἰς
335 719 396 789 τόν
412 727 521 808 κῆπον
542 722 597 788 καὶ
614 718 674 787 τὸν
690 724 850 806 πολέμιον
867 718 950 788 δδάν
964 721 1020 788 καὶ
1039 727 1107 788 τῶν

95 822 250 907 λαχάνων
261 818 320 887 τόν
336 817 499 904 ὀλεθρον,
519 817 630 903 ὥσπερ
641 843 690 895 τις
701 818 867 904 δυνάστης
879 818 1107 904 μισοπόνηρος

95 923 239 1006 κλέπτην
256 915 370 1006 λαβών
387 915 475 985 ούτω
490 941 531 1002 με
547 918 712 996 συνέκοψε
722 923 768 1006 τῷ
785 917 889 1006 ξύλω,
906 916 987 1003 μήτε
1003 924 1107 984 πλευ-

96 1025 165 1101 ράν
182 1016 383 1102 φεισάμενος
403 1014 484 1101 μήτε
504 1020 637 1100 μηρῶν,
662 1015 717 1082 καὶ
737 1011 804 1100 μην
823 1016 878 1081 καλ
898 1011 939 1080 τά
955 1006 1024 1080 άτά
1039 1037 1106 1098 μου

95 1116 274 1182 κατέκλασε
288 1116 343 1182 καὶ
358 1111 395 1181 τό
411 1112 594 1200 πρόσωπόν
603 1138 670 1198 μου
685 1115 895 1197 συνέτριψεν.
916 1111 981 1198 ε’γω
996 1110 1032 1180 δὲ
1046 1107 1106 1177 οό-

96 1213 162 1282 κέτ’
179 1212 377 1298 άνεχόμενος
388 1209 611 1290 άπολακτίσας
626 1209 826 1298 ἀμφοτέροις
840 1215 895 1280 καὶ
909 1208 1107 1298 καταβαλών

96 1310 216 1379 ὕπτιον
237 1313 289 1379 ἐπὶ
308 1318 376 1378 των
391 1309 547 1396 λαχάνων
563 1314 709 1396 ἔφευγον
723 1308 794 1378 άνω
815 1313 847 1389 ἐς
861 1308 898 1377 τό
915 1307 1000 1395 ὀρος.
1035 1307 1051 1377 ὁ
1070 1309 1106 1376 δὲ

94 1407 206 1496 ἐπειδὴ
225 1406 289 1476 εἶδε
308 1409 422 1500 δρόμφ
437 1406 594 1493 ἀπιόντα,
617 1405 781 1496 ἀνέκραγε
795 1415 895 1492 λῦσαι
908 1406 987 1487 τούς
1001 1408 1107 1484 κύνας

95 1504 146 1573 ἐπ’
170 1509 257 1592 ἐμοί·
289 1511 323 1575 ολ
342 1505 378 1575 δὲ
398 1506 499 1586 κόνις
520 1514 641 1575 πολλοί
654 1533 690 1574 τε
709 1498 796 1594 ἦσαν
818 1508 874 1574 καὶ
894 1506 1033 1593 μεγάλοι
1050 1506 1106 1572 καὶ

94 1604 227 1686 άρκτοις
242 1603 408 1689 μάχεσθαι
424 1608 542 1674 ἱκανοί.
567 1610 676 1690 ἔγνων
690 1603 740 1674 ὀτι
755 1602 796 1691 δὴ
813 1605 1057 1672 διασπάσονταί
1064 1626 1106 1687 με

95 1692 189 1768 οὗτοι
212 1701 387 1787 λαβόντες,
412 1702 467 1768 καὶ
487 1697 601 1786 ὀλίγον
623 1701 853 1789 ἐκπεριελθὼν
875 1708 990 1789 ἔκρινα
1006 1707 1105 1768 τοῦτο

94 1796 135 1884 δη
151 1794 188 1863 τὸ
204 1805 265 1864 τού
275 1797 395 1882 λόγου,
411 1801 701 1884 ,παλινδρομῆσαι
718 1807 846 1885 μάλλον
862 1797 884 1886 ἦ
900 1806 1010 1878 κακῶς
1022 1802 1105 1884 δρα-

93 1901 202 1980 μεῖν.“
225 1891 329 1961 ὀπίσω
346 1886 408 1961 ούν
421 1891 541 1982 άπῄειν
556 1898 610 1962 καὶ
626 1895 744 1982 εἴσειμι
756 1890 859 1974 αὖθις
871 1901 917 1975 εἰς
927 1894 989 1982 την
1000 1901 1105 1964 έπαν-

94 2003 157 2061 λιν.
181 1997 215 2061 οῖ
223 1993 259 2059 δὲ
270 1989 349 2071 τούς
360 1991 422 2078 μὲν
433 1992 539 2070 κύνας
553 1991 667 2083 δρόμφ
680 1996 942 2079 ἐπιφερομένους
954 1995 1105 2071 ἐδέξαντο

93 2092 147 2160 καὶ
158 2093 360 2176 κατέδησαν,
371 2089 427 2174 ἐμὲ
440 2091 475 2158 δὲ
486 2095 639 2169 παίοντες
652 2086 693 2156 ού
703 2089 869 2175 πρότερον
880 2086 1015 2174 ἀφῆκαν
1026 2089 1106 2171 πρὶν

91 2186 112 2278 ἦ
130 2187 196 2258 ὑπὸ
215 2197 272 2277 τῆς
295 2187 420 2276 ὀδύνης
440 2189 548 2257 πάντα
564 2185 603 2256 τά
625 2189 752 2274 λάχανα
774 2187 930 2256 κάτωθεν
946 2188 1104 2271 ἐξεμέσαι.

93 2296 141 2358 19.
166 2291 221 2358 καὶ
241 2287 308 2376 μην
327 2286 381 2356 ὀτε
399 2286 590 2373 ὁδοιπορεῖν
608 2285 679 2374 ω’ρα
699 2280 758 2374 ἦν,
782 2284 822 2354 τά
846 2284 1016 2372 βαρύτατα
1037 2289 1105 2350 τῶν

92 2388 290 2475 κλεμμάτων
301 2391 355 2455 καὶ
366 2384 406 2455 τά
418 2396 553 2456 πλεῖστα
570 2389 639 2473 ἐμοὶ
653 2390 839 2474 ἐπέθηκαν·
861 2384 1021 2454 κάκεῖθεν
1031 2382 1105 2450 τότε

92 2485 198 2564 οὕτως
212 2486 442 2573 έξελαύνομεν.
472 2490 540 2556 ἐπεὶ
556 2490 592 2556 δὲ
613 2484 827 2574 άπηγόρευον
843 2484 907 2574 ἤδη
923 2481 1105 2569 παιόμενός
1147 2511 1151 2518 ·

90 2611 126 2652 τε
144 2588 259 2673 καὶτῷ
274 2591 401 2674 φορτίφ
417 2583 606 2671 άχθόμενος
626 2589 682 2656 καὶ
697 2584 756 2666 τάς
770 2582 875 2664 ὁπλάς
896 2586 932 2652 ἐκ
949 2589 1006 2668 τῆς
1021 2577 1105 2649 ὀδοῦ

90 2684 351 2767 έκτετριμμένος,
361 2687 470 2768 ἔγνων
481 2680 587 2750 αύτοῦ
599 2700 796 2753 καταπεσεῖν
808 2686 862 2752 καὶ
872 2679 949 2769 μηδ’
963 2676 1007 2747 άν
1019 2676 1105 2746 άπο-

91 2779 264 2864 σφάττωσί
274 2804 315 2864 με
329 2793 399 2857 ταῖς
413 2782 569 2867 πληγαῖς,
587 2781 775 2869 άναστηναί
786 2807 880 2865 ποτε,
898 2786 996 2848 τούτο
1011 2780 1103 2846 έλπί-
1122 2787 1170 2847 581
1215 2855 1219 2860 ,

91 2898 152 2954 σας
168 2878 251 2962 μέγα
265 2902 322 2962 μοι
343 2875 464 2962 ὀφελος
479 2885 617 2948 ἔσεσθαι
635 2884 672 2948 ἐκ
693 2888 753 2949 τού
769 2879 1014 2967 βουλεύματος·
1037 2874 1107 2964 ᾠή-

89 2987 159 3062 θην
174 2972 238 3061 γάρ
255 2972 306 3042 ὀτι
321 2975 452 3055 πάντως
467 2975 652 3064 ἡττάμενοι
666 2976 705 3047 τά
720 2979 781 3065 μὲν
795 2975 855 3063 ἐμά
873 2977 976 3062 σκεύη
992 2980 1104 3043 διανε-

89 3083 190 3163 μοῦσι
206 3081 251 3165 τῷ
266 3100 302 3142 τε
318 3078 409 3167 ἰ’ππφ
425 3079 479 3144 καλ
496 3084 541 3166 τῷ
556 3075 703 3167 ἡμιόνῳ,
721 3076 777 3162 ἐμὲ
792 3075 828 3143 δὲ
846 3071 952 3142 αὐτοῦ
966 3075 1105 3144 ἐάσουσι

89 3184 223 3243 κεῖσθαι
238 3187 308 3254 τοῖς
328 3174 453 3254 λύκοις.
487 3171 572 3244 άλλά
592 3203 640 3254 τις
662 3180 789 3261 δαίμων
807 3175 976 3261 βάσκανος
991 3173 1104 3250 συνεὶς

88 3281 158 3341 τῶν
174 3277 263 3359 ἐμάν
284 3273 526 3362 βουλευμάτων
549 3277 582 3353 ἐς
599 3273 797 3344 τοόναντίου
819 3274 1054 3362 περιήνεγκεν·
1083 3269 1101 3340 ὁ

89 3373 154 3457 γὰρ
171 3374 281 3459 ἕτερος
302 3370 380 3452 ὀνος
396 3383 475 3452 ῖσως
491 3375 563 3462 ἐμοὶ
583 3373 622 3442 τά
640 3371 721 3442 αότά
741 3373 864 3461 νοήσας
879 3380 990 3443 πίπτει
1010 3377 1048 3442 ἐν
1063 3380 1104 3460 τῇ
