2575 3842
373 201 603 262 ΛΟΤΚΙΟΣ
621 205 648 255 ιι
671 200 811 262 ΟΝΟΣ.
1034 200 1097 263 309

90 387 143 446 μοι
161 352 248 447 ἦλθε
265 357 303 427 τὸ
326 367 450 446 μαθεῖν
467 349 515 425 ὦν
535 359 632 424 ἕνεκα
652 355 801 444 ἤθλουν,
827 365 883 427 καλ
905 363 989 448 φημὶ
1012 387 1096 443 προς

90 456 209 544 αὐτήν,
227 450 266 524 Ὦ
282 455 436 541 φιλτάτη,
460 455 569 535 δεῖξόν
584 482 640 540 μοι
658 457 940 542 μαγγανεύουσαν
958 454 980 545 ἢ
995 485 1095 544 μετα-

89 558 327 641 μορφουμένην
342 550 403 639 τὴν
421 554 616 620 δέσποιναν·
638 553 740 620 πάλαι
756 553 820 638 γάρ
833 563 891 640 τῆς
905 556 1096 641 παραδόξου

89 653 208 737 ταύτης
229 653 311 729 θέας
332 652 494 736 ἐπιθυμῶ.
524 656 652 736 μᾶλλον
668 648 699 717 δ’
724 660 758 718 εί
768 678 800 718 τι
822 652 864 718 σῦ
882 652 988 735 οἶδας,
1011 651 1094 738 αύτὴ

89 749 338 835 μαγγάνευσον,
363 747 446 817 ὥστε
465 755 615 835 φανῆναί
628 774 684 834 μοι
709 748 813 834 άλλην
829 753 861 829 ἐξ
883 749 984 835 άλλης
1003 749 1092 831 ὄψιν.

89 845 176 933 οἶμαι
188 845 224 914 δέ
236 848 290 914 καλ
302 846 338 913 σέ
349 845 411 914 ούκ
423 844 566 928 ἀπείρως
576 851 676 932 τῆσδε
685 854 742 932 τῆς
753 850 866 933 τέχνης
877 854 978 933 ἐχειν·
994 855 1093 915 τοῦτο

88 947 122 1013 δὲ
140 942 181 1011 ού
196 941 277 1027 παρ’
297 946 409 1027 ἑτέρου
426 945 566 1030 μαθων,
585 943 668 1012 άλλά
685 943 774 1031 παρά
792 955 848 1032 τῆς
864 948 1010 1032 ἐμαυτοῦ
1026 961 1094 1026 ψυ-
1143 995 1156 1007 -

86 1052 142 1129 χης
156 1041 270 1128 λαβωυ
288 1040 372 1125 olda,
389 1044 462 1109 έπεί
472 1067 512 1128 με
522 1039 584 1109 τόν
598 1044 700 1111 πάλαι
711 1042 949 1131 ἀδαμάντινον,
966 1042 1010 1122 ὡς
1022 1051 1094 1111 ἐλε-

89 1168 148 1229 γου
163 1145 199 1208 αί
211 1153 383 1225 γυναῖκες,
405 1143 437 1218 ἐς
453 1145 617 1227 μηδεμίαν
631 1157 775 1229 γυναῖκα
790 1141 829 1210 τά
845 1142 975 1229 ὄμματα
990 1150 1093 1210 ταῦτα

88 1244 250 1326 ἐρωτικῶς
270 1262 349 1306 ποτε
370 1241 559 1308 ἐκτείναντα
579 1248 792 1328 συλλαβοῦσα
815 1243 969 1330 τῇτέχνῃ
990 1238 1094 1327 ταύτῃ

88 1341 294 1426 αἰχμάλωτον
316 1345 398 1425 ἔχεις
416 1342 563 1430 ἐρωτικῷ
583 1343 714 1430 πολέμῳ
731 1346 986 1426 ψυχαγωγοῦσα.
1020 1335 1094 1422 ἡδὲ

88 1445 294 1520 Παλαίστρα,
316 1444 466 1521 Παῦσαι,
495 1443 592 1524 φησί,
617 1442 838 1520 προοπαιῖων.
872 1442 921 1514 τίς
936 1433 1001 1522 γάρ
1025 1429 1093 1524 ᾠδὴ

88 1537 226 1604 δύναται
243 1543 406 1620 μαγεῦσαι
427 1534 487 1604 τὸν
503 1541 624 1622 ἔρωτα,
649 1534 729 1602 ῦντα
750 1542 806 1621 τῆς
827 1539 941 1620 τέχνης
955 1534 1094 1617 κύριον;

53 1631 56 1648 ’
86 1630 149 1717 έγιδ
167 1637 218 1716 δέ,
236 1626 427 1716 ύφίλτατε,
442 1633 570 1699 τούτων
581 1631 642 1718 μὲν
657 1630 730 1698 οῖδα
746 1629 846 1700 οὐδέν
857 1630 903 1717 μά
914 1627 977 1717 τὴν
987 1655 1095 1716 κεφα-

87 1728 149 1815 λην
163 1727 225 1814 τὴν
243 1726 307 1814 σὴν
327 1730 380 1796 καὶ
397 1727 495 1814 τήνδε
515 1725 577 1812 τὴν
596 1733 764 1812 μακαρίαν
784 1723 903 1811 εὐνήν·
933 1724 1012 1793 οῦδὲ
1028 1722 1094 1812 γάρ

85 1825 261 1913 γράμματα
273 1831 412 1912 ἔμαθον,
429 1823 514 1909 καὶὴ
527 1827 684 1891 δέσποινα
695 1825 862 1910 βάσκανος
872 1818 957 1891 οῦσα
971 1824 1095 1908 τυγχά-

1 1961 2 1974 ¹
87 1950 137 1991 νει
158 1929 204 2001 είς
224 1920 285 2008 τὴν
306 1921 407 2009 αὐτῆς
427 1925 560 2007 τέχνην·
594 1927 623 1988 εί
642 1925 681 1987 δέ
698 1947 754 2006 μοι
775 1919 891 2005 καιρὸς
913 1924 1094 2006 ἐπιτρέψοι,

1 2013 3 2090 ἶ
87 2022 285 2107 πειράσομαι
297 2034 476 2106 παρασχεῖν
487 2041 540 2086 σοι
550 2016 587 2084 τδ
602 2022 688 2085 ίδεῖν
698 2020 1021 2102 μεταμορφουμένην
1034 2014 1095 2101 την
1114 2028 1167 2082 580

1 2165 3 2176 ,
87 2121 301 2205 κεκτημένην.
341 2119 396 2187 καὶ
423 2117 496 2186 τότε
523 2117 583 2202 μὲν
613 2118 666 2183 ἐπλ
696 2116 826 2193 τούτοις
858 2113 1094 2199 ἐκοιμήθημεν.

88 2226 138 2287 12.
153 2216 290 2304 ἡμέραις
310 2219 346 2286 δὲ
363 2217 504 2304 ῦστερον
520 2213 561 2282 ού
583 2222 720 2291 πολλαῖς
741 2211 893 2298 άγγέλλει
915 2212 998 2298 πρός
1020 2208 1095 2296 μεὴ

88 2323 278 2403 Παλαίστρα
299 2315 342 2395 ὡς
360 2315 380 2404 ἡ
398 2319 556 2385 δέσποινα
572 2310 674 2398 αὐτῆς
695 2314 808 2398 μέλλοι
825 2309 917 2393 ὅρνις
932 2313 1095 2396 γενομένη

87 2420 245 2485 πέτεσθαι
257 2414 340 2503 πρὸς
352 2413 412 2485 τὸν
423 2415 602 2502 έρύμευου.
626 2409 736 2497 κάγύ,
751 2418 847 2493 Νῦν,
865 2415 970 2497 ἐφηυ,
987 2407 1005 2477 ὁ
1021 2436 1096 2477 και-

87 2516 163 2601 ρός,
181 2509 429 2600 άΠαλαίστρα,
448 2521 506 2601 τῆς
521 2519 567 2591 είς
583 2513 639 2599 ἐμέ
655 2511 802 2597 χάριτος,
818 2500 840 2597 ᾗ
855 2515 920 2576 νῦν
939 2514 1021 2593 ἐχεις
1036 2504 1096 2574 τὸν

87 2621 212 2699 σαυτῆς
226 2617 336 2698 λκέτην
347 2611 536 2681 άναπαῦσαι
551 2618 777 2698 πολυχρονίου
792 2611 979 2692 ἐπιθυμίας.
1005 2606 1096 2690 Θάρ-

89 2738 157 2797 ρει,
176 2717 250 2796 έφη.
275 2708 413 2799 κάπειδὴ
427 2714 547 2796 ἑσπέρα
558 2705 618 2796 ἦν,
635 2711 708 2794 ἄγει
722 2733 762 2793 με
777 2712 926 2792 λαβοῦσα
941 2701 1025 2787 πρὸς
1035 2700 1096 2786 τὴν

90 2810 204 2894 θύραν
221 2817 282 2875 τοῦ
296 2813 480 2895 δωματίου,
499 2816 583 2878 ἔνθα
605 2811 726 2876 ἐκεῖνοι
742 2807 946 2888 ἐκάθευδον,
967 2802 1023 2868 καὶ
1040 2826 1097 2867 κε-

88 2907 179 2977 λεύει
194 2932 234 2991 με
253 2907 436 2992 προσάγειν
452 2905 517 2996 ὁπῇ
537 2933 601 2974 τινι
623 2914 680 2991 τῆς
696 2905 807 2988 θύρας
827 2908 928 2988 λεπτῇ
948 2902 1002 2967 καλ
1018 2919 1099 2965 σκο-

1 2997 3 3026 ἷ
89 3021 164 3074 πείυ
179 3003 218 3072 τά
234 3005 394 3091 γινόμενα
408 3010 516 3074 ἐνδου.
542 3003 610 3092 ὁρω
627 2997 692 3069 οῦν
705 3001 767 3088 τὴν
781 3001 843 3086 μέν
856 3011 1000 3084 γυναῖκα
1013 2995 1099 3063 άπο-

89 3105 267 3190 δυομέυην.
297 3103 364 3172 εἶτα
379 3102 490 3191 γυμνὴ
510 3112 556 3194 τῷ
573 3104 685 3193 λύχνῳ
700 3104 936 3186 προσελθοῦσα
950 3099 1005 3164 καὶ
1019 3095 1098 3182 χόν-

89 3211 191 3286 δρους
205 3204 268 3271 δύο
284 3211 434 3291 λαβοῦσα
448 3203 581 3290 τὸνμὲν
596 3198 784 3290 λιβανωτὸν
794 3207 842 3289 τῷ
851 3200 932 3283 πυρί
946 3203 1006 3264 τοῦ
1019 3195 1099 3280 λύχ-

91 3329 152 3369 νου
170 3307 312 3389 ἐπέθηκε
328 3305 384 3371 καὶ
401 3309 506 3370 στᾶσα
522 3299 627 3370 πολλά
644 3308 706 3368 τοῦ
721 3301 848 3386 λύχνου
859 3296 1097 3381 κατελάλησευ·

92 3400 159 3469 εἶτα
175 3404 332 3490 κιβοέτιον
348 3399 454 3489 ἁδρόν
472 3400 646 3488 άνοίξασα,
663 3399 756 3468 πάνυ
771 3396 895 3476 πολλάς
911 3403 986 3483 ἕχον
1001 3400 1100 3473 πυξί-
