2575 3842
163 183 224 247 172
516 188 821 246 AOYKIANOY

92 363 145 416 320
164 341 231 410 εἶτα
245 341 282 410 τό
301 340 449 410 δειλινόν
463 346 748 430 περιδινησόμεθα
763 351 799 412 ἐν
813 354 961 438 Λυκείῳ,
975 356 1041 415 νῦν
1056 351 1092 416 δὲ
1106 350 1171 436 ἤδη

162 441 276 524 καιρός
291 443 357 507 ἐστι
371 448 522 526 χρίεσθαι
541 440 578 509 τδ
595 442 746 529 ἡλιοκαὲς
759 445 813 510 καὶ
828 442 912 528 πρδς
922 445 984 531 τήν
1000 450 1093 531 εἵλην
1109 450 1172 515 θέ-

163 545 282 623 ρεσθαι
304 538 357 604 καὶ
374 542 602 623 λουσαμένους
618 535 820 623 ἀρτοσιτεῖν·
848 543 903 609 καὶ
917 540 981 628 ήδη
995 569 1033 628 γε
1050 540 1170 627 ἀπιτη-

161 638 226 703 τέα.
247 631 291 701 σύ
308 636 359 718 δέ,
379 629 406 700 ιδ
421 649 494 721 παλ,
512 641 685 722 στλεγγίδα
698 662 754 721 μοι
764 639 819 705 καλ
830 638 961 725 βύρσαν
975 642 1030 707 καὶ
1045 640 1170 724 φωσῶ-

163 760 217 801 νιιι
233 734 287 800 καὶ
301 732 454 818 ῥύμματα
470 741 668 801 νανστολείν
684 736 716 810 ἐς
735 731 772 800 τδ
789 741 968 820 βαλανείου
982 738 1036 804 καὶ
1052 733 1171 803 τούπί-

162 840 304 915 λοντρον
320 835 477 914 κομίζειν·
509 835 591 914 ἔχεις
607 833 641 897 δὲ
655 836 777 915 χαμᾶζε
792 830 882 916 παρὰ
897 830 960 918 τήν
975 833 1171 919 ἐγγυθήκην

163 926 217 996 δύ’
235 925 353 1014 όβολοό.
382 928 424 997 σδ
440 930 476 999 δὲ
493 939 526 1000 τί
541 935 593 1000 καὶ
609 935 760 1018 πράξεις,
783 927 1025 1020 ῶΛεξίφανες,
1043 929 1171 1021 ἥξειςή

163 1026 325 1104 ἐλινύσεις
336 1031 381 1095 ἔτι
395 1025 532 1111 αὐτόθι;
550 1029 664 1116 Κάγοό,
675 1024 720 1116 ἦν
731 1029 762 1097 δ’
776 1031 850 1115 ἐγώ,
862 1040 1017 1116 τρίπαλαι
1029 1037 1169 1100 λουτιῶ·

93 1143 141 1195 321
163 1121 225 1190 ούκ
241 1121 390 1208 εὐπόρως
405 1151 439 1193 τε
454 1125 519 1213 γάρ
537 1134 599 1246 ἔχω
614 1130 668 1195 καὶ
689 1127 728 1194 τά
744 1126 828 1214 ἀμφὶ
844 1126 906 1214 τὴν
926 1131 1047 1215 τράμιν
1061 1137 1171 1215 μαλα-

162 1223 321 1305 κίζομαιέ
321 1246 343 1287 π
348 1219 538 1311 ’ἀστράβης
552 1223 694 1310 ὀχηθείς
717 1222 815 1310 ὁγάρ
830 1222 1110 1312 άστραβηλάτης’
1093 1227 1172 1292 επέ-

162 1336 281 1403 σπερχε
297 1325 402 1387 καίτοι
419 1319 633 1401 ἀσκωλιάζων
648 1319 757 1400 αὐτός
776 1320 863 1439 ἀλλά
878 1349 932 1391 και
923 1326 985 1391 ἐν
1002 1321 1092 1412 αὐτῷ
1105 1321 1170 1389 οὐκ

162 1411 267 1500 ἀκμής
280 1409 325 1500 ήν
345 1424 390 1483 τῶ
408 1414 514 1508 ἀγρῷ·
542 1423 725 1505 κατέλαβον
744 1418 809 1505 γάρ
825 1419 904 1499 τούς
919 1419 1057 1506 ἐργάτας
1073 1429 1172 1504 λιγυ-

162 1509 353 1594 ρίζοντας
319 1538 380 1597 την
390 1513 533 1600 θερινήν
546 1513 655 1602 άδήν,
674 1515 752 1594 τούς
763 1517 854 1584 δὲ’
814 1544 965 1606 ταφον
935 1545 979 1585 τω
966 1521 1058 1606 ἐμῶ
1071 1519 1170 1600 πατρὶ

163 1609 473 1690 κατασκευάζοντας.
498 1614 826 1699 συντυμβωρυχήσας
838 1607 902 1681 οὖν
913 1611 1026 1691 αντοίς
1036 1615 1090 1679 και
1101 1627 1171 1690 τοῖς

163 1704 322 1789 άναχοῦσι
337 1703 376 1772 τά
400 1706 528 1794 ἀνδηρα
552 1713 606 1776 καὶ
628 1708 730 1789 αὐτὸς
750 1709 853 1832 ὀλίγα
864 1708 1172 1795 συγχειροπονήσας

93 1816 143 1868 322
163 1805 309 1880 ἐκείνους
324 1805 385 1888 μὲν
401 1809 547 1893 διαφῆκα
568 1815 629 1874 τοῦ
644 1833 686 1874 τε
693 1809 818 1894 κρύους
833 1812 930 1876 ἕνεκα
947 1805 1037 1874 καὶ”
1017 1833 1068 1874 οτι
1084 1807 1172 1873 καύ-

162 1927 247 1986 ματα
265 1893 321 1986 ἦν
346 1900 445 1971 οἶσθα
460 1905 534 1973 δὲ’
512 1933 556 1985 ως
571 1909 607 1973 ἐν
621 1907 717 2026 κρύει
734 1911 870 1997 σφοδρῶ
884 1915 1009 1992 γίνεται
1027 1903 1066 1972 τά
1085 1905 1171 1973 καύ-

162 2027 256 2086 ματα.
285 1997 348 2086 ἐγω
365 2001 401 2070 δὲ
416 2003 605 2122 περιελθών
620 2002 660 2072 τά
682 2004 839 2091 ἀρῶματα
855 2004 999 2086 σκόροδά
1015 2029 1050 2070 τε
1067 1988 1171 2084 εὗρον

162 2099 199 2164 ἐν
212 2094 325 2176 αυτοῖς
339 2101 514 2183 πεφυκότα
529 2105 583 2170 καί
594 2104 824 2188 γηπαττάλους
838 2100 930 2179 τινάς
941 2099 1103 2184 ἀνορύξας
1115 2101 1173 2167 καὶ

161 2205 228 2263 τῶν
251 2200 440 2265 σκανδίκων
460 2202 514 2266 καὶ
535 2201 714 2285 βρακάνων
731 2201 1033 2285 λαχανευσάμενος,
1060 2203 1108 2265 ἔτι
1134 2199 1171 2265 δὲ

161 2296 285 2379 κάχρυς
310 2297 549 2382 πριάμενος-
571 2297 665 2365 ούπω
688 2301 724 2364 δὲ
750 2302 784 2365 ολ
805 2305 962 2383 λειμῶνες
987 2295 1171 2383 ἀνθοσμίαι

160 2386 257 2477 ἦσαν,
270 2389 313 2469 ιδς
323 2390 522 2479 αὐτοποδητὶ
532 2399 677 2482 βαδίζειν
685 2393 905 2475 -άνατεθεδς
914 2399 965 2464 ἐπὶ
975 2395 1037 2482 τήν
1045 2394 1172 2480 ἀστρά-

92 2506 142 2558 323
161 2497 227 2575 βην
240 2489 365 2575 ἐδάρην
376 2487 436 2557 τόν
447 2489 567 2576 όρρον·
589 2495 642 2560 καὶ
663 2503 726 2560 νῦν
746 2500 867 2581 βαδίζω
883 2520 918 2562 τε
930 2493 1104 2579 ὀδυνηρῶς
1114 2495 1172 2560 καὶ

162 2592 234 2654 ἰδίω
250 2585 344 2672 θαμά
360 2591 415 2656 καί
426 2598 576 2675 μαλακιῶ
588 2589 625 2658 τό
638 2598 733 2677 σῶμα
747 2596 802 2659 καὶ
818 2597 932 2678 δέομαι
948 2597 1122 2659 διανεῦσαι
1133 2595 1171 2659 ἐν

161 2693 214 2776 τῷ,
223 2684 320 2753 ὕδατι
337 2690 388 2756 ἐπὶ
402 2697 571 2758 πλεῖστον·
593 2696 696 2776 χαίρω
709 2689 744 2756 δὲ
759 2687 839 2775 μετά
856 2691 1006 2776 κάματον
1020 2689 1171 2759 ἀπολού-

161 2810 270 2870 μενος.
304 2790 333 2852 3.
353 2782 579 2873 ἀποθρέξομαι
594 2781 657 2855 οὖν
678 2790 730 2856 καὶ
752 2782 797 2855 αὖ
811 2787 894 2870 πρδς
911 2788 972 2857 τδν
987 2793 1105 2874 παῖδα,
1129 2787 1172 2856 δν

162 2881 249 2962 είκδς
265 2880 286 2970 ἦ
301 2882 390 2969 παρά
406 2892 446 2972 τῇ
466 2887 703 2954 λεκιθοπώλιδι
728 2882 749 2973 ἦ
768 2883 858 2973 παρά
879 2894 925 2975 τῷ
946 2887 1172 2974 γρυμεοπῶλη

160 3007 201 3067 με
222 2985 426 3067 περιμένειν·
455 2991 563 3051 καίτοι
583 2986 812 3074 προηγόρευτο
829 2982 919 3074 αύτῷ
936 2988 988 3053 ἐπί
1012 2984 1051 3051 τά
1068 2989 1170 3071 γε’λγη

91 3099 143 3149 324
161 3078 321 3146 ἀπαντᾶν.
345 3078 417 3147 ἀλλ’
431 3088 476 3158 είς
490 3080 610 3168 καιρόν
621 3080 733 3152 ούτοσὶ
748 3079 848 3159 αύτδς
863 3083 1048 3168 ἐμπολήσας
1059 3109 1107 3168 γε,
1126 3080 1171 3160 ὡς

160 3175 245 3261 ὁρῶ,
273 3177 439 3262 πυριάτην
460 3180 498 3245 τέ
522 3205 597 3246 τινα
623 3183 679 3249 καὶ
700 3184 882 3268 ἐγκρυφίας
902 3183 956 3248 καὶ
979 3182 1094 3268 γήτεια
1114 3183 1172 3248 καὶ

162 3275 292 3360 φύσκας
307 3277 361 3344 καὶ
375 3273 470 3361 οἶβον
487 3278 619 3344 τουτονὶ
638 3281 694 3347 καὶ
707 3280 877 3364 λωγάνιον
891 3281 945 3346 καὶ
959 3289 1022 3346 τοῦ
1034 3277 1114 3367 βοδς
1131 3277 1169 3346 τδ

161 3371 375 3457 πολύπτυχον
393 3378 533 3457 ἔγκατον
554 3376 609 3444 καλ
630 3375 770 3462 φῶντας.
807 3371 926 3461 Εὖγε,
948 3370 1168 3464 ιδἈττικίων,
