2575 3842
379 161 508 217 ΖΕΤΣ
529 160 815 219 ΤΡΑΓΩιΔΟΣ.
1039 159 1103 224 359

10 389 21 398 ,,
93 323 148 388 καὶΙ
165 317 331 403 διαδόχοις
345 326 413 384 νῦν
429 319 556 404 λόγων,
574 323 603 384 εί
615 325 753 385 τοιαῦτα
764 321 839 405 περὶ
854 317 948 406 ἡμῶν
962 318 1102 407 ὑπειλή-

94 437 206 503 φασιν.
229 411 295 502 ἢτί
306 413 371 502 γάρ
383 411 428 482 ἀν
442 412 565 492 αὐτούς
576 412 729 494 ἀξιώσειέ
736 442 785 494 τις
795 412 838 482 ἀν
850 433 1000 502 φρονεῖν,
1016 415 1100 486 ὁπό-

92 541 154 583 ταν
174 511 278 597 δρῶσι
293 512 460 599 τοσαύτην
479 515 516 580 ἐν
536 519 581 601 τῷ
601 519 663 603 βίῳ
680 515 842 600 ταραχήν,
868 517 922 582 καὶ
942 515 1021 594 τοῦς
1037 521 1099 603 μὲν

9 602 21 690 ff
93 608 255 698 χρηστούς
269 607 382 678 αύτιῦν
397 607 661 696 ἀμελουμένους,
684 612 720 676 ἐν
737 617 836 699 πενία
850 613 905 679 καὶ
919 611 1032 692 νόσοις
1046 618 1101 682 καὶ

8 707 20 792 s
94 712 227 796 δουλείᾳ
238 708 581 792 καταφθειρομένους,
597 707 836 794 παμπονήρους
848 709 884 777 δὲ
896 712 950 777 καὶ
960 710 1101 796 μιαρούς

8 803 14 900 f
93 805 298 891 ἀνθρώπους
324 807 597 892 προτιμωμένους
627 809 682 874 καὶ
705 804 1021 893 ὑπερπλουτοῦντας
1046 815 1101 879 καλ

7 907 12 990 s
94 907 324 982 ἐπιτάττοντας
335 917 403 981 τοῖς
417 910 595 989 κρείττοσι,
612 904 666 970 καλ
680 901 759 983 τοῦς
772 905 834 990 μέν
848 907 1044 989 ἱεροσύλους
1058 906 1100 975 ού

7 1074 13 1086 Ἰ,
93 1008 350 1090 κολαζομένους,
374 1000 457 1070 ἀλλὰ
476 1001 780 1088 διαλανθάνοντας,
798 1001 1100 1093 ἀνασκολοπιζομέ-

7 1093 13 1184 f
94 1127 175 1179 νους
186 1103 222 1169 δὲ
233 1101 287 1168 καλ
298 1102 605 1186 τυμπανιζομένους
619 1101 725 1166 ἐνίοτε
738 1098 816 1178 τοῦς
828 1100 928 1170 οῦδὲν
940 1101 1101 1174 ἀδικοῦν-

6 1273 9 1286 ,
94 1227 167 1281 τας;
190 1197 324 1276 εἰκότως
338 1204 455 1265 τοίνυν
474 1205 577 1264 ταῦτα
599 1194 742 1280 ὁρωντες
763 1198 869 1278 οὕτως
890 1205 1100 1287 διαιροῦνται

6 1295 8 1308 ²
93 1299 167 1382 περὶ
186 1293 281 1382 ἡμῶν
302 1293 347 1374 άς
362 1293 441 1364 οῦδὲ
459 1292 544 1374 όλως
562 1294 687 1380 όντων,
711 1302 762 1364 20.
784 1299 839 1366 καὶ
857 1299 999 1383 μάλιστα
1019 1296 1100 1367 ὅταν

6 1397 7 1404 '
92 1394 262 1463 ἀκούσωσι
280 1399 349 1460 τῶν
369 1401 526 1480 χρησμῶν
547 1393 734 1478 λεγόντων,
762 1391 806 1472 ὡς
825 1397 946 1482 διαβάς
971 1422 1021 1474 τις
1039 1394 1100 1463 τόν

92 1493 198 1562 ’Ἀλυν
214 1494 364 1580 μεγάλην
379 1490 485 1578 ἀρχὴν
498 1493 693 1577 καταλύσει,
709 1491 751 1559 ού
764 1494 877 1579 μέντοι
893 1495 1097 1579 δηλούντων,
1116 1505 1166 1560 66⁵

93 1603 157 1661 είτε
172 1591 234 1678 τὴν
250 1589 356 1659 αὐτοῦ
372 1602 436 1662 εἴτε
452 1589 593 1678 τὴντῶν
610 1599 792 1677 πολεμίων·
815 1593 870 1660 καλ
883 1594 984 1660 πάλιν
1261 1594 1265 1600 ’

156 1683 182 1757 ἀ
197 1697 274 1774 θείη
288 1696 453 1774 Σαλαμίς,
472 1687 604 1766 ἀπολεῖς
620 1692 655 1756 δέ
671 1687 713 1757 σύ
728 1695 828 1759 τέκνα
843 1698 1024 1777 γυναικῶν.

93 1790 147 1856 καὶ
167 1789 293 1870 Πέρσαι
316 1786 397 1871 γάρ,
423 1784 530 1870 οἶμαι,
555 1787 611 1855 καὶ
627 1785 784 1873 Ἕλληνες
807 1790 906 1856 τέκνα
928 1796 1098 1872 γυναικών

93 1878 186 1971 ἦσαν.
209 1881 292 1950 όταν
305 1884 368 1969 μὲν
381 1881 446 1969 γάρ
461 1883 563 1950 πάλιν
573 1889 640 1950 τῶν
651 1887 817 1973 ῥαψῳδῶν
832 1881 1032 1970 ἀκούσωσιν,
1047 1884 1098 1952 ότι

92 1984 146 2050 καλ
163 1984 291 2067 ἐροῦμεν
305 1983 359 2049 καὶ
376 1979 626 2065 τιτρωσκόμεθα
642 1983 697 2048 καὶ
714 1981 927 2066 δεσμούμεθα
942 1984 997 2048 καὶ
1017 1986 1098 2049 δου-

91 2080 235 2164 λεύομεν
254 2081 310 2146 καὶ
325 2079 541 2163 στασιάζομεν
556 2079 610 2145 καὶ
627 2084 730 2163 μυρία
752 2076 814 2145 ὅσα
830 2080 1007 2165 πράγματα
1025 2085 1098 2164 ἔχο-

91 2205 169 2266 μεν,
191 2181 365 2246 καὶταῦτα
385 2177 543 2264 μακάριοι
559 2178 613 2243 καὶ
630 2173 800 2261 ἀφθαρτοι
818 2173 987 2256 ἀξιοῦντες
1002 2175 1097 2259 εἶναι,

91 2285 124 2345 τί
137 2275 217 2345 ἀλλο
232 2271 254 2363 ἢ
268 2280 402 2355 δικαίως
418 2281 622 2361 καταγελῶσι
637 2277 692 2343 καὶ
707 2277 744 2344 ἐν
759 2274 872 2343 ούδενὶ
893 2282 1042 2343 τίθενται
1057 2273 1098 2343 τά

89 2374 248 2462 ἡμέτερας
267 2372 359 2461 ἡμεῖς
370 2374 406 2443 δὲ
417 2371 687 2461 ἀγανακτοῦμεν,
705 2382 738 2441 εί
746 2399 834 2451 τινες
846 2371 1023 2460 ἅνθρωποι
1038 2374 1098 2442 όν-

90 2501 143 2553 τες
157 2473 199 2542 ού
213 2474 304 2541 πάνυ
317 2471 454 2560 ἀνόητοι
467 2477 670 2558 διελέγχουσι
682 2478 785 2540 ταῦτα
795 2474 851 2540 καὶ
861 2471 922 2559 την
933 2474 1098 2558 πρόνοιαν

89 2568 186 2657 ἡμῶν
200 2578 455 2654 παρωθοῦνται,
479 2573 556 2639 δέον
572 2569 722 2657 ἀγαπᾶν,
744 2579 777 2637 εί
787 2597 874 2649 τινες
892 2569 974 2658 ἡμῖν
985 2573 1099 2641 θύου-

91 2689 147 2734 σιν
162 2673 208 2734 ἔτι
221 2664 260 2733 τά
279 2674 413 2734 τοιαῦτα
431 2670 704 2751 ἐξαμαρτάνουσι.
727 2674 778 2736 21.
795 2676 854 2736 καί
864 2696 921 2754 μοι
937 2673 1097 2752 ἐνταῦθα,

92 2761 118 2835 ὦ
133 2773 201 2835 Ζεῦ
217 2806 254 2818 -
271 2767 368 2852 μόνοι
384 2766 449 2851 γάρ
463 2769 562 2851 ἐσμεν
577 2771 631 2834 καὶ
646 2766 755 2845 ούδεὶς
767 2769 949 2851 ἅνθρωπος
962 2767 1098 2848 πάρεστι

90 2871 137 2954 τῷ
156 2862 306 2952 ξυλλόγῳ
322 2868 382 2941 ἔξω
393 2862 594 2945 Ἡρακλέους
612 2867 666 2930 καὶ
680 2865 855 2932 Διονύσου
870 2865 924 2930 καὶ
938 2862 1099 2946 Γανυμή-

92 2967 172 3040 δους
181 2963 235 3029 καὶ
248 2959 457 3046 Ἀσκληπιοῦ,
467 2966 536 3026 τῶν
547 2961 812 3045 παρεγγράπτων
822 2961 951 3027 τούτων
964 3001 999 3008 -
1013 2955 1099 3025 ἀπό-

91 3087 203 3146 κριναι
220 3056 291 3145 μετ’
309 3057 481 3145 ἀληθείας,
504 3066 537 3124 εί
547 3061 629 3125 ποτέ
640 3079 694 3127 σοι
710 3061 868 3145 ἐμέλησεν
884 3060 916 3136 ἐς
935 3066 1097 3125 τοσοῦτον
1116 3080 1168 3135 666

91 3165 157 3224 τῶν
172 3159 209 3224 ἐν
224 3163 264 3244 τῇ
280 3163 340 3244 γῇ,
366 3152 409 3234 ὡς
425 3154 570 3236 ἐξετάσαι
590 3163 677 3234 τίνες
691 3153 803 3224 αῦτῦν
824 3160 859 3223 οί
870 3163 995 3241 φαῦλοι
1011 3148 1033 3240 ἢ
1048 3155 1098 3220 οἵ·

52 3283 55 3290 ·
91 3281 178 3333 τινες
196 3257 230 3320 οί
240 3259 377 3339 χρηστοί
389 3260 490 3322 είσιν·
510 3250 583 3322 ἀλλ’
603 3251 666 3322 ούκ
681 3250 725 3321 ἀν
741 3263 855 3332 είποις.
875 3258 906 3319 εί
918 3258 1004 3339 γοῦν
1017 3247 1060 3337 μὴ
1079 3247 1097 3317 ὁ

92 3349 221 3437 Θησεύς
235 3355 270 3420 ἐκ
286 3357 464 3438 Τροιζῆνος
478 3354 510 3430 ἐς
523 3349 667 3438 Ἀθήνας
680 3349 742 3420 ίύν
754 3348 836 3418 ὁδοῦ
850 3351 1020 3436 πάρεργον
1032 3350 1100 3428 ἐξέ-
