2575 3842
181 177 222 242 54
531 181 843 241 AOYKIANOY

180 339 201 431 ἡ
222 343 449 428 Σαλμωνέως,
474 337 555 426 μετά
576 338 638 426 τὴν
659 343 819 406 ἐντεῦθεν
846 337 1044 426 ἀπαλλαγὴν
1067 336 1193 423 ταύτην

181 437 270 525 παρά
286 446 347 507 τοῦ
364 442 577 518 Ποσειδῶνος
590 444 741 524 λαβοῦσα
756 434 818 522 τὴν
832 437 940 523 τιμήν.
970 442 999 504 4.
1018 441 1193 522 μείναντες
1279 488 1280 529 ,

181 538 218 604 δὲ
232 534 356 624 ἡμέρας
371 541 408 604 έν
423 544 462 626 τῇ
478 537 570 627 νήσω
586 539 685 604 πέντε
701 541 741 623 τη
757 536 834 622 ἕκτη
851 535 1105 621 ἐξωρμήσαμεν,
1128 528 1192 598 αῦ-
1279 532 1280 543 ’

181 659 241 724 ρας
251 635 314 719 μέν
325 659 415 712 τινος
426 632 729 719 παραπεμπούσης,
744 632 963 716 λειοκύμονος
974 631 1009 700 δὲ
1021 629 1124 716 οῦσης
1134 636 1191 714 τῆς

180 733 364 819 θαλάττης·
391 741 432 820 τῇ
448 730 551 820 ὀγδόη
572 733 607 800 δέ
627 729 736 820 ἡμέρᾳ
752 732 909 810 πλέοντες
929 728 1040 800 οὐκέτι
1055 725 1113 797 διά
1130 735 1193 795 τοῦ

180 831 360 917 γάλακτος,
376 829 451 899 ἀλλ’
466 828 530 917 ἤδη
546 832 583 898 έν
597 827 736 921 ἁλμυρῷ
753 833 809 898 καὶ
823 837 938 920 κυανῷ
953 829 1068 915 ὕδατι,
1083 838 1194 896 καθο-

180 936 292 1015 ρῶμεν
313 925 519 1013 ἀνθρώπους
538 925 685 1005 πολλοὺς
701 929 754 996 έπὶ
769 934 831 994 τοῦ
846 929 1014 1013 πελάγους
1034 929 1193 994 διαθέον-

180 1057 253 1115 τας,
268 1027 400 1096 ἅπαντα
411 1026 490 1116 ἡμῖν
502 1029 739 1113 προσεοικότας
748 1030 804 1096 καὶ
813 1025 853 1094 τά
865 1028 1001 1113 σῶματα
1014 1026 1070 1094 καὶ
1079 1021 1120 1092 τά
1131 1048 1192 1109 με·

180 1133 277 1215 γέθη,
290 1127 380 1215 πλὴν
390 1135 458 1196 τῶν
469 1131 583 1195 ποδῶν
592 1125 725 1212 μόνων·
744 1134 848 1194 ταῦτα
858 1125 923 1213 γάρ
936 1131 1076 1210 φέλλινα
1088 1119 1192 1207 εἶχον·

181 1223 242 1312 ἀφ’
260 1219 303 1294 οῦ
321 1224 373 1313 δὴ
383 1226 474 1314 οἶμαι
488 1228 543 1294 καὶ
559 1229 741 1294 ἐκαλοῦντο
756 1224 975 1302 Φελλόποδες.
1004 1219 1193 1306 ἐθαυμάζο-

78 1338 90 1358 ”
180 1352 242 1410 μεν
254 1319 318 1394 οὖν
329 1329 457 1406 ἰδόντες
468 1325 511 1394 οῦ
521 1330 790 1413 βαπτιζομένους,
805 1324 879 1395 ἀλλ’
893 1322 1113 1411 ὑπερέχοντας
1123 1327 1193 1388 τῶν

180 1424 338 1509 κυμάτων
354 1427 409 1492 καὶ
423 1423 528 1502 ἀδεῶς
542 1422 814 1506 ὁδοιποροῦντας.
838 1429 872 1492 ολ
884 1423 921 1492 δέ
931 1425 987 1491 καὶ
1001 1421 1193 1508 προσῄεσαν

179 1524 235 1589 καὶ
247 1519 434 1608 ἠσπάζοντο
445 1519 532 1608 ἡμᾶς
544 1521 721 1611 Ἑλληνικῇ
732 1530 830 1612 φωνῇ
841 1522 957 1609 ἔλεγόν
968 1548 1003 1588 τε
1018 1527 1064 1599 είς
1074 1513 1193 1587 Φελλῶ

180 1618 242 1704 τὴν
254 1616 366 1686 αὐτῶν
378 1626 520 1706 πατρίδα
531 1623 740 1707 ἐπείγεσθαι·
756 1626 850 1709 μέχρι
859 1625 922 1707 μὲν
933 1612 997 1688 οὖν
1007 1645 1098 1696 τινος
1107 1636 1193 1683 συν-

181 1714 393 1800 ωδοιπόρουν
409 1715 488 1803 ἡμῖν
505 1721 749 1804 παραθέοντες,
766 1717 834 1786 εἶτα
849 1718 1120 1802 ἀποτραπόμενοι
1135 1720 1194 1798 τῆς

180 1807 262 1878 ὁδοῦ
278 1812 431 1900 ἐβάδιζον
446 1812 607 1883 εὔπλοιαν
628 1812 709 1902 ἡμῖν
726 1816 952 1901 ἐπευξάμενοι.
982 1811 1053 1900 μετ’
1077 1809 1193 1895 ὀλίγον

180 1909 217 1977 δὲ
231 1913 351 1980 πολλαὶ
367 1919 464 1999 νῆσοι
479 1916 677 2000 ἐφαίνοντο,
692 1920 834 1999 πλησίον
849 1914 911 1999 μὲν
926 1916 958 1993 ἐξ
973 1906 1191 1998 ἀριστερῶνὴ

179 2009 297 2077 Φελλιό
305 2061 314 2093 ,
333 2015 379 2088 είς
392 2007 435 2097 ἣν
451 2014 572 2080 ἐκεῖνοι
590 2016 773 2097 ἔσπευδον,
793 2011 890 2090 πόλις
904 2012 955 2080 ἐπὶ
972 2008 1122 2096 μεγάλου
1136 2008 1191 2074 καὶ

179 2107 390 2192 στρογγύλου
400 2117 526 2195 φελλοῦ
535 2112 776 2196 κατοικουμένη
786 2137 793 2151 ·
805 2109 987 2196 πόρρωθεν
996 2111 1095 2176 δὲκαὶ
1105 2114 1192 2192 μάλ-

179 2212 240 2272 λον
261 2208 298 2273 έν
319 2211 410 2296 δεξιᾷ
430 2210 529 2276 πέντε
551 2212 702 2295 μέγισται
724 2211 778 2278 καλ
798 2209 1020 2296 ὑψηλόταται,
1048 2209 1191 2286 καὶπῦρ

179 2300 266 2370 πολι)
282 2300 341 2369 ἀπ’
358 2303 471 2372 αὐτῶν
491 2304 671 2375 ἀνεκαίετο.
701 2314 731 2375 5.
754 2310 836 2376 κατὰ
852 2311 889 2378 δὲ
903 2307 965 2396 τὴν
979 2315 1118 2398 πρῶραν
1131 2310 1192 2391 μία

178 2410 315 2468 πλατεῖα
335 2404 390 2470 καὶ
410 2407 568 2491 ταπεινή,
591 2410 747 2485 σταδίους
764 2411 926 2493 ἐπέχουσα
949 2406 1011 2475 οῦκ
1035 2403 1192 2482 ἐλάττους

178 2506 415 2569 πεντακοσίων.
438 2498 502 2588 ἤδη
515 2502 551 2571 δέ
566 2512 709 2589 πλησίου
725 2531 760 2572 τε
775 2499 860 2593 ἦμεν
876 2509 931 2576 καὶ
947 2503 1127 2592 θαυμαστή
1141 2529 1192 2581 τις

178 2594 266 2682 αὔρα
283 2601 523 2680 περιέπνευσεν
533 2599 637 2689 ἡμᾶς,
652 2602 746 2690 ἡδεῖα
761 2609 815 2672 καλ
832 2603 977 2691 εῦῶδης,
994 2607 1071 2672 οἵαν
1087 2604 1191 2690 φησὶν

177 2693 196 2762 ὁ
218 2695 434 2782 συγγραφεὺς
450 2697 629 2786 Ἡρόδοτος
649 2701 783 2785 ἀπόζειν
801 2712 859 2790 τῆς
879 2701 1078 2789 εὐδαίμονος
1093 2700 1192 2786 'Apa-

109 2803 161 2859 108
179 2801 261 2882 βίας.
285 2790 358 2862 οἷον
372 2793 437 2882 γάρ
453 2795 518 2864 ἀπό
534 2800 647 2887 ῥόδων
662 2804 716 2869 καὶ
734 2808 926 2888 ναρκίσσων
942 2803 998 2869 καὶ
1013 2800 1191 2869 ὑακίνθων
1258 2806 1261 2811 ’

177 2894 232 2959 καὶ
247 2898 373 2976 κρίνων
387 2897 441 2962 καὶ
457 2905 534 2980 λ’ων,
555 2903 601 2965 έτι
617 2899 654 2966 δέ
664 2908 829 2986 μυρρίνης
842 2905 897 2968 καί
913 2903 1045 2987 δάφνης
1059 2902 1114 2968 καὶ
1124 2898 1191 2986 ἀμ·
1279 2963 1281 2971 .

176 2991 364 3078 πελάνθης,
380 3001 535 3062 τοιοῦτον
546 2992 626 3082 ἡμῖν
639 2996 677 3065 τό
688 2995 755 3084 ἡδέι
769 3002 1006 3086 προσέβαλλεν.
1029 2996 1191 3086 ἡσθέντες

177 3088 213 3156 δὲ
226 3097 266 3178 τῇ
279 3089 364 3179 ὀσμῇ
379 3095 434 3161 καὶ
444 3093 568 3180 χρηστά
583 3098 620 3163 έκ
630 3104 769 3182 μακρῶν
780 3099 897 3166 πόνων
908 3100 1100 3176 ἐλπίσαντες
1114 3095 1187 3165 κατ’

176 3184 291 3274 ὀλίγον
308 3187 372 3275 ἤδη
388 3200 531 3277 πλησίον
545 3203 602 3280 τῆς
617 3195 726 3282 νήσου
741 3197 954 3284 ἐγιγνόμεθα.
976 3204 1063 3266 ἔνθα
1078 3196 1117 3284 δη
1134 3200 1191 3264 καὶ

175 3295 405 3374 καθεωρῶμεν
418 3293 554 3376 λιμένας
567 3319 602 3360 τε
618 3293 765 3376 πολλοῦς
778 3299 854 3380 περὶ
875 3305 987 3365 πᾶσαν
1003 3295 1191 3374 ἀκλύστους

175 3386 230 3454 καί
240 3386 406 3472 μεγάλους
416 3391 588 3477 ποταμούς
599 3419 635 3460 τε
646 3398 794 3482 διαυγεῖς
808 3397 955 3477 ἐξιόντας
966 3395 1073 3485 ἠρέμα
1085 3400 1117 3477 ἐς
1127 3394 1191 3483 τὴν
