2575 3842
394 194 601 263 ΤΟΞΑΡΙΣ
618 204 646 254 Η
668 200 827 258 ΦΙΛΙΑ.
1051 201 1112 264 281

100 369 258 446 θαλαμον
281 361 336 427 καὶ
355 355 426 446 μετ’
450 355 564 443 ὀλίγον
590 365 742 444 προηλθε
766 361 967 447 διακορήσας
989 359 1113 448 αύτήν·

102 462 156 528 καί
172 456 209 525 τὸ
232 455 290 524 ἀπ’
307 459 439 524 ἐκείνου
456 455 613 522 σύνεστιν
634 453 862 541 ὑπεραγαπῶν
877 461 930 525 καὶ
946 459 1054 543 πάντη
1069 456 1114 537 ῶς

102 553 182 645 ὁρᾷς
197 552 441 640 περιαγόμενος
456 550 571 639 αὐτήν.
601 559 652 621 26.
669 555 724 621 καί
742 552 802 639 οὐχ
820 554 910 633 ὅπως
925 557 1114 641 αἰσχύνεται

3 709 4 718 ,
101 660 146 742 τῷ
157 651 271 742 γάμφ,
288 648 372 720 ἀλλά
383 653 437 718 καὶ
453 652 691 738 σεμνυνομένῳ
703 655 827 737 ἐοικεν,
843 653 1113 739 ἐπιδεικνύμενος

103 748 146 829 ῶς
161 762 368 836 καταφρονεῖ
381 751 441 834 μὲν
456 755 526 816 τῶν
543 751 579 814 ἐν
596 754 642 835 τῷ
660 748 788 834 σῶματι
802 744 951 836 καλῶνή
968 756 1113 835 αἰσχρῶν

101 849 156 916 καὶ
170 845 319 915 πλούτου
337 848 392 914 καὶ
412 847 524 933 δόξης,
546 845 659 935 ἀφορᾷ
676 846 712 912 δὲ
729 849 761 925 ἐς
782 844 843 914 τόν
861 854 962 932 φίλον
978 851 1034 916 καί
1053 846 1113 915 τόν

101 945 339 1030 Μενεκράτην·
375 941 454 1012 ούδέ
479 953 583 1012 οἰεται
607 950 705 1029 χείρω
727 942 811 1029 πρὸς
832 950 948 1029 φιλίαν
969 942 1035 1011 ὑπό
1055 951 1113 1030 τής

2 1041 5 1106 I
101 1044 218 1128 ψήφου
238 1049 306 1110 τῶν
327 1045 507 1124 ἑξακοσίων
522 1046 706 1128 γεγονέναι.
739 1040 829 1129 πλήν
843 1041 907 1128 ήδη
926 1069 964 1126 γε
983 1043 1113 1111 τούτων

103 1139 208 1219 οὕτως
223 1139 327 1210 αύτόν
341 1140 502 1229 ἠμείψατο
520 1138 609 1226 καλή
626 1140 725 1226 τύχη·
753 1143 888 1208 παιδίον
902 1138 966 1225 γὰρ
984 1139 1113 1225 πάγκα-

101 1248 163 1307 λον
176 1241 213 1308 ἐκ
228 1247 285 1326 τῆς
296 1245 462 1327 αἰσχίστης
476 1237 566 1328 αὐτῷ
578 1238 700 1325 ταύτης
715 1240 856 1323 ἐγένετο.
878 1240 934 1307 καὶ
947 1239 1064 1328 πρςόην
1074 1264 1112 1324 γε

103 1338 172 1404 ἐπεὶ
187 1335 353 1423 ἀράμενος
370 1334 451 1405 αύτό
469 1337 675 1422 εἰσεκόμισεν
691 1333 709 1403 ὁ
724 1333 832 1422 πατήρ
848 1341 894 1414 εἰς
913 1333 950 1402 τὸ
968 1344 1109 1424 βουλευ-

103 1437 218 1523 τήριον
231 1443 348 1526 θαλλῷ
364 1439 566 1524 ἐστεμμένον
582 1439 636 1504 καὶ
654 1438 780 1522 μέλανα
797 1435 1044 1522 ἀμπεχόμενον,
1068 1433 1112 1513 ῶς

103 1533 326 1621 ἐλεεινότερον
340 1542 461 1621 φανείη
481 1533 566 1620 ὑπὲρ
585 1540 645 1601 τού
664 1536 824 1619 πάππον,
846 1532 882 1602 τό
906 1537 967 1620 μὲν
987 1535 1113 1622 βρέφος

102 1630 282 1716 ἀνεγέλασε
296 1629 381 1717 πρός
394 1629 473 1710 τούς
482 1629 667 1718 βουλευτὰς
680 1636 736 1701 καί
750 1634 945 1719 συνεκρότει
955 1630 1001 1700 τῶ
1012 1645 1111 1717 χεῖρε,

101 1729 121 1812 ή
137 1727 243 1813 βουλή
259 1730 295 1796 δὲ
307 1732 544 1797 ἐπικλασθεῖσα
555 1725 639 1810 πρὸς
651 1726 732 1796 αύτό
744 1729 863 1815 ἀφίησι
874 1736 920 1818 τῶ
930 1728 1111 1811 Μενεκρά-

102 1849 149 1892 τει
161 1822 224 1910 τήν
234 1829 425 1912 καταδίκην,
438 1827 492 1892 καὶ
502 1823 564 1910 ήδη
576 1825 722 1910 ἐπίτιμός
732 1828 800 1894 ἐστι
810 1827 993 1914 τηλικούτῳ
1005 1845 1111 1912 συνη-

102 1924 193 2014 γάρῳ
204 1925 412 2011 χρησάμενος
423 1921 506 2008 πρὸς
521 1922 558 1990 τό
576 1926 763 2008 συνέδριον,
787 1930 924 1990 τοιαῦτα
935 1921 953 1990 ὁ
966 1931 1111 1989 Μασσα-

102 2021 223 2107 λιῶτης
236 2027 328 2108 ἔλεγε
344 2020 405 2090 τόν
419 2019 612 2108 Ζηνόθεμιν
630 2019 807 2104 εἰργάσθαι
820 2017 906 2105 ὑπὲρ
922 2026 982 2085 τοῦ
998 2025 1111 2103 φίλου,

103 2116 148 2196 ὡς
164 2115 262 2208 ὁρᾷς,
284 2117 326 2186 ού
340 2118 442 2207 μικρά
459 2115 538 2186 οὐδὲ
552 2113 619 2184 ὑπὸ
635 2124 769 2185 πολλῶν
785 2114 829 2185 ἀν
844 2123 996 2184 Σκυθῶν
1011 2115 1110 2200 γενό-
1129 2122 1184 2178 536

101 2244 203 2305 μενα,
222 2221 292 2305 οἵγε
308 2215 373 2288 κάν
389 2216 447 2297 τάς
459 2215 629 2294 παλλακάς
640 2214 786 2306 ἀκριβῶς
795 2216 853 2296 τάς
868 2217 1071 2292 καλλίσταςέ
1092 2253 1111 2265 -

106 2323 258 2402 λέγεσθαι
274 2322 435 2404 λέγονται.

186 2422 236 2485 27.
269 2416 396 2496 Λοιπδς
419 2414 499 2504 ἡμῖν
526 2413 543 2484 ὁ
572 2420 735 2503 πέμπτος·
771 2422 831 2483 καί
851 2441 908 2501 μοι
934 2419 1023 2482 δοκῶ
1048 2412 1111 2481 οὐκ

100 2513 204 2584 ἀλλον
233 2520 321 2602 ἐρεῖν
343 2523 540 2604 Δημητρίου
570 2522 631 2583 τοῦ
653 2517 824 2593 Σουνιέως
851 2515 1109 2601 ἐπιλαθόμενος

102 2617 351 2695 συνεκπλεύσας
365 2614 431 2703 γάρ
447 2619 479 2695 ἐς
500 2613 562 2701 τήν
576 2623 751 2700 Αἰγυπτον
765 2610 784 2682 ὁ
797 2614 989 2700 Δημήτριος
1006 2612 1111 2680 Ἀντι-

102 2719 188 2800 φίλφ
203 2721 250 2802 τῶ
269 2711 502 2801 Ἀλωπεκῆθεν
518 2718 637 2803 ἑταίρῳ
657 2715 694 2780 ἐκ
707 2718 837 2781 παίδων
851 2711 924 2780 όντι
938 2715 994 2781 καί
1011 2732 1112 2779 συνε-

102 2807 201 2897 φήβφ
218 2817 326 2895 συνῆν
347 2815 401 2878 καὶ
421 2809 680 2879 συνεπαιδεύετο
697 2809 797 2888 αύτὸς
815 2812 877 2896 μὲν
891 2809 953 2897 τήν
971 2809 1112 2894 ἀσκησιν

101 2904 163 2992 τήν
177 2905 332 2992 Κυνικήν
346 2907 554 2994 ἀσκούμενος
567 2905 634 2975 ὑπὸ
647 2915 692 2995 τῶ
704 2906 817 2998 Ῥοδίφ
832 2911 947 2998 ἐκείνφ
959 2913 1111 2994 σοφιστῇ,

101 3003 118 3071 ὁ
136 3007 171 3072 δέ
183 3002 369 3091 Ἀντίφιλος
383 3006 536 3093 ἰατρικήν
551 3005 615 3092 ἀρα
633 3006 776 3089 ἐμελέτα.
798 3007 853 3071 καί
869 3005 910 3090 δή
925 3002 1033 3071 ποτεὸ
1050 3003 1113 3089 μὲν

100 3104 292 3189 Δημήτριος
304 3108 418 3190 ἔτυχεν
430 3107 462 3183 ἐς
477 3102 538 3189 τήν
549 3113 723 3189 Αἰγύπτου
735 3100 918 3188 ἀποδημῶν
931 3099 1014 3169 κατά
1024 3103 1114 3169 θέαν

100 3208 168 3268 τῶν
182 3207 381 3288 πυραμίδων
401 3205 455 3271 καί
476 3210 538 3271 τοῦ
556 3207 750 3289 Μέμνονος·
781 3200 886 3288 ἤκουε
904 3199 969 3287 γάρ
990 3200 1114 3278 ταύτας

100 3295 232 3384 ὑψηλάς
253 3297 356 3379 ούσας
379 3300 423 3390 μή
441 3305 646 3388 παρέχεσθαι
665 3301 780 3387 σκιάν,
808 3298 869 3368 τὸν
890 3301 925 3368 δέ
947 3302 1113 3385 Μέμνονα

100 3401 185 3480 βοᾶν
200 3395 284 3482 πρὸς
297 3396 520 3468 ἀνατέλλοντα
541 3398 600 3468 τόν
611 3399 727 3489 Ιἥλιον·
756 3401 886 3467 τούτων
902 3399 1114 3487 ἐπιθυμήσας
