2575 3842
419 191 539 248 ΠΕΡΙ
558 190 834 271 mmm.
1068 189 1129 251 149

117 345 285 432 Ἐράτων,
303 343 346 424 ὡς
363 346 610 432 συγκωμάζοιεν
625 345 805 425 αὐτοῖςκαὶ
820 364 1045 435 συνορχοῖντο.
1074 350 1130 416 καὶ

120 444 269 530 θάτερον
286 444 321 512 δὲ
342 452 410 512 τῶν
430 442 588 533 ᾀσμάτων
603 485 640 495 -
658 446 721 511 δύο
737 444 801 531 γάρ
823 446 935 533 ᾅδεται
950 486 992 497 -
1006 448 1060 512 καὶ
1078 450 1129 513 δι-

122 548 305 610 δασκαλίαν
317 548 381 628 ἔχει
397 541 440 620 ὡς
455 541 515 630 χρῆ
528 540 717 627 ὀρχεῖσθαι·
739 544 862 626 Πόρρω
877 544 953 630 γάρ,
969 551 1082 630 φασίν,
1102 533 1129 609 ὦ

122 644 253 726 παῖδες,
269 640 355 707 πόδα
369 641 531 727 μετάβατε
544 643 598 707 καί
611 641 782 726 κωμάξατε
793 644 939 727 βέλτιον,
958 642 1129 707 τουτέστιν

122 736 262 822 άμεινον
280 735 477 823 ὀρχήσασθε.
506 735 604 822 ὅμοια
619 737 656 805 δὲ
671 741 725 804 καὶ
746 743 780 805 οί
794 736 852 805 τόν
873 735 980 823 ὅρμον
1003 735 1128 803 καλού-

121 860 225 921 μενον
239 831 436 920 ὀρχούμενοι
452 842 617 902 ποιοῦσιν.
641 842 690 902 12.
708 833 725 900 ὀ
744 837 779 902 δὲ
795 833 897 921 ὅρμος
913 832 1045 920 ὄρχησίς
1059 834 1127 900 ε’στι
1146 840 1196 895 275

122 928 218 1017 κοινῆ
234 931 370 1017 ἐφήβων
386 958 421 998 τε
445 934 499 999 καὶ
516 935 714 1018 παρθένων,
740 930 820 1017 παρ’
839 934 898 999 ἕνα
919 930 1129 1017 χορευόντων

122 1030 177 1095 καὶ
194 1025 238 1105 ὡς
250 1026 385 1113 ἀληθῶς
400 1026 493 1119 ὅρμῳ
505 1028 679 1097 ἐοικότων·
701 1034 755 1097 καὶ
765 1028 890 1115 ῆγεῑται
901 1025 990 1115 μὲνὸ
1004 1034 1128 1115 ἔφηβος

123 1124 160 1191 τά
173 1124 311 1193 νεανικά
323 1125 525 1213 ὀρχούμενος
536 1129 591 1195 καὶ
602 1127 694 1205 ὅσοις
705 1127 846 1211 ὕστερον
858 1133 893 1194 ἐν
905 1131 1035 1216 πολέμῳ
1047 1126 1128 1212 χρή-

121 1241 229 1308 σεται,
244 1220 265 1308 ῆ
284 1226 454 1308 παρθένος
469 1226 505 1291 δὲ
526 1225 638 1293 ἕπεται
655 1233 798 1311 κοσμίως
819 1222 854 1293 τό
871 1232 962 1311 θῆλυ
976 1224 1128 1310 χορεύειν

121 1322 342 1407 διδάσκουσα,
360 1320 403 1401 τός
418 1320 502 1390 εἶναι
515 1321 575 1391 τόν
587 1323 693 1413 ὅρμον
709 1328 746 1392 ἐκ
760 1324 981 1411 σωφροσύνης
996 1326 1050 1389 καὶ
1066 1320 1129 1387 ἀν-

122 1423 233 1505 δρείας
244 1419 460 1505 πλεκόμενον.
479 1422 533 1487 καὶ
545 1426 581 1487 αί
589 1427 825 1508 γυμνοπαιδίαι
836 1423 871 1489 δὲ
884 1420 995 1497 αύτοίς
1008 1417 1129 1505 ὁμοίως

121 1516 254 1601 ὄρχησίς
275 1520 374 1584 ἐστιν.
405 1522 454 1585 13.
477 1515 500 1583 δι’
519 1519 556 1585 δὲ
574 1517 717 1605 Ὅμηρος
737 1517 821 1603 ὑπὲρ
843 1516 1016 1603 Ἀριάδνης
1033 1520 1070 1583 ἐν
1089 1522 1128 1604 τῆ

121 1612 234 1681 ἀσπίδι
250 1621 408 1701 πεποίηκε
423 1616 554 1682 καὶτοῦ
568 1624 671 1702 χοροῦ
685 1614 725 1684 δν
742 1614 826 1705 αὐτῆ
841 1622 1007 1694 Δαίδαλος
1023 1613 1128 1700 ῆσκη-

121 1732 197 1797 σεν,
220 1709 264 1790 ὡς
279 1709 482 1796 ἀνεγνωκότι
503 1734 556 1781 σοι
570 1722 726 1800 παρίημι,
749 1718 803 1781 καὶ
817 1712 894 1793 τούς
914 1710 1075 1799 ὀρχηστάς
1092 1713 1127 1778 δὲ

122 1806 200 1885 τούς
215 1808 294 1892 δύο,
310 1807 369 1887 ούς
384 1808 478 1878 ἐκείό
494 1810 631 1898 ποιητής
646 1819 885 1897 κυβιστητῆρας
900 1821 1007 1895 καλεῖ,
1023 1808 1127 1895 ῆγον-

122 1911 242 1995 μένους
258 1916 320 1973 τού
336 1916 455 1993 χοροῦ,
471 1913 531 1977 ,καί
549 1910 666 1993 πάλιν,
689 1907 711 1975 δι’
732 1912 769 1975 έν
785 1916 824 1996 τῆ
845 1906 928 1995 αύτῆ
943 1906 1056 1975 ἀσπίδι
1071 1909 1127 1973 λε’-

120 2029 194 2097 γει;
213 2012 365 2090 ,,Κούροι
382 2003 414 2071 δ’
434 2005 632 2093 ὀρχηστῆρες
648 2009 816 2091 ἐδίνεον,“
839 2004 884 2082 οὸς
900 2032 930 2071 τι
948 2006 1125 2071 κάλλιστον
1144 2024 1195 2079 275

120 2108 218 2167 τοῦτο
232 2106 293 2166 τοῦ
308 2098 491 2186 Ἡφαίστου
504 2102 742 2190 ἐμποιήσαντος
762 2110 801 2190 τῆ
818 2100 939 2169 ἀσπίδι.
974 2100 1051 2177 τούς
1066 2102 1127 2185 μὲν

118 2196 184 2283 γὰρ
201 2205 350 2277 Φαίακας
366 2204 422 2267 καὶ
440 2202 532 2269 πάνυ
547 2199 634 2279 είκός
650 2195 694 2289 ῆν
707 2199 839 2288 ὀρχήσει
858 2206 984 2285 χαίρειν
1002 2196 1127 2285 ἁβρούς

120 2323 156 2363 τε
171 2295 269 2374 ὄντας
287 2300 342 2365 καί
360 2300 398 2365 ἐν
417 2299 507 2387 πάση
528 2297 723 2390 εύδαιμονίᾳ
738 2306 974 2386 διατρίβοντας.
1009 2294 1026 2364 ὁ
1042 2304 1128 2382 γοῦν

120 2392 266 2479 Ὅμηρος
278 2402 376 2464 τοῦτο
388 2394 500 2463 αὐτῶν
511 2398 652 2483 μάλιστα
662 2398 877 2485 θαυμάζοντα
893 2402 1051 2481 πεποίηκε
1068 2392 1128 2462 τόν

116 2492 277 2559 Ὀδυσσέα
304 2494 359 2560 καὶ
385 2491 443 2571 τάς
464 2492 683 2581 μαρμαρυγὰς
705 2502 773 2562 τάν
799 2498 913 2561 ποδῶν
940 2492 1124 2579 θεώμενον.

121 2596 171 2657 14.
191 2592 228 2657 ἐν
238 2592 300 2674 μέν
311 2618 349 2676 γε
360 2599 523 2682 Θεσσαλία
536 2600 699 2661 τοσοῦτον
709 2594 851 2661 ἐπέδωκε
867 2589 1128 2687 τῆςόρχηστικῆς

119 2686 140 2775 ῆ
158 2688 310 2775 άσκησις,
332 2687 415 2756 άστε
435 2688 514 2770 τούς
528 2686 713 2776 προστάτας
728 2694 783 2759 καὶ
796 2688 1048 2776 προαγωνιστὰς
1065 2688 1127 2755 αύ-

121 2794 189 2853 τῶν
205 2794 474 2874 προορχηστῆρας
490 2790 650 2859 ἐκάλουν·
672 2795 728 2858 καὶ
743 2795 882 2877 δηλοῦσι
898 2796 996 2856 τοῦτο
1012 2793 1048 2854 αί
1059 2794 1127 2853 τάν

121 2884 332 2966 ἀνδριάντων
353 2888 547 2973 ἐπιγραφαί,
571 2886 630 2966 ούς
650 2904 718 2967 τοῖς
735 2888 970 2974 ἀριστεύσασιν
992 2884 1127 2953 ἀνίστα-

63 2985 71 2999 ’
120 3005 199 3051 σαν·
239 2983 431 3071 Προύκρινε
459 2987 540 3072 γάρ,
569 2995 666 3073 φησί,
694 2995 944 3073 προορχηστῆρα
973 2982 993 3050 ἁ
1021 2984 1124 3061 πόλις.

88 3132 92 3137 ·
118 3085 174 3151 καὶ
189 3076 306 3170 αὖθις,
323 3089 500 3151 Εἰλατίωνι
514 3085 578 3151 τάν
590 3085 703 3152 εἰκόνα
718 3082 735 3152 ὁ
750 3089 853 3170 δᾶμος
864 3076 903 3150 εύ
914 3081 1126 3170 ὀρχησαμένῳ

117 3183 181 3251 τάν
195 3181 312 3270 μάχαν.
398 3252 415 3287 0

203 3286 253 3348 15.
276 3279 334 3348 Ἐῶ
347 3284 473 3367 λέγειν,
492 3278 543 3349 ὅτι
557 3279 692 3367 τελετήν
704 3278 782 3348 ούδὲ
795 3288 874 3366 μίαν
887 3280 1026 3368 ἀρχαίαν
1038 3286 1126 3348 ἔστιν
1143 3296 1194 3352 27⁶

118 3379 231 3465 εὑρεῖν
246 3375 330 3445 ἀνευ
348 3376 527 3488 ὀρχήσεως,
549 3377 694 3465 Ὀρφέως
716 3376 841 3466 δηλαδή
865 3381 919 3447 καὶ
933 3386 1125 3459 Μουσαίου,
