2575 3842
184 174 227 239 88
544 177 844 235 AOYKIANOY

184 336 364 421 φάρμακον
390 334 645 421 τεθαρρηκότως
673 337 821 419 ἐνέχεον,
852 341 959 403 καίτοι
986 338 1102 403 πολλοὶ
1128 344 1195 404 τῶν

184 434 363 515 παρόντων
373 429 574 499 ῦποόπτευον
587 431 649 517 τήν
663 432 759 498 δόσιν
773 434 829 499 καὶ
838 430 900 517 τήν
915 441 1005 499 ίασιν
1019 435 1195 517 διέβαλλον

184 530 238 595 καὶ
255 526 339 613 πρὸς
352 536 549 615 κατηγορίας
559 530 855 614 παρεσκευάζοντο.
884 536 912 597 5.
932 536 1045 616 παρῆν
1058 529 1094 596 δὲ
1108 526 1193 615 καίῆ

183 624 328 712 μητρυιά
338 630 532 713 φοβουμένη
541 629 596 694 καὶ
606 624 850 711 ἀπιστοῦσα,οῦ
861 634 904 717 τῷ
915 642 1024 712 μισεῖν
1036 630 1101 713 έμέ,
1110 622 1193 693 ἀλλά

182 731 229 812 τῷ
241 727 385 791 δεδιέναι
400 726 454 791 καὶ
469 722 615 810 ἀκριβῶς
625 726 747 793 εἰδέναι
758 725 912 811 πονήρως
926 728 1056 791 ἐκεῖνον
1067 727 1193 790 διακεί·

185 847 306 908 μενον·
334 820 492 908 ἠπίστατο
510 820 574 908 γάρ
591 824 677 908 μόνη
692 820 732 889 τά
749 822 857 889 πάντα
875 830 1027 889 συνοῦσα
1043 824 1097 889 καὶ
1113 818 1195 906 ὁμο-

187 923 310 996 δίαιτος
326 926 366 1007 τῆ
386 920 484 1009 νόσφ.
518 918 606 1005 πλήν
623 917 696 987 ἀλλ’
716 924 818 1005 ἔγωγε
840 918 941 987 οῦδὲν
962 917 1196 995 ἀποδειλιάσας

186 1062 226 1071 -
241 1016 431 1104 ἠπιστάμην
444 1018 509 1104 γάρ
525 1017 565 1086 οῦ
576 1018 769 1103 ψευσόμενά
780 1044 821 1104 με
834 1015 874 1085 τά
886 1032 1004 1104 σημεῖα
1020 1015 1098 1084 οῦδὲ
1110 1040 1195 1102 προ-

187 1118 363 1183 δώσουσαν
377 1114 438 1202 τῆν
455 1121 573 1203 τέχνην
588 1156 629 1198 7
646 1120 770 1202 ἐπῆγον
785 1113 846 1202 τήν
861 1125 952 1183 ίασιν
968 1118 1004 1183 ἐν
1018 1121 1122 1203 καιρῷ
1138 1120 1196 1198 τῆς

186 1215 433 1300 ἐπιχειρήσεως,
456 1223 563 1283 καίτοι
584 1213 686 1301 κάμοί
700 1241 787 1292 τινες
811 1222 878 1281 τῶν
901 1221 1009 1299 φίλων
1028 1210 1197 1298 συνεβού-

184 1319 286 1378 λευον
311 1309 356 1396 μῆ
384 1313 636 1398 θρασύνεσθαι,
669 1309 713 1397 μῆ
740 1314 795 1379 καὶ
819 1310 980 1397 διαβολήν
1001 1336 1074 1377 τινα
1097 1312 1194 1393 μείζω

185 1410 302 1497 ἐνέγκη
316 1434 372 1495 μοι
388 1407 424 1476 τό
441 1408 617 1495 ἀποτυχεῖν
630 1407 674 1487 ὡς
685 1407 885 1498 ἀμυνομένῳ
896 1405 957 1474 τὸν
968 1409 1092 1489 πατέρα
1105 1430 1192 1491 φαρ-

183 1507 279 1595 μάκῳ
291 1508 345 1572 καί
356 1505 638 1591 μνησικακήσαντι
654 1498 702 1573 ἀν
714 1505 916 1573 ἐπεπόνθειν
927 1502 986 1571 ὑπ’
1000 1502 1113 1571 αὐτοῦ.
1138 1505 1192 1570 καί

183 1600 219 1669 τὸ
236 1603 437 1687 κεφάλαιον,
459 1610 544 1682 σῶος
558 1604 619 1690 μὲν
637 1595 734 1681 οὗτος
757 1601 863 1682 εόδῦς
880 1596 923 1689 ῆν
938 1606 992 1669 καὶ
1008 1600 1193 1687 ἐσωφρόνει

183 1700 286 1766 πάλιν
303 1701 358 1767 καὶ
372 1702 480 1767 πάντα
495 1705 746 1787 διεγίγνωσκεν·
768 1706 801 1769 oc
814 1700 978 1785 παρόντες
990 1701 1025 1767 δέ
1040 1698 1194 1784 έδαῦμα-

184 1803 240 1876 ζον
249 1793 332 1881 καὶῆ
344 1796 488 1883 μητρυιά
498 1799 534 1865 δὲ
542 1798 655 1885 ἐπῄνει
665 1800 718 1865 καὶ
728 1796 859 1884 φανερά
870 1806 972 1865 πᾶσιν
981 1790 1024 1883 ήν
1032 1802 1194 1882 χαίρουσα

183 1892 282 1981 κάμοὶ
299 1892 532 1980 εὐδοκιμοῦντι
547 1893 691 1986 κάκείνφ
706 1902 949 1981 σωφρονοῦντι.
973 1887 1072 1973 οὗτος
1083 1891 1115 1960 δ’
1128 1886 1194 1960 οῦν

183 2032 226 2043 -
238 2007 420 2077 μαρτυρεῖν
434 1989 499 2079 γάρ
511 1991 600 2083 αὐτῷ
616 1998 679 2078 έχω
689 1994 823 2079 -μήτε
838 1993 1000 2079 μελλήσας
1014 1993 1094 2078 μήτε
1106 1990 1194 2074 σόμ-

181 2090 311 2175 βουλόν
335 2116 410 2157 τινα
431 2093 507 2175 περὶ
530 2090 661 2157 τούτων
684 2092 902 2177 προσλαβόν,
931 2086 1043 2175 ἐπειδή
1064 2086 1100 2155 τὸ
1125 2096 1195 2154 πᾶν

181 2186 305 2274 ῆκουσε
319 2197 387 2257 τῦν
403 2189 596 2274 παρόντων,
620 2196 696 2257 ἔλυε
714 2189 775 2273 μὲν
792 2186 853 2275 τῆν
868 2187 1093 2276 ἀποκήρυξιν,
1115 2184 1194 2254 υίὸυ

183 2288 219 2354 δὲ
234 2290 266 2365 ἐξ
283 2286 430 2372 ὑπαρχῆς
447 2287 588 2353 ἐποιεῖτό
599 2313 640 2371 με
658 2294 791 2373 σωτῆρα
806 2290 861 2355 καὶ
876 2285 1053 2373 εὐεργέτην
1064 2284 1193 2352 ἀποκα-

181 2391 266 2466 λῶν,
280 2386 334 2450 καὶ
344 2382 464 2469 ἀκριβῆ
475 2398 594 2468 πεῖραν
603 2387 776 2471 εἰληφέναι
788 2384 961 2472 ὁμολογῶν
971 2388 1026 2454 καὶ
1038 2387 1192 2470 περὶτῶν

181 2487 374 2565 ἔμπροσθεν
399 2485 537 2549 ἐκείνων
563 2480 844 2570 ἀπολογούμενος,
883 2493 981 2554 τοῦτο
1006 2485 1192 2571 γενόμενον

182 2577 344 2663 εὔφραινε
361 2581 422 2665 μὲν
445 2580 606 2667 πολλοῦς,
631 2580 706 2649 ὅσοι
728 2591 883 2670 παρῆσαν
903 2590 1055 2669 χρηστοί,
1078 2582 1194 2650 ἐλύπει

180 2676 217 2743 δέ
234 2680 399 2762 ἐκείνους,
416 2676 506 2757 ὅσοις
521 2677 725 2764 ἀποκήρυξις
740 2680 846 2767 ῆδίων
863 2680 1069 2769 ἀναλήψεως.
1100 2678 1192 2747 εἶδον

110 2790 162 2845 164
178 2782 264 2860 γοῦν
282 2776 355 2843 τότε
381 2774 423 2844 οῦ
442 2777 568 2856 πάντας
588 2776 712 2865 ὁμοίως
735 2777 920 2866 ἡδομένους
940 2789 986 2868 τῷ
1011 2780 1192 2865 πράγματι,

180 2870 253 2941 ἀλλ’
272 2872 378 2951 εῦδῦς
391 2902 482 2954 τινος
499 2878 553 2944 καί
572 2878 678 2962 χρόαν
695 2882 903 2965 τρεπομένην
917 2882 972 2947 καὶ
991 2881 1120 2965 βλέμμα
1136 2903 1192 2943 τε-

179 2976 389 3058 ταραγμένον
404 2977 459 3042 καὶ
472 2975 655 3057 πρόσωπον
667 2974 892 3064 ὠργισμένον,
910 2973 983 3045 οἷον
1000 2979 1036 3044 έιι
1052 2976 1192 3062 φθόνου

179 3076 234 3139 καὶ
250 3080 367 3158 μίσους
383 3079 519 3157 γίνεται.
550 3071 643 3160 ἡμεῖς
659 3075 724 3160 μὲν
740 3066 819 3161 οῦν,
844 3072 887 3152 ἀς
899 3072 937 3141 τὰ
955 3076 1059 3159 είκός,
1078 3077 1116 3142 ἐν
1134 3072 1195 3140 εῦη

180 3190 366 3257 φροσυναις
385 3173 440 3239 καὶ
461 3176 643 3257 θυμηδίαις
663 3165 750 3259 ήμεν
773 3170 938 3259 ἀλλήλους
960 3170 1193 3258 ἀπειληφότες.

178 3278 207 3337 θ.
225 3296 245 3353 η
257 3268 401 3355 μητρυιά
415 3272 450 3338 δέ
460 3270 542 3357 μετὰ
553 3268 676 3356 μικρὸν
690 3270 795 3351 εῦδῦς
806 3288 920 3341 νοσεῖν
930 3271 1062 3359 ἤρξατο,
1075 3271 1193 3357 νόσον,

178 3360 206 3433 τό
222 3364 342 3450 ἀνδρες
356 3374 523 3455 δικασταί,
538 3369 687 3457 χαλεπήν
702 3374 756 3439 καὶ
773 3372 982 3459 παράλογον·
1005 3370 1195 3457 ἀρχόμενον
