2575 3842
194 170 256 234 144
542 176 847 235 AOI'KIANOT
1238 221 1240 225 .

193 333 247 401 καὶ
266 330 372 417 μόνον
392 331 429 399 τό
447 330 595 418 σκληρόν
614 329 748 417 ἀγαθόν
768 330 955 419 ἡγούμενος
974 332 1032 403 ὑπ’
1050 332 1201 419 ἀπειρίας

194 426 305 495 αὐτῶν
319 438 519 515 κατηγορίας
532 427 607 509 ἀξια
625 428 710 496 εἶναι
724 430 912 516 νενόμικας.

125 541 176 595 666
279 532 308 593 2.
339 533 468 593 ΚΡΑΤ.
496 524 595 612 ’Λνήρ
611 530 652 593 δέ
668 553 717 604 τις
738 528 804 612 ὤν,
831 521 858 593 οἷ
879 536 1000 616 λῷστε,
1023 532 1077 597 καί
1097 536 1201 595 ταῦτα
1280 547 1281 598 λ

194 628 326 712 παιδείᾳ
344 624 534 709 σύντροφος
554 625 610 692 καὶ
628 631 811 713 φιλοσοφίᾳ
831 623 871 691 τά
886 628 1002 711 μέτρια
1017 622 1200 711 οἱμιληκεός,

194 721 370 808 ἀφέμενος,
388 713 415 789 ύ
429 730 565 806 Λυκῖνε,
580 728 641 789 τοῦ
656 722 731 807 περὶ
746 719 786 788 τά
801 728 919 807 βελτίω
931 721 1129 801 σπουδάζειν
1146 724 1201 789 καὶ

194 834 262 898 τοῖς
275 827 427 896 παλαιοῖς
440 833 608 903 συνεῖναι,
624 818 769 904 κάθηται
784 820 1068 904 καταυλούμενος,
1090 828 1200 905 θηλυ-

195 924 293 999 δρίαν
302 913 488 999 ἄνθρωπον
498 916 588 1000 ὁρῶν
599 919 717 1001 ἐσθῆσι
728 925 889 1001 μαλακαῖς
899 919 954 984 καὶ
964 914 1108 1006 ᾅσμασιν
1119 915 1202 985 ἀκο-

195 1014 329 1091 λάστοις
344 1014 617 1099 ἐναβρυνόμενον
631 1016 686 1081 καὶ
698 1014 906 1099 μιμούμενον
916 1012 1055 1102 ἐρωτικά
1067 1015 1201 1100 γύναια,
1281 1018 1282 1035 ’

195 1118 263 1179 τῶν
283 1112 386 1179 πύλαι
408 1109 467 1189 τάς
486 1112 706 1197 μαχλοτάτας,
734 1115 881 1196 Φαίδρας
902 1115 957 1179 καὶ
975 1111 1203 1198 Παρθενόπας

196 1213 251 1276 καὶ
265 1210 422 1287 Ῥοδόπας
435 1210 545 1293 τινάς,
565 1210 739 1275 καὶταῦτα
759 1209 867 1275 πάντα
884 1207 951 1276 ὑπό
968 1209 1132 1295 κρούμασι
1148 1210 1204 1274 καὶ

196 1314 403 1393 τερετίσμασι
424 1309 479 1373 καὶ
500 1310 615 1373 ποδῶν
629 1305 744 1395 κτύπῳ
764 1308 988 1391 καταγέλαστα
1009 1304 1053 1384 ὡς
1068 1304 1204 1391 ἀληθῶς

196 1406 373 1491 πράγματα
387 1408 443 1473 καὶ
462 1403 580 1490 ἥκιστα
600 1406 768 1491 ἐλευθέρῳ
786 1401 884 1488 ἀνδρὶ
904 1405 959 1490 ηαδ
975 1407 1034 1494 οἵῳ
1050 1405 1101 1470 σοὶ
1121 1404 1203 1487 πρέ-

196 1529 319 1585 ποντας
343 1502 426 1570 ὥστε
441 1508 545 1593 ἔγωγε
559 1501 755 1586 πυθόμενος
771 1500 815 1579 ότς
826 1504 878 1569 ἐπὶ
894 1502 1031 1589 τοιαύτη
1044 1505 1109 1589 θέᾳ
1124 1519 1204 1585 σχο-

197 1602 319 1681 λάζεις,
334 1597 396 1667 οὐκ
412 1597 561 1688 ᾐδέσθην
572 1598 678 1684 μόνον
689 1596 772 1684 ὑπὲρ
787 1606 866 1683 σού,
881 1596 964 1667 ἀλλά
978 1602 1032 1666 καὶ
1043 1596 1203 1684 ήυιάθηυ,
1284 1642 1285 1655 ι

198 1703 228 1764 εί
241 1698 422 1775 Πλάτωνος
442 1699 497 1764 καὶ
510 1702 712 1782 Χρυσίππου
728 1698 782 1764 καὶ
801 1694 1045 1782 Ἀριστοτέλους
1059 1693 1203 1761 ἐκλαθό-

197 1819 296 1879 μενος
310 1795 457 1881 κάθησαι
476 1792 513 1861 τδ
531 1793 650 1880 ὅμοιον
670 1791 849 1871 πεπονθός
869 1807 936 1871 τοῖς
951 1791 990 1859 τά
1006 1785 1074 1859 ότα
1094 1798 1204 1878 πτερῳ

197 1898 397 1979 κνωμένοις,
415 1897 583 1961 καὶταῦτα
595 1900 725 1979 μυρίων
737 1891 847 1959 άλλων
863 1889 971 1958 όντων
982 1887 1202 1975 ἀκουσμάτων

127 2008 179 2064 267
198 1994 253 2059 καί
271 1993 452 2078 θεαμάτων
466 1997 674 2077 σπουδαίων,
692 1997 720 2060 εί
733 1991 865 2059 τούτων·
875 2016 925 2067 τις
941 1992 1047 2057 δέοιτο
1061 1994 1130 2054 τῶν
1141 2014 1201 2053 κυ-

199 2095 324 2157 κλικῶν
340 2088 494 2176 αύλητων
510 2093 564 2157 καὶ
585 2096 654 2156 τῶν
668 2086 794 2176 κιθάρᾳ
813 2085 853 2153 τά
873 2092 997 2172 ἔννομα
1013 2082 1204 2172 προσῳδόν-

196 2212 280 2272 των,
296 2191 347 2255 καί
363 2188 504 2273 μάλιστα
519 2194 576 2271 τῆς
587 2194 709 2272 σεμνῆς
720 2189 904 2274 τραγῳδίας
917 2185 971 2250 καὶ
987 2189 1044 2267 τῆς
1059 2185 1203 2265 φαιδρο-

195 2284 294 2369 τάτης
309 2288 497 2373 κωμῳδίας,
515 2282 600 2367 άπερ
615 2284 671 2350 καὶ
685 2282 850 2366 ἐναγώνια
863 2279 1005 2367 ἠξίωται.
1034 2285 1064 2347 3.
1081 2285 1203 2362 πολλής

197 2373 278 2463 οὖν,
297 2373 324 2447 τό
333 2395 483 2466 γενναῖε,
497 2388 554 2466 τῆς
569 2379 751 2466 ἀπολογίας
766 2400 818 2447 σοι
830 2379 940 2465 δεήσει
954 2376 1036 2461 πρὸς
1049 2375 1128 2455 τοὺς
1144 2401 1203 2443 πε-

197 2482 453 2564 παιδευμένους,
471 2485 501 2547 εί
513 2480 628 2565 βούλει
639 2478 684 2566 μή
697 2479 909 2545 παντάπασιν
924 2481 1136 2562 ἐκκεκρίσθαι
1149 2477 1204 2543 καὶ

196 2581 254 2660 τῆς
276 2582 345 2643 τῶν
365 2580 558 2643 σπουδαίων
578 2574 696 2662 ἀγέλης
716 2579 942 2664 ἐξεληλάσθαι.
974 2582 1079 2644 καίτοι
1104 2576 1143 2641 τό
1165 2600 1203 2657 γε

197 2671 336 2757 ἀμεινου
351 2674 458 2742 ἐκεῖνό
478 2677 585 2758 ἐστιν,
609 2673 715 2762 οἶμαι,
745 2674 882 2764 ἀρνήσει
900 2673 937 2744 τό
955 2683 1023 2743 πᾶν
1043 2674 1203 2742 ἰάσασθαι

197 2772 252 2838 καί
266 2770 349 2856 μηδὲ
364 2769 426 2857 τήν
440 2771 546 2859 ἀρχήν
560 2771 737 2860 ὁμολογεῖν
753 2802 784 2842 τι
799 2782 953 2841 τοιοῦτον
969 2778 1203 2857 παρανενομῆ-

197 2878 282 2938 σθαί
292 2892 355 2938 σοι.
378 2869 461 2956 πρὸς
475 2870 507 2938 δ’
521 2865 585 2939 οὖν
598 2870 740 2940 τούπιδν
758 2872 820 2954 ὅρα
835 2872 926 2951 ὅπως
942 2870 987 2958 μή
1002 2872 1109 2958 λάθης
1124 2866 1200 2955 ἡμῖν

198 2972 230 3048 ἐξ
248 2967 373 3055 ἀνδρός
386 2976 447 3037 τοῦ
462 2971 563 3038 πάλαι
577 2972 674 3056 Λυδή
684 2998 732 3049 τις
745 2967 889 3058 ήΒάκχη
904 2972 1100 3057 γενόμενος,
1120 2966 1202 3052 ὅπερ

197 3064 239 3133 ού
253 3066 315 3134 σόν
332 3064 376 3134 ἀν
389 3072 535 3153 ἔγκλημα
550 3077 600 3152 εἴη
615 3069 739 3153 μόνον,
764 3068 847 3138 ἀλλά
862 3074 917 3139 καὶ
929 3067 1040 3155 ἡμῶν,
1062 3073 1093 3135 εί
1107 3067 1153 3152 μή
1167 3084 1203 3131 σε

196 3162 279 3231 κατά
304 3163 365 3232 τόν
388 3163 547 3233 Ὀδυσσέα
571 3174 632 3234 τοῦ
654 3175 763 3233 λωτοῦ
791 3166 1044 3244 ἀποσπάσαντες
1072 3168 1123 3233 ἐπὶ
1146 3163 1205 3241 τὰς

197 3262 356 3347 συνήθεις
371 3262 542 3350 διατριβάς
557 3265 781 3351 ἐπανάξομεν,
797 3267 877 3349 πρὶν
887 3266 995 3353 λάθης
1006 3267 1122 3355 τελέως
1137 3261 1203 3330 ὑπὸ

195 3367 263 3425 τῶν
280 3362 317 3425 ἐν
330 3366 375 3445 τῷ
391 3360 524 3450 θεάτρῳ
536 3361 714 3448 Σειρήνων
729 3366 978 3449 κατεσχημένος.
1001 3370 1107 3430 καίτοι
1119 3366 1204 3429 ἐκεῖ·
