2575 3842
488 180 720 232 PRAEFATIO.
1095 195 1145 232 xrrr

21 317 31 362 ἰ
59 309 209 386 τοτοβαλάν
222 319 314 383 scripsi
323 333 369 383 pro
383 309 548 385 ῦποβάλλων
570 319 630 371 ibid.
643 309 738 386 νύσσε]
748 313 828 370 νύττε
837 321 914 372 Dind.
941 337 962 370 c.
975 320 1009 371 10
1021 316 1143 379 πλείους,

59 390 230 438 coniecturam
248 402 347 448 mecm,
371 388 456 452 recepi
474 403 531 436 cum
549 389 607 438 eod.
625 403 672 453 prc
692 388 777 438 πλείω
818 391 878 440 ecia.
896 387 990 452 κῦψον
1008 404 1067 439 cum
1085 389 1143 442 τοῦ.

59 474 107 507 rec.
127 471 178 522 pro
200 448 313 520 κρύψον
346 456 406 508 ibid.
427 454 579 522 κελευσθῇς
597 472 656 506 cum
672 459 729 508 eod.
750 473 800 512 rec.
826 474 872 524 pro
890 455 1050 511 κελευσθείς
1084 457 1145 507 ibid.

58 516 232 589 ῦφελκεσιιιο
248 526 306 579 eod.
322 540 370 590 pro
385 517 470 590 ῦφελε
497 526 558 575 ibid.
575 519 707 589 πάραηιαι
737 519 859 590 παράψα
875 528 911 582 id.
943 545 966 578 c.
979 527 1011 577 11
1027 514 1144 589 ἦλθετδ

58 610 113 644 cum
127 595 189 648 eod.
205 609 251 659 prc
265 580 356 658 ἦλθεν
373 584 402 652 ές
416 584 448 642 τὸ
481 595 542 648 ibid.
561 593 703 658 μᾶλλονδ
733 612 790 644 cum
808 597 864 648 eod.
882 611 930 660 μισ
947 593 1052 659 μᾶλλον
1081 595 1144 644 ibid.

20 665 31 690 ⁵
58 654 216 730 ἐπιτρέψοι]
234 654 377 726 ἐπιτρέψει
393 664 429 718 id.
465 678 487 715 c.
505 664 537 713 12
552 655 699 730 γινόμενα]
715 657 865 729 γιγνόμενα
882 666 919 715 id.
948 665 1008 715 ibid.
1025 655 1056 714 έν
1071 655 1146 731 αύτῷ

57 749 113 782 cum
132 731 192 784 eod.
212 735 259 797 prb
277 726 307 783 έν
325 723 399 782 αύτώ
432 732 492 783 ibid.
509 728 647 796 πετομένη
666 725 715 783 διά
733 735 792 784 dedi
809 750 854 799 pro
872 728 1010 817 πετομένη
1027 726 1079 794 ἔξω
1097 726 1146 780 διά

58 818 80 852 c.
93 801 128 853 13
147 792 259 866 ἑαυτοῦ]
275 782 395 866 ἐμαυτοῦ
408 802 444 855 id.
471 801 532 851 ibid.
544 793 703 867 α’νθροέπου
715 799 764 852 καὶ
781 819 839 853 cum
854 805 912 853 eod.
928 818 976 869 prc
987 795 1146 867 ανθροέπου

57 864 117 919 εἶτα
131 865 182 919 καὶ
208 871 270 920 ibid.
280 868 406 936 γίνομαι]
419 869 548 936 γίγνομαι
558 873 595 922 id.
620 874 681 926 ibid.
695 862 762 921 ὅποι
779 889 836 923 cum
853 872 910 922 εστὶ
926 887 973 937 prc
988 862 1064 922 ὅπου
1081 871 1144 921 ibid.

56 934 206 1005 τέσσαρας]
221 931 353 1002 τέτταρας
369 941 405 991 id.
431 940 490 990 ibid.
506 933 604 1008 αῦτδν]
617 931 738 1004 έμαυτὸν
752 943 788 994 id.
819 958 842 993 c.
853 943 886 992 14
902 940 1028 1008 φίλτατε]
1043 925 1068 988 ά
1084 937 1146 1002 φίλ-

43 1021 121 1057 τατε
136 1009 174 1058 id.
203 1025 225 1058 c.
241 1008 273 1060 16
287 1004 337 1058 καὶ
349 1000 448 1076 ούτως]
462 1003 510 1057 καί
526 998 598 1058 οῦτοι
612 1012 649 1060 id.
679 1011 739 1063 ibid.
750 1002 838 1068 ἄλλοις
851 1011 936 1076 recepi
948 1027 1006 1061 cum
1022 1011 1080 1062 eod.
1098 1023 1145 1090 pro

57 1069 122 1126 άλλο
144 1093 167 1129 c.
189 1077 222 1126 17
238 1074 405 1196 γινηιέναν]
418 1072 591 1143 γιγνομένων
608 1080 644 1133 id.
676 1095 698 1128 c.
708 1079 743 1130 20
754 1077 805 1143 τῆς
821 1071 889 1128 ὁδοῦ
905 1072 1019 1141 λοιπόν,
1038 1074 1086 1127 καὶ
1102 1093 1146 1128 οτι

57 1142 265 1209 ααταμενοῦσιν
303 1145 362 1196 νθα
381 1139 594 1213 καταλύσουσιν]
619 1151 656 1198 ita
679 1148 739 1198 dedi
758 1156 894 1213 praeeunte
915 1149 1006 1200 codem
1026 1163 1072 1213 pro
1095 1146 1146 1210 τῆς

57 1213 143 1276 ὀδοῦ,
160 1209 210 1263 καὶ
222 1204 265 1264 ὅτι
277 1207 462 1266 καταλύσουσι
475 1209 590 1279 λοιπόν,
604 1209 679 1266 ἔνθα
692 1211 895 1279 καταμένουσιν
922 1217 983 1268 md.
998 1208 1093 1265 έκάετσ
1108 1217 1144 1266 id.

19 1297 22 1308 ¹
57 1285 116 1334 eid.
132 1272 234 1348 οὕτως]
254 1273 327 1335 οῦτοι
347 1287 382 1336 ic.
416 1286 478 1335 ibid.
497 1280 546 1334 καλ
564 1295 622 1352 post
644 1279 730 1335 ἔνθεν
753 1285 790 1340 id.
807 1286 888 1335 eiecit.
920 1301 944 1337 c.
966 1288 997 1336 21
1017 1277 1144 1351 έπειδάν]

59 1344 154 1401 ἔπειθ’
170 1353 208 1404 id.
238 1353 299 1403 ibid.
314 1348 364 1404 ἕνα
378 1355 438 1404 clim
456 1356 529 1404 uncis
545 1355 704 1405 incluserem.
743 1370 765 1404 c.
785 1356 820 1404 22
837 1352 956 1420 γίνεται]
969 1353 1092 1419 γίγνεται
1107 1356 1144 1406 ὶδ.

59 1439 79 1473 c
90 1421 125 1473 23
135 1367 216 1487 grets]
227 1414 292 1485 ίμᾶς
301 1425 337 1477 id.
355 1424 417 1475 ibid.
430 1415 603 1492 λαμβάνεταί
614 1424 659 1489 με]
673 1416 847 1488 λαμβάνεταί
857 1437 913 1487 μου
922 1425 958 1478 id.
986 1425 1047 1477 ibid.
1058 1421 1146 1489 γραῦν

59 1487 145 1556 δίκην
159 1488 269 1555 Δίρκης
282 1482 310 1553 ἐξ
329 1482 409 1559 ὄνου]
429 1494 467 1542 ita
482 1493 514 1543 de
533 1491 637 1542 Gesneri
652 1495 799 1543 coniectura
817 1508 863 1558 pro
883 1491 972 1558 γραῦν
986 1490 1097 1556 Δίρκην
1115 1482 1145 1552 έξ

56 1553 135 1613 ὄνου.
156 1560 236 1610 Dind.
256 1559 345 1625 γραῦν
365 1559 450 1625 δίκην
470 1555 572 1624 κέρκον
589 1553 617 1621 έξ
638 1551 709 1611 ὄνου
747 1577 771 1610 c.
788 1563 823 1612 24
840 1556 999 1628 παρθένος]
1018 1555 1145 1624 παρθένε

58 1630 92 1679 id.
128 1645 152 1680 c.
172 1629 208 1680 25
227 1623 288 1679 εἷτα
303 1624 408 1694 θέρους
427 1633 512 1696 recepi
529 1646 576 1695 pro
594 1625 655 1680 εἶτα
671 1624 704 1680 τδ
719 1623 824 1694 θέρους
858 1632 920 1684 ibid.
937 1628 1144 1696 mvcpcc'wccg

58 1693 244 1762 καθέψεσθαι
259 1698 336 1750 Dind.
365 1717 387 1750 c.
403 1699 437 1752 26
452 1690 564 1766 έαυτὸν]
578 1691 699 1763 έμαυτδν
709 1700 746 1749 id.
775 1699 837 1750 wid.
852 1693 918 1768 ἔσω]
935 1698 1001 1751 εἴσω
1012 1701 1047 1750 id.
1076 1716 1098 1749 c.
1112 1702 1144 1749 27

58 1758 340 1835 συναποδράσαντος]
369 1761 602 1833 συναποδράντος
622 1771 658 1822 id.
697 1769 759 1821 ibid.
783 1772 870 1834 recepi
895 1785 953 1819 cum
975 1771 1031 1819 ecd.
1058 1768 1145 1818 Solem

58 1838 233 1887 coniecturam
251 1831 328 1902 παρὰ
349 1836 400 1903 τῆς
417 1831 589 1903 κεκτημένης
608 1853 655 1903 prc
673 1840 734 1895 τοῖς
752 1832 933 1901 κεκτημένοις
967 1855 990 1888 c.
1011 1839 1045 1888 28
1065 1829 1143 1902 ὅλας]

58 1897 124 1963 ύλάς
139 1905 175 1955 id.
195 1916 296 1958 anctore
306 1907 435 1961 Dorvillio.
453 1909 489 1956 ita
504 1916 529 1958 et
544 1908 618 1957 infre.
648 1908 709 1957 ibid.
721 1897 858 1973 άρσένων]
873 1898 1001 1972 α’ρρένων
1014 1909 1051 1958 id.
1076 1924 1098 1959 c.
1111 1906 1144 1956 22

43 1967 252 2042 ·άνυπο’δητος]
275 1967 476 2040 άνυποδήτουν
494 1976 530 2028 id.
566 1976 627 2028 ibid.
654 1969 852 2044 προσβάλλειν,
877 1993 891 2026 ο
915 1992 955 2025 me
975 1978 1144 2042 propositum,

60 2060 115 2093 cum
131 2044 193 2098 ecd.
210 2047 296 2112 recepi
308 2061 354 2111 prc
370 2043 539 2114 προσβαλεῖν
570 2061 592 2099 c.
609 2044 643 2096 30
656 2035 693 2093 ἄν
709 2043 789 2111 ποτε]
806 2042 837 2095 εί
849 2059 917 2093 ποτε
935 2045 969 2094 id.
1000 2045 1066 2112 ibid.
1079 2035 1146 2093 άπε·

60 2103 503 2234 cccccccccc-3432
517 2104 818 2234 vererere
837 2103 1055 2247 eiceret
1069 2113 1143 2232 κι-

59 2252 117 2307 οιι.
133 2197 219 2318 λέγει]
233 2199 307 2316 cpi
323 2255 358 2303 ιε.
387 2254 450 2306 terr.
461 2198 571 2319 εὲιάλι]
588 2199 707 2317 ἐάσοιεν
721 2254 757 2302 ιο.
784 2197 1143 2332 0.‘34ceci⁶03⁴1'v1cerav-

60 2337 110 2370 ταν
119 2321 157 2371 irL
187 2321 247 2375 ibid.
260 2313 394 2388 ἆρπάξαι]
408 2313 533 2382 ἁρπάσαι
548 2323 584 2377 id.
615 2323 677 2375 ibid.
690 2313 821 2386 δυνατὸς]
836 2311 956 2377 δυνατὸς
971 2335 1010 2383 ην
1025 2320 1061 2369 id.
1085 2320 1146 2374 ibid.

17 2421 20 2448 ι
60 2385 180 2452 Βέροιαν
197 2393 314 2440 revocavi
337 2406 384 2456 prc
402 2387 538 2455 Βέρροιαν
579 2407 600 2440 ο.
618 2392 653 2443 35
671 2383 795 2455 εὔφημος
828 2380 954 2452 εὔφωνος
970 2390 1046 2441 Βὶοδ
1083 2389 1144 2440 ibid.

58 2451 293 2522 ὑπολελειμμένον
303 2461 389 2525 recepi
398 2476 445 2525 pro
457 2451 692 2523 α’πολελειμμένον
710 2476 732 2510 c.
743 2459 776 2511 37
821 2449 869 2525 ἄν]
879 2450 976 2523 ἐπειδὴ
989 2459 1066 2512 Dind.
1082 2459 1144 2511 ibid.

61 2523 238 2596 είλίσοοντες]
260 2522 413 2586 έλίσσοντες
432 2531 469 2580 id.
508 2529 569 2580 ibid.
589 2520 716 2594 ἐπειδάν]
740 2519 837 2612 έπειδτ]
856 2529 891 2577 id.
931 2544 952 2577 c.
973 2527 1007 2579 38
1026 2525 1145 2645 rivaret)

59 2597 185 2661 γίγνεται
199 2597 235 2651 id.
264 2599 324 2648 ibid.
336 2589 436 2655 νυκτὸς
454 2591 540 2648 ἔνθεν
556 2614 608 2648 rec.
622 2614 670 2663 pro
688 2590 789 2654 νυκτὸς
804 2589 892 2654 ευθῦς
908 2590 994 2646 ἔνθεν
1017 2597 1078 2646 ibid.
1090 2589 1122 2646 ύλ
1134 2625 1147 2634 -

59 2665 121 2734 γον]
140 2657 239 2730 ύλίγου
257 2669 293 2718 id.
313 2683 371 2718 cum
389 2667 455 2718 eliis.
493 2683 516 2717 c.
534 2667 568 2718 39
588 2660 682 2732 γύναι]
701 2652 726 2715 ά
743 2659 826 2731 γύναι
844 2669 882 2717 id.
916 2682 937 2716 c,
957 2667 992 2718 40
1009 2659 1147 2714 κινδύνου

58 2753 109 2790 rec.
129 2751 178 2801 pro
199 2732 336 2786 κίνδυνον
376 2754 398 2786 c.
421 2739 454 2787 41
476 2734 576 2800 γονίας
594 2753 646 2787 rec.
665 2750 723 2786 cum
741 2737 799 2786 eod.
819 2752 868 2802 prc
885 2733 1033 2800 privatulae
1070 2751 1092 2786 c.
1112 2734 1147 2786 43

59 2798 74 2853 ὁ
94 2795 237 2867 δεσπότης
252 2822 304 2860 rec.
321 2821 367 2871 pro
386 2798 402 2854 ὃ
422 2799 453 2855 δέ
471 2798 610 2870 δεσπότης
647 2806 709 2855 ibid.
728 2797 836 2869 πάγον,
861 2805 971 2855 chreei
991 2803 1147 2854 emendatio-

60 2888 133 2935 nem,
153 2888 212 2924 cum
230 2875 289 2925 eod.
304 2877 389 2940 recepi
406 2890 453 2940 pro
469 2867 555 2924 πάλιν
591 2890 613 2924 c.
631 2877 667 2925 44
683 2864 764 2936 ἡμῶν
788 2863 816 2931 ές
834 2865 889 2937 τὴν
906 2865 990 2922 πόλιν
1005 2873 1097 2935 scripsi
1115 2873 1147 2922 de

60 2941 184 2994 Gourierii
198 2945 344 2993 coniectura
362 2959 409 3030 pro
422 2935 503 3008 ἡμῶν
516 2934 545 3002 ές
559 2935 609 2992 τὸν
623 2941 718 3007 κῆπον
747 2944 808 2994 ibid.
823 2934 935 3007 άπάγει]
948 2933 1053 3004 άπάγοι
1068 2940 1146 2996 Dind.

60 3029 80 3061 c.
92 3013 127 3064 45
141 3004 174 3062 δέ
187 3003 332 3095 ὑστεραίᾳ]
347 3009 365 3061 δ
389 3004 522 3083 ὑστεραίᾳ
537 3015 573 3064 id.
588 3015 623 3062 ita
636 3027 661 3062 ει
673 3027 727 3077 στρ.
738 3012 783 3065 46.
813 3029 836 3066 c.
848 3012 883 3064 46
894 3003 1010 3076 ἐγίνετο]
1023 3001 1148 3091 έγίηνετο

59 3083 93 3132 id.
129 3098 151 3130 c.
169 3081 205 3132 48
222 3080 279 3131 τῶν
298 3079 384 3132 αυτοῦ
401 3098 458 3132 cum
478 3084 534 3134 eod.
554 3079 674 3148 μεστῶν
694 3071 780 3130 αύτού
814 3081 877 3132 ibid.
897 3071 981 3145 εύθύ]
1004 3069 1092 3135 εύθυς
1111 3081 1146 3128 id.

60 3150 118 3201 ibid.
137 3144 415 3215 σκεύη-πολυτελῆ
432 3153 518 3217 recepi
536 3167 583 3217 pro
602 3142 688 3213 σκευή
696 3143 894 3212 -πολυτελιίς
930 3165 954 3202 c.
973 3147 1008 3198 49
1026 3145 1077 3211 τῆς
1095 3142 1148 3212 μά-

61 3235 110 3283 γης
126 3211 197 3287 ἤδη]
215 3218 265 3285 τῆς
278 3210 334 3284 ἤδη
350 3212 442 3285 μάχης
456 3220 533 3271 Dind.
567 3221 628 3270 ibid.
644 3218 701 3268 τῶν
716 3211 803 3269 αὑτοῦ
818 3219 946 3269 σωυτοῦ.
963 3233 1010 3283 pro
1027 3216 1084 3266 τῶν
1099 3207 1148 3266 αύ-

61 3286 107 3338 τοῦ
145 3306 170 3343 c.
192 3290 227 3342 50
253 3281 479 3356 ἀναπαύσεσθαι]
497 3281 721 3339 ἀναπαύσασθαι
739 3290 775 3340 id.
813 3305 836 3339 c.
858 3288 891 3339 cl
916 3281 1003 3353 έκαιε]
1025 3279 1089 3335 ἔκαε
1110 3286 1146 3336 id.

60 3359 118 3412 iiia.
137 3351 223 3409 ον’δέν
240 3356 333 3408 τετοῦ
350 3360 409 3410 dedi
424 3375 481 3409 eum
497 3361 554 3411 eod,
569 3359 685 3409 Dobreec
701 3367 804 3409 auctore
822 3357 904 3422 (Adv.
918 3373 945 3422 p.
955 3355 1021 3422 504)
1036 3372 1084 3421 pro
1102 3345 1148 3404 ού-

61 3419 107 3476 civ
122 3425 221 3493 τρίτου
248 3429 310 3480 ibid.
323 3420 513 3494 σίστρημένος]
532 3421 707 3498 ρίοτρημένος
719 3429 754 3479 ἰδ.
782 3427 845 3479 ibid.
861 3421 1074 3491 προκαλουμένη
1088 3439 1147 3474 cum
