2575 3842
228 168 570 235 ΑΛΕΞΑΝΔΡΟΣ
583 174 610 227 Η
637 172 1018 231 ΨΕΤΔΟΜΑΝΤΙΣ.
1063 166 1123 233 121

115 327 180 408 τήν
192 326 410 413 Ἀλεξάνδρου
426 333 559 418 μητέρα.
583 328 703 415 εὕρητο
719 334 754 396 δὲ
767 327 913 416 χρησμός
926 326 990 417 ήδη
1006 326 1050 407 ὡς
1060 336 1125 396 Σι-

30 506 34 511 .
117 427 243 515 βύλλης
257 430 608 513 προμαντευσαμένης·
699 462 706 473 ·

181 522 345 604 Εὐξείνου
359 526 504 593 Πόντοιο
521 522 600 609 παρ’
616 523 713 613 ήόσιν
726 523 800 610 ύχχι
817 524 975 610 Σινώπης

183 628 272 689 ἔσται
288 649 337 700 τις
351 620 433 689 κατά
453 624 580 706 Τύρσιν
591 620 652 689 ὑπ’
666 621 860 690 Αὐσονίοισι
877 622 1059 710 προφήτης,

183 724 218 786 ἐκ
236 720 368 806 πραότης
383 719 517 799 δεικνύς
533 721 679 808 μονάδος
696 728 841 807 τρισσῶν
858 720 1010 787 δεκάδων
1025 745 1061 786 τε

181 815 281 884 πένθ’
299 820 409 904 ἐτέρας
425 820 572 904 μονάδας
586 821 640 886 καὶ
656 818 812 887 εἰκοσάδα
827 818 1059 904 τρισάριθμον,

182 913 306 1001 ἀνδρὸς
319 913 516 1003 ἀλεξητῆρος
530 913 725 1002 ὁμωνυμίην
741 916 973 999 τετράκυκλον.

204 1016 253 1079 12.
270 1010 436 1099 Ἐσβαλωυ
448 1005 539 1079 ούνὸ
556 1011 767 1095 Ἀλέξανδρος
781 1011 862 1099 μετά
875 1012 1028 1099 τοιαύτης
1040 1038 1121 1095 τρα-
1140 1034 1191 1088 220

118 1114 241 1198 χφδίας
262 1107 316 1176 διά
336 1117 463 1177 πολλοῦ
484 1111 516 1187 ἐς
537 1109 599 1196 τήν
620 1116 760 1193 πατρίδα
777 1111 992 1197 περίβλεπτός
1012 1136 1047 1177 τε
1070 1111 1124 1177 καὶ

119 1200 331 1293 λαμπρόςήν,
343 1211 523 1293 μεμηνέναι
538 1206 826 1291 προσποιούμενος
835 1205 1011 1293 καὶάφροῦ
1021 1209 1124 1275 ἐνίοτε

118 1303 416 1390 ὑποπιμπλάμενος
426 1304 464 1372 τὸ
477 1306 597 1391 στόμα
614 1309 736 1394 ῥᾳδίως
748 1307 783 1373 δὲ
794 1313 894 1373 τούτο
905 1301 1052 1389 ὑπῆρχεν
1063 1302 1125 1370 αύ-

118 1409 181 1492 τῷ,
200 1410 384 1487 στρουθίου
397 1411 454 1488 τῆς
470 1410 613 1490 βαφικῆς
625 1403 767 1489 βοτάνης
781 1400 843 1489 τήν
856 1406 948 1491 ῥίζαν
963 1406 1124 1486 διαμαση-

120 1502 267 1590 σαμένῳ·
287 1515 354 1579 τοίς
365 1502 402 1569 δέ
414 1502 513 1569 θεῖόν
523 1529 553 1570 τι
566 1504 620 1569 καί
631 1501 779 1589 φοβερόν
791 1502 897 1569 ἐδόκει
910 1503 964 1568 καί
976 1497 993 1566 ὁ
1006 1499 1123 1585 άφρός.

121 1601 295 1683 ἐπεποίητο
305 1601 340 1665 δὲ
351 1596 462 1677 αύτοῑς
471 1600 574 1667 πάλαι
585 1602 639 1666 καὶ
651 1600 891 1667 κατεσκεύαστο
903 1596 1028 1684 κεφαλή
1042 1598 1125 1682 δρά-

120 1722 238 1774 κοντος
252 1694 394 1782 όθονίυη
409 1695 709 1782 ἀνθρωπόμορφόν
725 1725 756 1764 τι
768 1700 1005 1781 ἐπιφαίνουσα,
1022 1696 1124 1762 κατά-

118 1818 260 1877 γραφος,
275 1792 366 1859 πάνυ
380 1799 565 1881 εἰκασμένη,
583 1792 649 1862 ὑπὸ
661 1796 772 1877 θριξὶν
784 1799 927 1873 ἱππείαις
941 1792 1123 1879 άνοίχουσά

119 1891 224 1956 τεκαὶ
240 1882 341 1968 αὖθις
352 1893 561 1959 ἐπικλείουσα
576 1887 613 1957 τό
629 1892 751 1976 στόμα,
769 1893 823 1958 καί
834 1898 961 1975 γλῶττα
976 1894 1029 1958 οία
1042 1890 1124 1975 δρά-

121 2011 238 2064 κοντος
253 1984 343 2071 διττή
359 1990 497 2072 μέλαινα
511 1989 733 2072 προέκυπτεν,
754 1983 820 2054 ὑπό
836 1996 957 2072 τριχῶν
972 1989 1025 2053 καὶ
1040 1984 1122 2069 αύτή

120 2086 291 2168 ἑλκομένη.
315 2087 369 2151 καί
387 2082 404 2151 ὁ
421 2093 582 2163 Πελλαῖος
597 2087 633 2151 δέ
651 2085 784 2167 δράκων
798 2092 991 2169 προϋπῆρχε
1005 2086 1059 2149 καὶ
1074 2092 1126 2149 οί-

118 2207 173 2248 κοι
192 2183 362 2267 ἐτρέφετο,
388 2180 470 2250 κατά
491 2181 611 2267 καιρόν
632 2182 918 2267 ἐπιφανησόμενος
939 2176 1051 2256 αύτολς
1071 2181 1125 2245 καὶ

119 2280 426 2367 συντραγῳδήσων,
442 2279 620 2365 μᾶλλονδὲ
636 2276 913 2366 πρωταγωνιστής
928 2277 1092 2363 ἐσόμενος.

206 2381 255 2443 13.
273 2373 358 2461 Ἤδη
374 2377 410 2444 δέ
431 2376 590 2461 ἄρχεσθαι
606 2381 698 2463 δέον,
725 2385 908 2465 μηχανᾶται
927 2376 1058 2443 τοιόνδε
1078 2400 1124 2441 τι·

118 2476 254 2557 νύκτωρ
267 2472 330 2560 γάρ
343 2473 454 2543 ἐλθόν
465 2478 517 2544 ἐπί
531 2473 608 2553 τούς
618 2484 796 2561 θεμελίους
809 2483 870 2544 τού
884 2473 950 2543 υεόι
961 2473 1039 2552 τούς
1052 2473 1125 2558 άρτι

120 2572 365 2657 ὀρυττομένους
377 2615 416 2625 -
433 2574 641 2659 συνειστήκει
656 2573 692 2642 δέ
707 2578 743 2641 έν
757 2573 869 2654 αὐτοῖς
880 2574 972 2659 ύδωρ
989 2570 1010 2660 ῆ
1025 2572 1126 2641 αύτό-

119 2681 186 2737 θεν
208 2670 316 2737 ποθὲν
338 2672 598 2757 συλλειβόμενον
616 2668 638 2757 ῆ
663 2676 695 2752 ἐξ
715 2672 864 2759 ούρανοῦ
886 2674 990 2739 πεσόν
1006 2712 1049 2723 -
1069 2674 1124 2737 έν·
1143 2689 1191 2744 221

120 2775 232 2835 ταῦθα
247 2775 459 2836 κατατίθεται
469 2769 602 2855 χήνειον
614 2768 684 2858 χόόυ
698 2774 1007 2855 προκεκενωμένον,
1026 2772 1125 2835 έυδον

121 2866 292 2951 φυλάττου
308 2866 447 2948 ἑρπετόν
461 2894 491 2933 τι
513 2866 765 2954 άρτιχέυυητον,
793 2871 848 2938 καὶ
869 2875 1013 2954 βυθίσας
1027 2874 1125 2933 τοῦτο

121 2966 159 3031 ἐν
172 2971 265 3053 μυχῷ
280 2972 340 3031 τοῦ
355 2972 463 3050 πηλοῦ
480 2962 585 3032 ὀπίσω
599 2958 701 3043 αὖθις
715 2964 944 3051 ἀπηλλάττετο.
969 2964 1078 3030 ἕωθεν
1090 2967 1126 3029 δε

121 3060 249 3148 χυμυός
263 3065 296 3140 ές
311 3060 371 3147 τῆυ
387 3060 516 3148 άχοράν
530 3064 761 3150 προπηδήσας,
783 3062 928 3146 διάζωμα
943 3062 979 3127 δέ
996 3063 1071 3142 περὶ
1088 3086 1123 3126 το

122 3165 250 3227 αίδοίον
264 3166 348 3245 έχων
362 3161 588 3247 κατάχρυσον,
603 3163 658 3228 καί
672 3168 769 3227 τούτο
781 3161 835 3227 καὶ
845 3154 906 3243 τήν
918 3156 1030 3244 άρπην
1042 3160 1127 3225 ἐκεί·

123 3284 187 3344 νην
202 3260 332 3343 φέρων,
355 3265 454 3326 σείων
476 3256 544 3345 άμα
563 3257 626 3345 τῆν
641 3258 749 3343 κόμην
769 3255 888 3323 άυετου
906 3254 1016 3339 ὥσπερ
1035 3260 1069 3324 οί
1088 3262 1127 3345 τῆ

122 3359 219 3443 μητρὶ
241 3354 429 3443 ἀγείροντές
448 3383 482 3424 τε
502 3359 557 3424 καὶ
579 3355 830 3442 ἐνθεαζόμενοι,
858 3355 1055 3441 ἐδημηγόρει
1076 3358 1126 3424 ἐπὶ
