2575 3842
185 186 247 250 124
532 190 843 249 ΛΟΥΚΙΑΝΟΥ

184 348 387 433 συγγνώμην
397 345 458 433 χρὴ
471 345 651 433 ἀπονέμειν
661 360 728 424 τοῖς
738 347 938 431 Παφλαγόσι
949 349 1003 415 καὶ
1013 354 1192 423 Ποντικοῖς

184 448 338 530 ἐκείνοις,
361 448 477 531 παχέσι
490 447 543 513 καὶ
559 442 769 522 ἀπαιδεύτοις
791 442 1001 529 ἀνθρώποις,
1026 449 1056 510 εί
1070 446 1192 528 ἐξηπα-

183 544 335 629 τήθησαν
362 540 542 628 ἁπτόμενοι
564 550 625 610 τοῦ
651 542 832 628 δράκοντος
852 582 895 593 -
917 544 971 609 καί
999 539 1063 627 γάρ
1091 547 1190 607 τοῦτο

114 659 165 712 225
184 654 317 725 παρεῖχε
337 654 403 718 τοῖς
425 641 641 727 βουλομένοις
663 637 680 706 ὁ
704 636 914 723 Ἀλέξανδρος
931 680 973 691 -
988 635 1131 723 ὁρώντες
1154 639 1191 703 ἐν

184 736 324 827 ἀμυδρῷ
337 744 382 827 τῷ
399 740 483 822 φωτὶ
501 735 563 823 τὴν
578 735 729 822 κεφαλὴν
744 742 850 823 δῆθεν
864 734 968 802 αὐτοῦ
985 732 1184 820 ἀνοίγονσάι

185 860 218 901 τε
235 836 290 900 καὶ
305 841 547 919 συγκλείουσαν
561 832 597 901 τὸ
615 835 735 919 στόμα,
755 833 837 901 ὥστε
854 834 944 900 πάνυ
961 831 997 899 τό
1013 832 1191 918 μηχάνημα

185 934 287 997 ἐδεῖτο
304 938 518 1018 Δημοκρίτου
531 928 658 1017 τινδςῆ
676 933 730 999 καί
745 928 850 997 αὐτοῦ
862 928 1060 1013 Ἐπικούρου
1076 925 1191 1014 ἢΜη-

185 1025 357 1113 τροδώρου
370 1027 392 1115 ἥ
406 1056 494 1107 τινος
508 1028 612 1097 ἀλλον
627 1027 854 1114 ἀδαμαντίνην
870 1026 952 1114 πρός
967 1034 1069 1094 ταῦτα
1085 1028 1139 1093 καὶ
1149 1022 1191 1093 τά

185 1132 320 1191 τοιαῦτα
334 1122 395 1211 τὴν
409 1128 546 1213 γνώμην
564 1133 712 1212 ἔχοντος,
732 1122 775 1202 ὡς
790 1124 966 1210 ἀπιστῆσαι
981 1126 1034 1192 καί
1049 1122 1131 1208 ὅπερ
1146 1116 1191 1209 ἦν

186 1222 329 1307 είκάσαι,
359 1225 413 1291 καὶ
430 1230 460 1292 εί
479 1222 523 1310 μὴ
546 1220 656 1309 εὑρεῖν
677 1220 737 1289 τὸν
757 1222 882 1305 τρόπον
898 1222 1055 1307 ἐδύνατο,
1083 1224 1190 1287 έκεῖνο

185 1327 270 1405 γοῦν
285 1326 588 1406 προπεπεισμένου,
609 1319 660 1387 ὅτι
675 1324 818 1405 λέληθεν
839 1318 942 1386 αὐτόν
958 1318 975 1386 ὁ
997 1320 1117 1404 τρόπος
1132 1323 1190 1401 τῆς

185 1425 402 1503 μαγγανείας,
427 1416 464 1486 τὸ
489 1416 520 1484 δ’
543 1412 606 1486 οὖν
632 1428 701 1486 πᾶν
723 1419 845 1499 ψεῦδός
869 1422 935 1486 ἐστι
956 1421 1011 1485 καὶ
1031 1420 1189 1503 γενέσθαι

186 1512 364 1582 ἀδύνατον.
388 1519 437 1581 18.
454 1514 526 1582 κατ’
544 1514 658 1601 ὀλίγον
673 1509 737 1583 ούν
754 1518 807 1582 καὶ
822 1513 1001 1600 ἡΒιθυνία
1016 1517 1070 1582 καὶ
1086 1511 1106 1599 ἡ
1121 1518 1189 1579 Γα-

185 1617 279 1679 λατία
294 1614 348 1678 καὶ
366 1610 384 1697 ἡ
404 1612 517 1701 Θρᾴκη
533 1617 704 1700 συνέρρει,
722 1614 862 1680 ε’κάστου
878 1619 945 1679 τών
962 1610 1190 1697 ἀπαγγελλόν-

185 1735 252 1774 των
269 1707 312 1786 ὡς
331 1707 368 1776 τό
388 1707 474 1789 είκός
496 1715 649 1796 λέγοντος
674 1709 717 1789 ὡς
736 1713 790 1777 καὶ
810 1711 1024 1796 γεννώμενον
1048 1713 1113 1777 ίδοι
1129 1704 1191 1774 τὸν

187 1801 273 1872 θεόν
288 1808 342 1871 καὶ
361 1804 502 1892 ὕστερον
518 1806 638 1887 ἅψαιτο
653 1807 723 1895 μετ’
742 1806 855 1893 ὀλίγον
875 1810 1110 1894 παμμεγέθους
1128 1801 1191 1871 αύ-

187 1909 248 1967 τοῦ
271 1906 496 1990 γεγενημένου
518 1907 572 1972 καὶ
593 1903 630 1973 τὸ
649 1906 829 1988 πρόσωπον
846 1904 1016 1993 ἀνθρώπῳ
1035 1900 1190 1978 ἐοικότος.

188 2009 317 2087 γραφαί
333 2028 368 2069 τε
387 2005 438 2071 ἐπὶ
454 2004 560 2093 τούτῳ
577 2007 632 2071 καί
653 2004 778 2082 είκόυες
798 2006 852 2070 καὶ
872 2003 990 2086 ξόανα,
1020 2001 1059 2068 τά
1079 2002 1141 2086 μὲν
1156 2001 1192 2065 ἐκ

187 2109 330 2187 χαλκοῦ,
352 2101 391 2169 τὰ
409 2102 445 2169 δὲ
459 2105 491 2182 ἐξ
513 2100 665 2188 ἀργύρου
687 2105 877 2187 εἰκασμένα,
903 2102 958 2167 καὶ
972 2098 1078 2183 όνομά
1093 2124 1132 2183 γε
1146 2107 1193 2187 τῷ

188 2206 258 2287 θεῷ
275 2202 443 2267 ἐπιτεθέν·
470 2201 612 2267 Γλύκων
626 2196 690 2285 γάρ
712 2202 856 2267 ἐκαλεῖτο
871 2203 906 2264 έκ
922 2223 1013 2275 τινος
1029 2198 1192 2282 ἐμμέτρου

186 2298 240 2363 καὶ
255 2304 354 2363 θείου
370 2297 637 2381 προστάγματος·
660 2295 857 2381 ἀνεφώνησε
871 2292 933 2380 γάρ
949 2293 966 2362 ὁ
979 2292 1192 2380 Ἀλέξανδρος

227 2394 304 2477 Είμδ
318 2393 461 2460 Γλύκων
468 2400 604 2479 ,τρίτον
619 2391 698 2481 αἷμα
712 2394 812 2477 Διός,
828 2394 913 2477 φάος
928 2391 1146 2478 ἀνθρώποισι.

270 2495 319 2557 19.
342 2492 407 2558 Καὶ
428 2489 539 2577 ἐπειδη
556 2490 671 2577 καιρὰς
690 2496 749 2578 ην,
777 2516 881 2576 ουπερ
906 2493 1006 2557 ἕνεκα
1022 2488 1061 2557 τά
1083 2489 1193 2557 πάντα

116 2602 167 2655 226
187 2588 427 2674 ἐμεμηχάνητο,
444 2592 499 2659 καὶ
508 2597 593 2676 χραυ
602 2605 670 2669 τοις
681 2594 849 2676 δεομένοις
861 2617 915 2657 και
905 2591 1097 2668 θεσπιζειν
1108 2586 1190 2673 παρ’

183 2684 385 2803 Ἀμφιλόχον
401 2694 462 2753 τοῦ
485 2690 522 2755 ἐν
540 2696 672 2778 Κιλικιηι
693 2716 728 2756 το
719 2688 925 2774 ἐνδόσιμον
945 2686 1118 2772 λαβών-
1075 2688 1193 2755 -καὶ

185 2785 248 2871 γὰρ
260 2788 384 2864 ἐκεῖνος
395 2784 475 2871 μετά
486 2784 548 2872 τὴν
560 2794 619 2854 τοῦ
629 2786 753 2869 πατρὸς
763 2786 920 2873 τελευτην
932 2814 990 2855 του
977 2783 1192 2871 Ἀμφιάρεω

185 2887 240 2952 καί
253 2882 365 2951 τόνέν
380 2886 504 2971 Θηβαις
522 2883 716 2971 ἀφανισμόν
731 2884 836 2952 αύτου
822 2883 1000 2953 ἐκπεσών
1016 2912 1072 2970 της
1087 2891 1192 2962 οίκίας

186 2986 218 3062 ἐς
232 2982 294 3071 την
308 2992 464 3052 Κιλικίαν
479 2982 682 3071 ἀφικόμενος
702 2982 744 3051 ού
759 2984 912 3069 πονήρως
927 2983 1092 3068 ἀπήλλαξε
1108 3006 1186 3065 προ-

185 3088 352 3162 θεσπίζων
363 3087 417 3151 καὶ
432 3080 531 3161 αύτδς
545 3098 612 3162 τοῖς
626 3087 735 3162 Κίλιξι
749 3080 789 3149 τά
800 3086 962 3168 μέλλοντα
974 3086 1028 3149 καὶ
1044 3080 1100 3148 δύ’
1111 3078 1192 3167 ὀβο-

185 3177 265 3256 λούς
285 3178 338 3264 ἐφ’
363 3181 487 3270 έκάστςο
507 3188 644 3269 χρησμῷ
667 3182 848 3268 λαμβάνων
865 3222 903 3231 -
923 3184 1053 3248 ἐκεῖθεν
1073 3174 1137 3246 οὖν
1154 3175 1191 3245 τό

186 3274 364 3363 ένδόσιμον
377 3278 491 3365 λαβών
508 3277 525 3346 δ
538 3276 750 3365 Ἀλέξανδρος
761 3283 915 3365 προλέγει
930 3286 1012 3345 πᾶσι
1029 3292 1096 3355 τοῖς
1111 3274 1194 3363 ἀφι-

184 3378 338 3456 κομένοις
348 3374 392 3453 ὡς
403 3376 619 3461 μαντεύσεται
634 3376 652 3444 ὁ
668 3375 748 3456 θεδς
762 3377 866 3465 ῥητήν
876 3403 950 3444 τινα
961 3373 1097 3461 ἡμέραν.
1121 3378 1194 3442 ἐκέ-
