2575 3842
190 188 233 251 96
543 188 849 250 ΛΟΥΚΙΑΝΘΤ

190 365 258 429 τοῖς
273 370 415 435 πατράσι
430 344 510 427 τοῦς
523 353 642 427 παῖδας
663 355 790 434 μᾶλλον
804 343 826 432 ἢ
842 360 909 424 τοῖς
929 347 1020 414 παισὶ
1040 343 1118 424 τοῦς
1133 371 1200 412 πα-

190 448 286 533 τέρας
297 449 458 516 ἐπιτάττει
471 456 591 532 φιλεῖν.
615 443 689 513 ἀλλ’
707 437 805 523 οὗτος
818 442 905 511 ἑκάν
916 446 969 511 καὶ
980 441 1059 522 τούς
1074 444 1200 529 νόμους

191 553 339 634 παρορᾷ,
361 552 396 613 οἳ
409 543 487 623 τοῦς
503 542 602 611 οὐδὲν
618 542 816 629 ἠδικηκότας
830 545 950 619 παῖδας
965 548 1011 629 τῷ
1026 544 1115 625 γε’νει
1130 568 1200 626 φυ-

190 643 364 727 λάττουσι,
379 638 506 727 κοίτην
518 641 639 726 φύσιν,
654 638 765 725 ἣτούς
778 640 1005 727 γεννήσαντας
1020 640 1106 705 ἕλκει
1117 637 1200 720 πρὸς

190 740 304 809 πόθον
319 747 388 808 τάν
401 741 656 825 γεγεννημένων
671 738 798 824 πολύν,
815 736 875 823 ούχ
889 736 979 816 ὅπως
993 741 1123 823 μείζους
1137 734 1201 821 ἀρ-

124 860 174 917 176
192 836 251 924 χάς
269 836 401 917 εὐνοίας
412 844 495 923 ἔχων
510 833 593 920 πρὸς
605 836 661 921 ἐμὲ
676 842 808 921 μείζονα
822 834 861 902 τά
878 835 988 903 δίκαιά
1000 860 1057 920 μοι
1071 842 1128 917 τῆς
1142 830 1199 901 εύ-

191 942 284 1014 νοίας
301 938 445 1021 εἰσφέρει
458 937 512 1002 καὶ
524 937 727 1019 ἐπιδίδωσιν,
742 930 813 1019 ἢτό
824 960 862 1020 γε
874 940 1010 1002 ἔλαττον
1021 934 1076 1019 ἐμὲ
1089 946 1200 1019 μιμεῖ·

191 1060 245 1101 ται
266 1035 320 1100 καὶ
342 1040 434 1119 ζηλοῖ
450 1039 511 1099 τοῦ
527 1038 686 1118 φίλτρον·
716 1028 809 1118 ἀλλ’,
834 1040 923 1117 οίμοι
938 1038 995 1117 τῆς
1012 1036 1199 1117 συμφοράς,

191 1134 326 1216 προσέτι
350 1134 404 1197 καὶ
421 1145 512 1217 μισεῖ
529 1137 694 1215 φιλοῦντα
714 1132 768 1196 καὶ
790 1126 969 1215 ἀγαπῶντα
987 1129 1119 1196 ἐλαύνει
1144 1130 1200 1193 καὶ

193 1226 431 1313 εὐεργετοῦντα
451 1225 561 1296 ἀδικεῖ
579 1230 633 1296 καὶ
649 1226 880 1314 ἀσπαζόμενον
900 1226 1121 1313 ἀποκηρύττει
1143 1227 1198 1291 καὶ

191 1324 270 1403 τοῦς
286 1326 486 1412 φιλόπαιδας
500 1326 627 1410 νόμους
643 1324 687 1404 ὡς
702 1326 900 1411 μισόπαιδας
911 1324 984 1393 κατ’
1002 1330 1083 1411 ἐμοῦ
1097 1350 1199 1410 μετοι-

191 1430 370 1509 χειρίζεται.
405 1419 573 1508 ἀμάχης,
600 1421 643 1509 ἣν
665 1424 821 1510 εἰσάγεις,
847 1424 967 1510 πάτερ,
996 1438 1063 1501 τοῖς
1082 1423 1200 1507 νόμοις

192 1518 276 1587 κατά
291 1526 349 1606 τῆς
367 1519 509 1605 φύσεως.
533 1525 583 1586 19.
601 1517 663 1586 οῦκ
677 1526 745 1586 ἐστι
759 1528 878 1604 ταῦτα,
897 1518 959 1588 ούκ
974 1526 1063 1588 ἔστιν
1079 1517 1122 1597 ὡς
1137 1520 1200 1585 δέ·

192 1627 275 1695 λεις·
297 1624 405 1695 κακῶς
419 1617 626 1703 ἑρμηνεύεις,
643 1609 801 1703 ω’πάτερ,
817 1626 924 1697 καλῶς
935 1620 1106 1704 κειμένους
1118 1612 1200 1692 τοῦς

192 1715 327 1800 νόμους.
360 1712 402 1781 ού
425 1723 564 1800 πολεμεῖ
583 1714 685 1800 φύσις
704 1718 758 1782 καί
780 1718 883 1802 νόμος
898 1720 935 1784 ἐν
953 1730 1023 1793 ταῖς
1041 1714 1196 1799 εὐνοίαις,

191 1810 264 1881 ἀλλ’
282 1809 533 1880 ἀκολουθοῦσιν
548 1814 696 1880 ἐνταῦθα
714 1810 869 1900 ἀλλήλοις
883 1816 935 1881 καί
951 1818 1200 1898 συναγωνίζον-

191 1937 244 1977 ται
264 1917 303 1998 τῇ
323 1909 417 1976 λύσει
437 1919 505 1977 των
527 1908 749 1996 ἀδικημάτων.
779 1910 921 1997 ὑβρίζεις
935 1909 995 1978 τόν
1010 1909 1197 1995 εύεργέτην,

191 2005 316 2086 ἀδικεῖς
329 2005 517 2093 τὴνφύσιν.
541 2016 573 2076 τί
582 2011 636 2075 καὶ
648 2006 727 2087 τοῦς
736 2009 862 2095 νόμους
872 2013 1062 2087 συναδικεῖς
1076 2016 1115 2097 τῇ
1128 2009 1198 2093 φύ-

192 2126 258 2186 σεις
281 2103 341 2184 οὓς
358 2105 480 2185 καλούς
501 2110 556 2174 καὶ
576 2110 725 2185 δικαίους
747 2110 802 2175 καὶ
819 2108 1019 2195 φιλόπαιδας
1036 2106 1119 2175 εἶναι
1134 2109 1198 2173 δέ·

191 2214 310 2283 λοντας
324 2202 366 2271 ού
379 2218 574 2290 συγχωρεῖς,
590 2202 671 2271 καθ’
689 2203 762 2283 ἑνός
772 2204 890 2285 παιδός
907 2205 951 2285 ὡς
965 2205 1047 2273 κατά
1063 2211 1198 2273 πολλῶν

191 2311 296 2371 κινῶν
311 2303 469 2380 πολλάκις
484 2303 538 2368 καὶ
550 2299 726 2386 ἡσυχάζειν
741 2302 803 2370 ούκ
819 2306 883 2371 ἐῦυ
895 2308 932 2372 ἐν
944 2320 1016 2384 ταῖς
1027 2310 1198 2391 τιμωρίαις

190 2401 269 2477 τοῦς
279 2403 316 2467 ἐν
326 2414 396 2476 ταῖς
405 2407 472 2466 τῶν
483 2404 612 2465 παίδων
623 2397 793 2482 πρόςτοῦς
804 2404 946 2488 πατέρας
957 2400 1102 2479 εὐνοίαις
1111 2398 1197 2487 ἡσυ-

189 2500 299 2585 χάζειν
313 2500 506 2584 ἐθέλοντας,
528 2505 635 2566 καίτοι
652 2524 689 2583 γε
712 2501 763 2566 ἐπὶ
784 2514 851 2577 τοῖς
868 2500 971 2585 μηδὲν
990 2500 1197 2587 ἡμαρτηκόσι

190 2596 272 2682 μηδὲ
293 2598 472 2681 κειμένους.
503 2593 639 2683 καὶμὴν
657 2600 692 2663 οἲ
704 2624 741 2682 γε
757 2598 856 2683 νόμοι
872 2601 926 2666 καὶ
943 2596 1198 2686 ἀχαριστίας-δι·
1285 2622 1286 2625 ’

190 2696 350 2774 κάζεσθαι
374 2695 504 2762 διδόασι
530 2693 612 2762 κατά
627 2703 695 2762 τῶν
714 2695 794 2775 τούς
810 2694 983 2783 εύεργέτας
1000 2694 1043 2783 μὴ
1062 2694 1135 2763 ἀντ’
1157 2689 1198 2762 εὖ

191 2794 389 2861 ποιούντων.
415 2792 432 2860 ὁ
452 2793 488 2862 δὲ
507 2791 590 2879 πρός
603 2803 651 2881 τῷ
669 2793 713 2880 μὴ
730 2792 926 2882 ἀμείβεσθαι
940 2798 995 2864 καί
1017 2792 1068 2862 ἐπ’
1085 2786 1199 2872 αὐτοῖς

191 2888 239 2970 οἷς
255 2884 293 2958 εὖ
307 2895 457 2959 πέπονθε
472 2892 622 2973 κολάζειν
636 2891 755 2978 ἀξιῶν,
775 2898 945 2975 σκέψασθε
962 2904 996 2961 εῖ
1002 2920 1076 2960 τινα
1091 2890 1198 2979 ὑπερ-

190 2989 295 3077 βολὴν
310 2989 438 3069 ἀδικίας
455 2988 683 3058 ἀπολέλοιπεν.
708 2990 752 3069 ὡς
766 2991 827 3078 μὲν
841 2986 905 3059 οῦν
917 2991 993 3059 οὔτε
1004 2990 1198 3077 άποκηρύτ-
1283 3028 1284 3057 1

190 3114 260 3156 τειν
278 3093 325 3156 ἐτι
341 3090 448 3179 τούτῳ
463 3092 587 3169 ἔξεστιν
600 3087 688 3168 άπαξ
703 3088 767 3175 ἥδη
782 3088 843 3176 τὴν
860 3088 1024 3175 πατρικὴν
1040 3094 1198 3169 ἐξουσίαν

189 3184 469 3271 ἀποπληρώσαντι
486 3190 540 3254 καί
559 3192 755 3278 χρησαμένῳ
769 3203 838 3267 τοῖς
854 3189 971 3274 νόμοις
993 3186 1070 3255 ούτε
1088 3186 1200 3267 άλλως
1282 3250 1283 3254 ,

190 3289 337 3371 δίκαιον,
359 3282 536 3373 εύεργέτην
554 3293 599 3365 είς
613 3284 653 3353 τά
667 3294 847 3374 τηλικαῦτα
862 3310 1086 3372 γεγενημενον
1102 3281 1195 3352 εἴπω·
1281 3364 1282 3448 1
