2575 3842
370 212 643 270 ΛΟΥΚΙΟΣΗ
662 214 805 272 ΟΝΟΣ.
1032 211 1094 275 325

82 378 232 460 νυμφίον
249 380 355 461 σαυτῇ
374 353 590 456 πόθενχάγεις
605 378 773 458 λαβοῦσας
802 371 896 440 όναιο
912 374 948 442 δὲ
963 374 1093 442 τούτων
1111 393 1163 447 605

82 484 149 542 τῶν
165 483 277 542 καλῶν
292 472 411 558 γάμων
424 473 479 538 καὶ
494 473 599 549 τέκοις
610 473 732 556 ταχέως
742 469 823 557 ἡμῖν
833 473 966 552 πῶλους
980 473 1094 542 τοιοόὲ

84 601 169 652 τους.
189 578 238 642 37.
252 575 306 641 καί
320 577 353 639 οί
362 570 423 657 μὲν
435 571 567 655 ἐγέλων.
585 578 624 658 τῇ
636 571 671 637 δὲ
683 567 842 659 ὑστεραίᾳ
853 570 1092 639 συνετάττοντο

82 672 134 741 ἐπ’
152 678 268 759 ἔργον,
291 670 401 755 ῶσπερ
418 667 510 736 αὐτοὶ
530 674 661 754 ἔλεγον,
683 671 737 735 καὶ
756 666 819 754 τήν
832 665 918 736 θεὸν
932 671 1094 736 ἐνσκευα-

2 823 3 830 ι
83 771 221 856 σάμενοι
237 771 308 856 ἐμοὶ
322 771 499 854 ἐπέθηκαν.
526 765 593 834 εἶτα
605 771 640 834 ἐκ
656 775 713 851 τῆς
724 767 852 846 πόλεως
867 768 1092 854 έξηλαόνομεν

82 872 135 937 καὶ
150 868 211 955 τήν
222 870 335 955 χῶραν
346 867 546 954 κεριήειμεν.
569 863 654 934 ε’πάυ
665 864 696 932 δ’
712 872 758 944 είς
772 867 889 952 κῶμην
900 864 975 934 τινά
987 869 1092 933 είσέλ-

81 979 220 1054 θοιμεν,
243 965 305 1053 ε’γῶ
324 966 386 1052 μὲν
404 962 421 1032 ὁ
439 963 651 1050 θεοφόρητος
670 965 829 1050 ίστάμην,
852 963 869 1031 ὁ
890 966 925 1032 δὲ
949 960 1093 1050 αὐλητής

82 1067 190 1151 ἐφύσα
206 1065 320 1152 ὅμιλος
332 1071 468 1146 ἔνθεον,
487 1067 520 1130 οί
530 1061 565 1131 δὲ
579 1062 636 1141 τάς
647 1070 764 1149 μίτρας
775 1062 1019 1148 ἀπορρίψαντες
1031 1061 1092 1149 τήν

81 1161 231 1249 κεφαλήν
245 1163 402 1231 κάτωθεν
416 1165 452 1230 έκ
468 1169 528 1229 τοῦ
550 1159 689 1248 αὐχένος
705 1167 903 1240 είλίσσοντες
919 1175 986 1239 τοῖς
1000 1165 1093 1245 ξίφε-

83 1283 137 1329 σιν
153 1263 329 1347 έτέμνοντο
341 1258 419 1339 τούς
432 1260 545 1346 πήχεις
559 1262 613 1328 καὶ
627 1261 689 1347 τήν
700 1269 849 1347 γλῶτταν
863 1268 931 1328 τῶν
943 1259 1093 1328 ὀδόντων

80 1358 300 1446 ὑπερβάλλων
315 1361 451 1436 ἕκαστος
466 1365 580 1444 ἔτεμνε
594 1362 648 1428 καὶ
664 1360 806 1446 ταύτην,
825 1358 907 1426 ῶστε
925 1363 962 1426 έν
976 1357 1096 1442 ἀκαρεῖ

81 1457 189 1524 πάντα
206 1463 395 1542 πεπλῆσθαι
411 1465 563 1542 μαλακοῦ
578 1461 723 1544 αἵματος.
746 1455 811 1544 ἐγῶ
830 1458 984 1527 δὲταῦτα
1001 1454 1092 1540 ὁρῶν

81 1553 120 1621 τά
133 1564 246 1638 πρῶτα
258 1561 395 1640 ἔτρεμον
408 1555 518 1640 έστοός,
530 1555 574 1640 μή
587 1581 666 1623 ποτε
677 1563 769 1642 χρεία
778 1562 819 1644 τῇ
828 1562 900 1646 θεῶ
912 1555 966 1621 καὶ
979 1551 1092 1621 ὀνείου

81 1655 364 1738 αἵματοςγένοιτο.
385 1651 520 1720 έπειδάν
536 1653 571 1721 δὲ
583 1655 809 1735 κατακόψειαν
822 1652 928 1732 οὕτως
940 1652 1090 1736 ἑαυτούς,

82 1753 117 1818 έκ
137 1758 205 1816 τῶν
227 1751 491 1836 περιεστηκότων
515 1759 650 1818 θεατῶν
670 1753 853 1838 συνέλεγον
874 1748 1016 1838 όβολοῶς
1038 1751 1092 1818 καὶ

81 1848 240 1933 δραχμάς·
264 1846 362 1926 ἀλλος
376 1847 511 1933 ἰσχάδας
523 1851 576 1914 καὶ
591 1847 714 1931 τνρούς
725 1852 779 1916 καὶ
792 1860 888 1916 οίνου
899 1850 1003 1916 κάδον
1015 1851 1090 1916 έπέ-
1109 1861 1158 1916 606

1 2011 2 2026 ,
82 1951 168 2013 δωκε
184 1949 237 2014 καὶ
253 1955 365 2028 πυροῦ
384 1949 546 2032 μέδιμνον
566 1950 620 2014 καί
636 1955 768 2029 κριθῶν
784 1955 832 2036 τῶ
846 1945 923 2035 όνφ.
953 1951 988 2012 οί
1001 1950 1036 2012 δὲ
1055 1948 1091 2013 ἐκ

81 2044 212 2112 τούτων
232 2048 410 2130 ἐτρέφοντο
431 2047 486 2113 καί
509 2041 570 2130 τήν
592 2041 643 2110 ἐπ’
671 2047 741 2129 ἐμοὶ
765 2045 985 2130 κομιζομένην
1007 2043 1091 2111 θεόν

79 2141 303 2227 ἐθεράπευον
330 2149 380 2212 38.
397 2150 455 2210 καί
469 2168 548 2210 ποτε
567 2148 612 2221 είς
628 2143 744 2229 κῶμην
758 2141 834 2210 τινά
852 2141 964 2210 αὐτῶν
978 2147 1091 2230 είσβα-

80 2243 210 2310 λόντων
227 2239 322 2329 ήμῶν
333 2250 512 2312 νεανίσκον
526 2249 594 2310 τῶν
604 2250 768 2328 κωμητῶν
782 2244 887 2327 μέγαν
902 2237 1091 2324 ἀγρεόσαν-

80 2370 130 2423 τες
153 2346 344 2434 εἰσάγουσιν
367 2355 444 2414 είσω
466 2351 551 2413 ἔνθα
572 2343 793 2436 καταλύοντες
817 2347 943 2427 ἔτυχον.
979 2346 1090 2408 ἔπειτα

79 2449 223 2530 ἔπασχον
241 2448 276 2513 έκ
296 2452 357 2512 τοῦ
381 2446 537 2531 κωμήτου
557 2441 620 2510 ὅσα
637 2441 773 2528 συνήθη
794 2443 848 2509 καὶ
866 2447 960 2527 φίλια
976 2441 1089 2508 τοιοό-

78 2569 147 2620 τοις
163 2541 311 2620 ἀνοσίοις
328 2546 490 2620 κιναίδοις
513 2534 564 2628 ἦν.
595 2539 659 2627 έγῶ
676 2540 711 2608 δὲ
730 2539 963 2628 ὑπεραλγήσας
983 2543 1035 2608 ἐπὶ
1050 2548 1090 2628 τῇ

79 2643 225 2725 ἐμαυτοῦ
236 2649 417 2729 μεταβολῇ,
433 2645 497 2709 Καὶ
509 2644 601 2727 μέχρι
613 2648 679 2707 νῦν
690 2637 847 2726 ἀνέχομαι
860 2648 989 2725 κακῶν,
1005 2636 1089 2706 ἀνα-

80 2745 217 2826 βοήσαι,
238 2733 264 2805 ῶ
278 2748 345 2808 Ζεῦ
361 2743 501 2826 σχέτλιε,
523 2736 691 2825 ήθέλησα,
708 2735 780 2806 ἀλλ’
796 2735 816 2825 ἡ
836 2742 898 2824 μὲν
913 2736 1010 2824 φωνή
1026 2736 1089 2804 οὐκ

80 2833 183 2921 ἀνέβη
191 2837 254 2921 ’μοι
271 2835 290 2922 ἡ
309 2839 386 2923 ἐμή,
408 2834 514 2924 ἀλλ’ή
530 2844 591 2904 τοῦ
607 2835 690 2904 όνον
706 2841 742 2903 έκ
757 2844 818 2903 τοῦ
832 2836 1017 2922 φάρυγγος,
1035 2837 1089 2903 καὶ

1 2979 2 3024 3
78 2936 162 3019 μέγα
173 2931 383 3022 ῶγκησάμην.
398 2944 465 3004 τῶν
478 2937 512 3004 δὲ
524 2942 688 3021 κωμητῶν
697 2961 785 3014 τινες
794 2941 912 3021 ἔτυχον
923 2935 997 3001 τότε
1009 2932 1091 3000 όνον

1 3041 2 3048 ’
78 3031 339 3119 ἀπολωλεκότες,
354 3036 408 3102 καὶ
420 3031 480 3101 τόν
491 3031 687 3103 ἀπολωλότα
703 3040 875 3120 ζητοῦντες
887 3032 1090 3110 ἀκούσαντές

78 3156 144 3217 μου
159 3135 243 3217 μέγα
261 3130 511 3220 ἀναβοήσαντος
527 3137 747 3219 παρέρχονται
765 3142 842 3200 είσω
860 3128 973 3199 οὐδενὶ
988 3128 1089 3197 οὐδὲν

78 3229 226 3307 είπόντες
238 3225 280 3307 ῶς
293 3232 375 3316 ἐμοῦ
385 3237 446 3298 τοῦ
458 3233 596 3298 ἐκείνων
608 3230 715 3318 ὄντος,
728 3235 781 3300 καὶ
794 3231 1088 3319 καταλαμβάνουσι

77 3326 156 3406 τούς
177 3333 347 3409 κιναίδους
371 3328 497 3416 ἀρρητα
513 3334 612 3398 ένδον
633 3333 886 3417 ἐργαζομένους·
915 3331 969 3398 καί
984 3333 1088 3417 γέλως

1 3457 2 3502 3
77 3437 114 3494 ἐκ
135 3435 203 3495 τῶν
219 3430 483 3498 ἐπεισελθόντων
498 3425 602 3506 πολύς
619 3434 753 3514 γίνεται.
785 3433 845 3508 ἔξω
867 3429 1088 3515 ἐκδραμόντες
