2575 3842
177 171 238 234 120
527 173 834 232 AOYKIANOY
880 236 884 243 ,

176 329 319 410 πολλούς
336 334 390 400 καὶ
411 337 607 415 πλουσίους,
635 332 690 397 καὶ
704 329 811 415 μόνον
829 336 859 397 εί
876 346 995 416 φανείη
1016 359 1064 411 τις
1079 330 1184 417 αύλη-

176 424 271 515 τηνῆ
288 423 549 515 τνμπανιστηνῆ
567 426 750 515 κυμβάλοις
767 434 955 529 κροτοῦντα
967 429 1183 514 ἐπαγόμενος,

176 532 319 615 κοσκίνῳ
335 524 370 593 τὸ
387 534 448 593 τού
464 524 568 609 λόγου
582 522 845 610 μαντευόμενος,
861 521 979 592 αὐτίκα
993 526 1080 609 μάλα
1096 527 1184 592 πάν-

176 651 232 702 τας
248 622 427 710 κεχηνότας
440 619 524 705 πρὸς
541 618 645 688 αύτδν
662 624 716 688 καί
735 620 845 703 ὥσπερ
867 620 940 689 τινά
955 629 1022 689 τῶν
1039 626 1184 710 ἐπουρα-

176 730 259 788 νίων
274 723 551 807 προσβλέποντας.

262 825 311 888 10.
330 817 458 903 Ὀλίγης
471 817 506 884 δὲ
521 823 577 902 της
592 818 667 898 περὶ
685 822 782 882 τοῦτο
799 817 943 895 στάσεως
959 814 1071 895 αὐτοῖς
1085 843 1184 903 γενο-

176 921 278 1005 μένης
291 921 383 995 τέλος
398 919 550 999 ἐνίκησεν
571 912 588 981 ὁ
610 911 836 999 Ἀλέξανδρος,
862 916 916 981 καὶ
932 914 1131 999 ἀφικόμενοι
1151 916 1184 992 ές

177 1013 237 1099 τὴν
250 1013 451 1099 Χαλκηδόνα
466 1012 682 1097 -χρήσιμον
696 1012 760 1095 γάρ
775 1038 805 1077 τι
822 1009 910 1097 ὅμως
923 1010 943 1097 ἡ
961 1012 1056 1089 πόλις
1071 1009 1184 1089 αὐτοῖς

176 1119 263 1198 ἔχειν
279 1116 370 1190 ἔδοξε
381 1150 422 1161 -
433 1117 494 1177 τοῦ
507 1106 713 1185 ’Λπόλλωνος
725 1110 762 1175 ἐν
777 1115 821 1197 τῷ
837 1112 931 1199 ίερῷ,
951 1107 1032 1192 ὅπερ
1048 1106 1181 1193 ἀρχαιό-

176 1208 277 1277 τατόν
288 1212 355 1275 ἐστι
367 1222 433 1285 τοῖς
443 1209 691 1291 Χαλκηδονίοις,
708 1205 946 1290 κατορύττουσι
959 1210 1093 1284 δέλτους
1102 1214 1180 1292 χαλ-

177 1316 252 1391 κοῖς,
270 1307 431 1392 λεγούσας
448 1303 492 1383 ὡς
502 1302 619 1371 αὐτίκα
636 1304 725 1389 μα’λα
741 1302 757 1370 ὁ
772 1300 966 1389 Ἀσκληπιδς
981 1303 1045 1371 σύν
1060 1311 1105 1393 τῷ
1117 1329 1182 1370 πα-

177 1406 228 1490 τρὶ
244 1402 422 1471 Ἀπόλλωνι
437 1406 583 1488 μέτεισιν
593 1403 626 1479 ές
640 1400 700 1469 τὸν
710 1402 843 1469 Πόντον
856 1404 910 1470 καὶ
923 1404 1056 1481 καθέξει
1071 1399 1107 1469 τὸ
1122 1407 1183 1468 τοῦ

174 1498 324 1586 Ἀβώνου
345 1515 457 1584 τεῖχος.
492 1490 590 1565 αὗται
608 1504 644 1566 αί
664 1501 770 1566 δέλτοι
792 1501 974 1585 ἐξεπίτηδες
994 1498 1184 1585 εὑρεθεῖσαι

108 1614 161 1669 218
180 1602 389 1681 διαφοιτῆσαι
404 1599 525 1683 ῥηιδίως
541 1604 662 1664 τούτου
678 1594 737 1663 τδν
752 1597 856 1681 λόγον
870 1599 902 1674 ές
920 1604 1031 1663 πᾶσαν
1045 1594 1107 1681 τὴν
1127 1605 1184 1663 Βι-

178 1700 305 1761 θυνίαν
321 1690 449 1760 καὶτὸν
460 1692 594 1759 Πόντον
605 1695 781 1779 ἐποίησαν,
798 1695 852 1761 καὶ
862 1691 949 1761 πολύ
964 1691 1028 1779 πρὸ
1044 1700 1111 1760 τῶν
1122 1690 1184 1758 ἀλ-

178 1799 246 1859 λων
266 1793 299 1869 ἐς
314 1789 350 1859 τὸ
368 1798 428 1858 τοῦ
447 1788 597 1878 Ἀβιόνου
618 1804 736 1876 τεῖχος·
768 1788 916 1881 κάκεῖνοι
939 1788 1075 1875 γὰρκαὶ
1095 1785 1183 1855 νεάν

177 1891 295 1959 αὐτίκα
310 1894 514 1976 ἐψηφίσαντο
527 1892 651 1975 ἐγείραι
662 1890 805 1969 καὶτοὺς
816 1890 992 1976 θεμελίους
1006 1887 1070 1975 ἤδη
1085 1893 1182 1956 ἔσκα-

177 2015 269 2057 πτον.
304 1986 480 2056 κάνταῦθα
502 1985 519 2054 ὁ
539 1988 600 2073 μὲν
614 1995 796 2066 Κοκκωνᾶς
818 1992 853 2055 ἐν
868 1986 1059 2072 Χαλκηδόνι
1082 2013 1185 2053 κατα-

177 2094 339 2169 λείπεται,
357 2086 487 2162 διττούς
502 2110 594 2162 τινας
608 2086 663 2150 καλ
678 2082 887 2170 ἀμφιβόλους
900 2086 955 2151 καὶ
969 2081 1086 2163 λοξοὺς
1102 2109 1184 2169 χρη·

177 2181 281 2269 σμούς
296 2182 510 2268 συγγράφων.
540 2184 595 2248 καὶ
609 2178 680 2265 μετ’
698 2180 811 2266 ὀλίγον
828 2181 1018 2266 ἐτελεύτησε
1033 2177 1093 2247 τὸν
1108 2188 1183 2267 βίον

177 2279 242 2347 ὑπὸ
267 2283 394 2365 ἐχίδνης
417 2278 507 2365 οἶμαι
532 2284 674 2363 δηχθείς.
721 2283 769 2345 ll.
801 2282 1079 2364 προεισπέμπεται
1104 2276 1140 2345 δὲ
1165 2273 1183 2344 ὁ

173 2376 386 2460 Ἀλέξανδρος
406 2382 520 2462 κομῶν
539 2372 603 2460 ἤδη
627 2376 681 2441 καὶ
698 2375 891 2459 πλοκάμους
912 2378 1108 2459 καθειμένος
1129 2375 1184 2440 καὶ

177 2472 381 2558 μεσόλευκον
401 2478 524 2556 χιτῶνα
546 2478 747 2556 πορφυροῦν
769 2468 954 2550 ἐνδεδυκώς
977 2474 1032 2539 καὶ
1052 2472 1183 2557 ίμάτιον

177 2567 261 2655 ὑπὲρ
276 2565 380 2635 αὐτοῦ
395 2566 517 2636 λευκδν
531 2566 800 2656 ἀναβεβλημένος
810 2568 921 2655 ἀρπην
934 2576 1017 2656 ἔχων
1028 2568 1110 2637 κατὰ
1122 2566 1183 2635 τὸν

177 2669 323 2751 Περσέα,
348 2663 408 2751 ἀφ’
429 2657 472 2732 ού
493 2664 613 2733 ἑαυτὸν
636 2668 843 2752 ἐγενεαλόγει
862 2668 1047 2754 μητρόθεν,
1074 2669 1184 2733 καλοί

177 2763 327 2847 ὀλέθριοι
342 2766 462 2831 ἐκείνοι
477 2764 698 2849 Παφλαγόνες
715 2767 837 2843 εἰδότες
851 2764 956 2833 αὐτοῦ
974 2764 1183 2851 ἀμφοτέρους

176 2862 253 2941 τούς
269 2869 387 2949 γονέας
398 2861 537 2949 ἀφανεῖς
548 2867 602 2932 καλ
617 2864 795 2944 ταπεινούς
806 2870 980 2935 ἐπίστευον
991 2873 1036 2955 τῷ
1047 2871 1182 2954 χρησμῷ

176 2963 306 3045 λέγοντι

106 3077 158 3131 219
261 3061 442 3143 Περσείδης
456 3058 575 3145 γενεὴν
591 3068 703 3151 Φοίβῳ
717 3069 813 3147 φίλος
829 3054 926 3139 οὗτος
941 3058 1067 3144 ὁρᾶται,

262 3160 331 3235 δίος
341 3154 568 3245 Ἀλέξανδρος,
586 3166 808 3246 Ποδαλειρίου
823 3156 902 3246 αἷμα
919 3160 1089 3245 λελογχώς.

140 3309 148 3321 .
176 3252 282 3330 οὕτως
298 3251 363 3339 ἀρα
378 3252 396 3320 ὁ
409 3262 624 3343 Ποδαλείριος
638 3258 761 3345 μάχλος
782 3252 1104 3343 καλγυναικομανης
1120 3254 1182 3342 τὴν

140 3350 298 3435 ὁπότ’σιν,
316 3350 359 3429 ὡς
375 3351 440 3421 ἀπδ
456 3364 599 3431 Τοίκκνς
614 3358 688 3443 ἀχρι
699 3363 937 3444 Παφλαγονίας
952 3356 1114 3425 στύεσθαι
1129 3358 1183 3425 ε’πὶ
