2575 3842
395 166 624 226 ΛΟΤΚΙΟΣ
641 171 669 222 Η
691 169 830 226 ΟΝΟΣ.
1055 166 1113 230 311

109 325 191 396 άλλά
207 327 330 412 θάρρει
345 351 417 413 μοι,
434 318 459 392 ά
475 331 624 410 φίλτατε·
648 326 751 414 ῥᾴστη
767 325 862 413 χάρη
875 327 997 395 τούτου
1011 336 1119 411 θερα-

109 431 193 493 πεία·
215 424 298 512 ῥόδα
314 421 378 508 γάρ
394 422 481 508 μόνα
496 427 525 489 εί
539 422 677 507 φάγοις,
700 421 853 512 ἀποδύσῃ
873 427 933 510 μέν
947 423 1065 495 αι’πίκα
1079 427 1116 495 τὸ

109 530 242 609 κτῆνος,
268 519 328 588 τὸν
349 520 385 587 δὲ
399 519 542 606 ἐραστήν
557 546 613 606 μοι
628 518 689 587 τδν
706 519 788 606 έμδυ
803 515 904 601 αὖθις
920 520 1116 604 άποδάσεις.

109 619 193 689 ἀλλά
204 645 275 705 μοι,
293 625 443 703 φίλτατε,
461 615 522 704 τὴν
536 624 616 702 μίαν
631 617 736 685 νύκτα
747 619 873 705 ταύτην
884 617 1068 706 ὑπόμεινον
1079 625 1116 688 εὐ
1135 631 1139 638 “

107 726 152 809 τῷ
169 716 253 808 ὄνῳ,
271 715 402 802 ὄρθρου
418 717 454 784 δέ
472 721 645 802 δραμοῦσα
663 725 743 785 οίσω
759 737 812 784 σοι
829 716 912 803 ῥόδα
926 719 982 785 καὶ
996 715 1116 804 φαγσδν

108 818 242 904 ίαθηση.
265 823 367 882 ταῦτα
384 813 452 881 εἷπε
468 813 777 900 καταυηλαφήσασά
793 841 859 901 μου
873 814 913 882 τά
929 808 996 884 ύτα
1009 817 1063 882 καὶ
1077 813 1112 882 τό

107 912 226 990 λοιπὸν
242 917 354 1000 δέρμα.
379 918 428 980 15.
447 910 511 998 ἐγώ
523 913 559 980 δὲ
573 910 612 980 τά
629 912 690 998 μὲν
706 910 789 980 άλλα
801 911 995 1000 όνοςῆμην,
1012 911 1069 991 τάς
1080 916 1111 980 δλ

107 1015 233 1098 φρένας
247 1015 301 1079 καί
317 1009 378 1078 τδυ
392 1018 479 1079 νοῦν
493 1008 676 1096 ἅνθρωπος
690 1013 816 1088 ἐκεῖνος
831 1008 849 1079 ὁ
865 1013 1025 1096 Λούκιος,
1042 1016 1110 1096 δίχο

108 1117 164 1196 τῆς
185 1117 309 1195 φωνῆς.
342 1107 448 1179 πολλά
469 1101 533 1176 οῦν
554 1106 625 1176 κατ’
652 1105 796 1192 ε’μαντδν
817 1107 1030 1194 μεμψάμενος
1053 1108 1114 1195 την

106 1213 319 1291 Παλαίστραυ
330 1209 382 1274 ἐπὶ
394 1213 432 1294 τῇ
445 1203 587 1294 άμαρτίηι
602 1203 715 1272 δακοδν
725 1202 763 1273 τὸ
774 1213 880 1291 χεῖλος
895 1204 1014 1295 ἀπῄειν
1029 1212 1115 1274 ἔνθα

104 1301 294 1391 ἠπιστάμην
310 1307 431 1372 έστῦτα
447 1303 507 1373 τὸν
522 1308 667 1390 ἐμαυτοῦ
682 1307 787 1371 ἵππον
801 1306 855 1372 καὶ
873 1303 976 1372 άλλον
991 1303 1113 1389 άληθι-

106 1401 169 1470 νὸν
185 1401 267 1470 ὅνον
281 1401 340 1470 τὸν
351 1401 540 1490 Ἱππάρχου.
565 1407 599 1470 οί
612 1403 648 1470 δὲ
662 1402 864 1488 αίσδόμενοί
877 1428 917 1488 με
934 1411 1011 1469 είσω
1027 1427 1095 1485 παρ

107 1500 211 1586 ιόντα,
229 1504 396 1577 δείσαντες
407 1498 451 1586 μὴ
464 1507 524 1568 τοῦ
534 1499 658 1586 χόρτου
669 1495 832 1576 κοινωνός
843 1496 954 1576 αύτοῖς
965 1501 1114 1583 ἐπεισέρ-

105 1621 220 1681 χομαι,
247 1595 287 1663 τά
312 1590 378 1663 ὦτα
399 1603 655 1673 κατακλίναντες
677 1599 800 1682 ἕτοιμοι
821 1589 908 1683 ἦσαν
924 1610 992 1675 τοῖς
1015 1597 1113 1664 ποσὶν
1132 1606 1184 1661 58³

106 1691 249 1777 ἀμύνειν
272 1701 313 1782 τῇ
337 1701 468 1779 γαστρί
500 1691 591 1780 κάμω
617 1696 729 1771 συνείς
750 1698 952 1780 πορρωτέρω
979 1700 1115 1779 ποινῆς

12 1875 16 1882 ¹
107 1791 235 1876 φάτνης
245 1787 462 1876 ἀποχωρήσας
474 1789 573 1869 ἑστώς
584 1791 745 1877 έχέλων,ὁ
758 1797 795 1860 δέ
804 1819 860 1879 μοι
871 1798 974 1877 γέλως
986 1791 1113 1878 ὀχιιηδ-

106 1886 167 1974 μδς
189 1881 242 1974 ἦν.
276 1895 379 1955 ταῦτα
401 1885 431 1953 δ’
451 1885 505 1970 ἄρ’
527 1889 688 1955 ἐνενόουν
710 1887 793 1972 πρὸς
813 1890 974 1975 ἐμαυτόν·
1005 1885 1031 1955 ὦ
1057 1896 1115 1974 τῆς

105 1984 247 2072 άκαίρον
263 1986 385 2072 ταύτης
400 1992 596 2071 περιεργίας.
620 1993 655 2052 τί
666 1989 718 2070 δέ,
737 1992 767 2054 εί
782 1986 883 2064 λύκος
897 1988 1113 2072 παρεισέλθοι

103 2080 124 2169 ἢ
137 2083 217 2152 άλλο
229 2111 260 2150 τι
270 2089 410 2170 δηρίον;
433 2084 668 2153 κινδυνεύεταί
675 2112 730 2171 μοι
743 2085 847 2172 μηδὲν
857 2082 963 2153 κακὸν
975 2109 1113 2170 πεποιη-

104 2183 175 2251 κότι
192 2188 432 2270 διαφθαρῆναι.
454 2190 557 2251 ταῦτα
568 2187 696 2251 ἐννοῶν
706 2182 855 2270 ἠγνόουν
871 2180 1065 2268 ὀδυστυχης
1076 2180 1112 2249 τὸ

103 2284 226 2368 μέλλον
240 2283 354 2350 κακόν.
377 2290 427 2352 16.
444 2284 514 2351 ἐπεὶ
525 2280 589 2368 γάρ
602 2274 645 2369 ἦν
656 2281 720 2369 ἤδη
732 2281 793 2363 νύξ
803 2291 925 2370 βαθεῖα
937 2285 992 2350 καὶ
1006 2279 1113 2366 σιωπὴ

103 2377 207 2466 πολλὴ
226 2385 280 2449 καί
296 2379 402 2460 ῦπνος
423 2378 440 2448 ὁ
458 2382 602 2468 γλυκύς,
630 2395 736 2466 ψοφεῖ
749 2388 810 2468 μὲν
825 2387 952 2462 ἔξωθεν
973 2379 990 2448 ὁ
1006 2395 1113 2467 τοῖχος

103 2477 146 2556 ὡς
161 2479 433 2567 διορνττόμενος,
450 2483 504 2548 καλ
520 2481 719 2566 διωρύττετό
734 2506 788 2567 γε,
811 2483 863 2548 καὶ
879 2479 943 2567 ὀπη
959 2479 1022 2566 ἤδη
1040 2482 1111 2565 ἐγε-

102 2578 195 2662 μόνει
210 2577 396 2662 ἄνθρωπον
409 2581 567 2660 δέξασθαι
580 2581 767 2665 δυναμένη,
786 2581 839 2646 καί
855 2577 960 2658 εὐθύς
974 2579 1113 2666 άνθρω-

101 2699 163 2751 πος
179 2675 282 2762 ταύτη
303 2677 423 2765 παρῄει
444 2680 498 2745 καί
521 2677 620 2756 ἄλλος
644 2677 783 2763 ὁμοίως,
807 2682 860 2746 καὶ
882 2683 998 2748 πολλοὶ
1014 2683 1113 2747 ἔνδον

101 2765 188 2858 ἦσαν
203 2775 256 2839 καὶ
271 2773 392 2852 πάντες
407 2773 494 2860 είχον
510 2781 597 2862 ξίφη.
620 2775 689 2843 εἶτα
706 2777 950 2864 καταδύσαντες
965 2783 1065 2845 ἔνδον
1076 2779 1113 2843 ἐν

101 2885 170 2949 τοῖς
182 2875 357 2956 δωματίοις
367 2870 427 2939 τδν
436 2871 616 2960 Ἵππαρχον
628 2875 682 2942 καὶ
692 2870 754 2959 τὴν
762 2881 978 2961 Παλαίστραυ
987 2879 1041 2943 καὶ
1054 2873 1113 2942 τόν

103 2967 184 3056 έμδν
203 2973 333 3056 οἰκέτην
350 2967 455 3049 άδεῶς
474 2971 537 3058 ἤδη
554 2970 616 3058 τὴν
632 2977 741 3040 οἰκίαν
757 2974 897 3040 ἐκίνουν
918 2973 957 3040 τά
980 3000 1014 3040 τε
1031 2973 1113 3061 χρή-

101 3096 187 3156 ματα
202 3071 256 3137 καλ
273 3068 313 3136 τά
328 3070 440 3155 ίμάτια
456 3071 511 3138 καὶ
528 3068 567 3137 τά
583 3070 687 3156 σκεύη
707 3077 895 3156 κομίζοντες
912 3077 983 3151 ἔξω.
1017 3069 1060 3151 ὡς
1076 3071 1111 3139 δὲ

101 3165 203 3236 οὐδὲν
219 3167 299 3236 άλλο
315 3173 414 3236 ἔνδον
431 3177 656 3252 κατελείπετο,
681 3169 841 3255 λαβόντες
856 3170 915 3256 ἐμέ
928 3196 963 3237 τε
984 3168 1112 3238 καὶτὸν

102 3264 204 3335 ἄλλον
221 3266 302 3335 ὄνον
314 3269 369 3334 καὶ
383 3265 443 3334 τὸν
457 3271 562 3335 ἵππον
577 3271 749 3355 ἐπέταξαν,
768 3274 878 3336 ἔπειτα
894 3266 956 3336 ὅσα
972 3269 1113 3356 ἐβάστα-

103 3386 176 3452 σαν,
192 3370 431 3453 έπικατέδησαυ
446 3363 532 3454 ἡμῖν.
556 3370 610 3436 καί
622 3365 729 3446 οὕτως
740 3370 823 3454 μέγα
833 3365 937 3454 άχθος
949 3368 1113 3453 φέροντας
