2575 3842
402 187 520 245 ΠΕΡΙ
543 186 817 246 ΟΡΧΗΣΕΩΣ.
1052 188 1109 251 161

103 351 207 411 ταῦτα
221 355 359 430 εἴσεται,
375 347 430 411 καί
443 342 482 409 τὰ
498 344 644 429 νεώτερα
661 344 696 411 δὲ
710 343 772 412 ὅσα
787 345 867 430 μετὰ
879 345 941 433 τήν
956 354 1113 416 Μακεδό-

103 467 175 506 νων
190 439 295 526 ἀρχήν
317 442 485 526 ἐτολμήθη
503 439 569 508 ῦπό
585 468 620 507 τε
637 439 856 528 Ἀντιπάτρου
870 448 924 513 καὶ
939 448 1027 532 παρὰ
1044 456 1113 514 Σε-

103 540 228 607 λεύκου
239 542 291 607 ἐπὶ
305 548 351 629 τῷ
364 546 587 625 Στρατονίκης
598 544 703 621 ἔρωτι.
726 545 776 608 59.
793 539 832 607 τὰ
843 540 907 626 γὰρ
919 549 1112 628 Αἰγυπτίων

104 636 334 722 μυστικώτερα
349 636 430 704 ὄντα
447 646 567 703 εἴσεται
581 641 660 720 μέν,
681 638 969 723 συμβολικώτερον
989 638 1024 705 δὲ
1041 641 1112 704 έπι-

105 739 259 819 δείξεται,
280 732 340 801 τόν
352 732 509 818 Ἔπαφον
523 736 608 817 λέγω
624 736 677 800 καὶ
693 732 889 819 τὸνὍσιριν
904 734 1030 813 καὶτὰς
1045 742 1113 801 τῶν

106 838 198 898 θεῶν
210 840 254 910 είς
265 832 306 899 τοὶ
321 838 386 921 ζῷα
397 831 597 917 μεταβολάς·
619 828 682 916 πρὸ
699 833 835 898 πάντων
847 831 883 899 δὲ
893 830 932 898 τὰ
945 834 1018 916 περὶ
1033 828 1111 907 τούς
1128 846 1181 901 300

107 934 230 1015 ἔρωτας
249 928 363 997 αὐτων
379 932 433 997 καὶ
455 927 559 995 αὐτοῦ
581 936 641 995 τοῦ
660 925 744 1005 Διὸς
763 930 818 995 καί
839 935 884 1006 είς
907 927 970 996 ὅσοι
992 926 1111 995 ἑαυτὸν

106 1026 357 1111 μετεσκεύασεν.
379 1032 429 1095 60.
451 1034 571 1093 είσεται
587 1025 623 1091 δέ
644 1028 697 1093 καὶ
719 1022 780 1110 τήν
796 1028 833 1093 ἐν
845 1024 961 1093 Ἅιδου
978 1024 1111 1093 ἅπασαν

106 1128 294 1213 τραγῳδίαν
308 1122 432 1202 καὶτὰς
446 1125 596 1201 κολάσεις
607 1126 660 1190 καὶ
675 1122 732 1201 τοὶς
745 1122 799 1208 ἐφ’
812 1124 932 1211 ἑκάστη
943 1131 1046 1200 αίτίας
1057 1125 1112 1190 καὶ

106 1218 168 1305 τήν
191 1228 358 1304 Πειρίθου
381 1225 436 1290 καὶ
461 1224 594 1306 Θησέως
618 1219 693 1307 ῦχρι
718 1228 780 1287 τοῦ
796 1222 911 1287 ΗΑιδου
939 1224 1110 1306 ἑταιρείαν.

105 1322 156 1386 61.
174 1319 350 1387 συνελόντι
362 1321 397 1386 δὲ
413 1325 534 1403 εἰπεῖν,
554 1317 654 1387 οὐδὲν
667 1326 735 1385 τῶν
745 1315 811 1383 ὑπὸ
826 1324 886 1385 τοῦ
894 1316 1042 1404 Ὁμήρου
1058 1318 1112 1383 καὶ

101 1411 259 1483 Ἡσιόδου
273 1419 405 1485 καὶτῶν
419 1414 563 1501 ἀρίστων
578 1425 724 1502 ποιητῶν
739 1417 794 1484 καὶ
808 1416 947 1502 μάλιστα
961 1423 1017 1500 τῆς
1032 1442 1112 1499 τρα-

105 1517 229 1603 γῳδίας
242 1518 432 1599 λεγομένων
445 1513 611 1600 ἀγνοήσει.
638 1519 741 1581 ταῦτα
760 1513 850 1581 ποίνυ
869 1511 962 1599 ὀλίγα
979 1516 1014 1580 ἐκ
1030 1521 1112 1580 πολ-

105 1617 192 1695 λῶν,
205 1618 332 1696 μᾶλλον
343 1614 379 1677 δέ
390 1609 536 1697 ἀπείρων
548 1608 584 1677 τὸ
598 1618 727 1697 πλῆθος
740 1609 859 1689 ἐξελών
871 1609 910 1678 τά
922 1619 1112 1696 κεφαλαιω-

106 1709 243 1793 δέστερα
260 1712 429 1793 κατέλεξα,
450 1707 489 1776 τὰ
506 1708 589 1778 όλλα
605 1723 672 1787 τοῖς
692 1735 727 1775 τε
742 1724 890 1795 ποιηταῖς
905 1708 999 1795 ἀφεὶς
1019 1707 1112 1798 ᾄδειν

105 1806 249 1883 καὶτοῖς
270 1802 442 1891 ὀρχησταῖς
462 1804 574 1884 αῦτοῖς
590 1807 763 1873 δεικνύναι
784 1809 838 1873 καὶ
859 1809 910 1873 σοὶ
932 1810 1112 1891 προσεξευ-
1171 1892 1174 1901 .

106 1909 235 1988 ρίσκειν
246 1900 326 1971 καθ’
340 1900 516 1990 ὁμοιότητα
526 1911 593 1970 τῦν
604 1904 864 1987 προειρημένων,
882 1900 966 1987 ἅπερ
982 1900 1112 1994 ἅπαντα

2 2083 3 2090 χ
105 2000 265 2086 πρόχειρα
279 2002 334 2068 καὶ
350 1999 433 2087 πρὸς
448 1998 507 2068 τὸν
523 1998 641 2085 καιρόν
657 2002 797 2067 ἕκαστον
812 2006 856 2086 τῷ
874 1996 1015 2084 ὀρχηστῇ
1029 2022 1112 2081 προ,

107 2102 333 2183 πεπορισμένα
361 2102 416 2167 καὶ
439 2097 742 2184 προτεταμιευμένα
762 2105 894 2163 κεῖσθαι
918 2092 1109 2177 ἀναγκαῖον.

105 2202 157 2262 62.
174 2197 244 2264 ἐπεὶ
256 2196 291 2264 δὲ
307 2197 481 2283 μιμητικός
496 2198 563 2263 ἐστι
578 2196 633 2262 καὶ
653 2195 809 2280 κινήμασι
827 2189 866 2259 τὰ
882 2190 1028 2281 ᾀδόμενα
1043 2195 1112 2257 δεί-

47 2370 55 2385 ὶ
105 2299 175 2374 ξειν
190 2291 411 2380 ὑπισχνεῖται,
426 2291 609 2377 ἀναγκαῖον
624 2288 714 2381 αὐτῷ
726 2288 808 2373 ὅπερ
819 2290 874 2356 καὶ
887 2302 954 2366 τοῖς
965 2288 1110 2373 ῥήτορσι,

105 2392 294 2479 σαφήνειαν
304 2390 419 2461 ἀσκεῖν
425 2443 434 2476 ,
452 2390 496 2470 ῦς
506 2395 646 2458 ἕκαστον
657 2395 724 2455 τῶν
734 2389 961 2473 δεικνυμένων
976 2383 1036 2453 ὑπ’
1048 2382 1112 2451 αῦ-

105 2498 167 2557 τοῦ
189 2494 375 2576 δηλοῦσθαι
391 2488 534 2577 μηδενός
550 2492 710 2574 ἐξηγητοῦ
733 2486 908 2570 δεόμενον,
937 2481 1010 2553 ἀλλ’
1029 2482 1110 2567 ὅπερ
1128 2492 1178 2547 301

106 2594 171 2673 ἔφη
187 2584 204 2654 ὁ
219 2586 373 2666 Πυθικός
387 2590 548 2675 χρησμός,
571 2592 623 2655 δεῖ
634 2580 694 2651 τόν
714 2583 888 2667 θεώμενον
905 2580 1041 2668 ὄρχησιν
1058 2584 1112 2648 καὶ

106 2695 228 2772 κωφοῦ
243 2690 394 2755 συνιέναι
410 2690 464 2755 καὶ
480 2685 523 2773 μή
540 2688 715 2759 λαλέοντος
727 2687 802 2768 (τοῦ
814 2679 991 2767 ὀρχηστοῦ)
1007 2678 1112 2745 ἄκου’-

107 2812 167 2853 ειν.
189 2791 239 2855 63.
257 2784 277 2853 δ
291 2784 332 2872 δή
344 2789 399 2855 καί
410 2786 605 2874 Δημήτριον
619 2779 678 2849 τόν
691 2776 843 2848 Κυνικόν
857 2789 979 2846 παθεῖν
993 2781 1113 2862 λέγου-

106 2903 177 2951 σιν·
208 2886 276 2951 έπεὶ
292 2881 358 2968 γὰρ
378 2885 433 2950 καὶ
449 2880 549 2960 αὐτὸς
566 2880 665 2965 ὅμοιοί
682 2898 734 2945 σοι
749 2876 925 2962 κατηγόρει
944 2881 1001 2959 τής
1013 2871 1113 2958 ὀρχη-

105 2988 237 3068 στικής,
253 2984 360 3067 λέγων
370 2988 431 3047 τοῦ
445 2979 552 3048 αῦλοῦ
563 2980 695 3046 καὶτῶν
707 2982 876 3060 συρίγγων
888 2974 941 3041 καὶ
953 2979 1020 3038 νῦν
1032 2969 1113 3037 κιό-

104 3104 180 3146 πων
194 3076 366 3164 πιίρεργόν
382 3105 412 3145 τι
427 3075 486 3145 τὸν
501 3072 666 3161 ὀρχηστήν
677 3071 778 3156 εἶναι,
794 3074 897 3158 μηδὲν
912 3067 1016 3137 αὐτὸν
1031 3066 1113 3155 πρὸς

54 3187 60 3203 “
104 3174 141 3243 τὸ
157 3180 268 3263 δρᾶμα
283 3182 523 3260 συντελοῦντα,
542 3172 748 3258 κινούμενον
760 3171 795 3239 δέ
807 3171 931 3256 ῦλογον
943 3168 1049 3246 ἄλλως
1061 3173 1112 3235 κί-

104 3294 205 3359 νησιν
224 3274 279 3341 καὶ
296 3273 454 3359 μάταιον,
479 3267 618 3349 οὐδενός
634 3268 718 3359 αῦτή
741 3278 804 3338 νοῦ
821 3270 1021 3355 προσόντος,
1045 3273 1112 3334 τῶν

103 3376 141 3440 δὲ
152 3370 347 3457 ἀνθρώπων
358 3385 425 3450 τοῖς
436 3374 510 3457 περὶ
519 3368 555 3438 τό
568 3376 702 3457 πρᾶγμα
716 3371 979 3456 γοητευομένων,
995 3369 1108 3452 έσθήτι

189 3482 293 3521 mcum.
315 3467 347 3521 ΙΙ.
