2575 3842
352 237 480 294 ΖΕΥΣ
502 237 789 297 ΤΡΛΓΩιΔΟΣ.
1012 233 1074 295 353

149 403 178 462 9.
195 402 301 463 ΠΟΣ.
322 397 387 463 Καὶ
403 401 519 480 τούτο,
543 386 703 482 ω’Ἐρμῆ,
722 387 869 481 δίκαιον,
895 407 955 462 τον
970 423 1073 463 κυνο-
1093 414 1145 468 σολ

66 493 247 576 πρόσωπον
268 500 390 561 τούτου
409 497 624 573 προκαθίζειν
650 521 716 578 μου
736 493 795 560 τὸν
814 493 999 580 Αίγύπτιον
1021 497 1075 561 καὶ

66 598 167 657 ταῦτα
179 594 392 666 Ποσειδῶνος
408 587 520 669 ὅντος;

149 694 252 754 EPM.
275 693 353 754 Ναί.
383 683 465 756 ἄλλα
488 685 524 752 σε
542 688 620 771 μέν,
645 679 868 774 ύένοσίγαιε,
892 685 1074 774 χαλκοῠνὸ

66 789 240 863 Λύσιππος
257 787 311 852 καί
331 786 455 869 πένητα
475 786 647 868 ἐποίησεν,
669 783 732 851 ούκ
754 785 898 871 ἐχόντων
913 785 987 852 τότε
1008 792 1076 850 τῶν

66 890 262 968 Κορινθίων
276 881 420 966 χρυσόν·
445 872 542 957 οὗτος
557 881 593 948 δέ
608 879 700 960 ὅλοις
715 884 888 967 μετάλλοις
905 882 1076 950 πλουσιώ-

65 980 159 1062 τερός
168 984 266 1048 ἐστιν.
283 978 460 1064 ἀνέχεσθαι
473 971 536 1045 ούν
547 981 608 1065 χρὴ
620 983 858 1067 παρεωσμένον
869 984 924 1050 καὶ
936 979 980 1066 μὴ
992 979 1076 1065 ύγα-

67 1091 218 1160 νακτείν,
236 1087 268 1144 εί
278 1103 326 1156 τις
338 1080 413 1162 ῥῖνα
428 1079 630 1162 τηλικαύτην
640 1087 770 1166 χρυσῆν
783 1085 867 1165 ἔχων
880 1086 1076 1165 προτετίμη-

65 1181 122 1243 ταί
135 1198 206 1242 σου.

153 1281 201 1343 10.
224 1282 322 1342 ΑΦΡ.
348 1273 503 1361 Ούκούν,
526 1267 687 1362 οἷ’λίρμῆ,
716 1274 798 1362 κάμὲ
816 1274 929 1363 λαβών
951 1278 988 1342 έν
1008 1288 1081 1352 τοῖςΙ

65 1375 241 1460 προέδροις
256 1397 323 1439 που
339 1373 469 1452 κάθιζε·
491 1381 596 1459 χρυσῆ
612 1375 677 1460 γιίρ
695 1379 768 1460 εἰμι.

152 1478 253 1540 ΕΡΜ.
278 1468 348 1556 Ούχ
363 1467 425 1538 ὅσα
440 1496 494 1556 γε,
520 1463 548 1538 ὦ
567 1469 758 1559 Ἀφροδίτη,
780 1468 863 1556 κάμέ
878 1467 979 1557 ὁρᾶν,
1000 1467 1073 1538 ἀλλ’

66 1574 95 1638 εί
110 1569 153 1654 μὴ
171 1571 262 1635 πάνυ
276 1575 384 1654 λημῶ,
401 1575 502 1636 λίθου
518 1576 577 1635 τοῦ
592 1575 716 1636 λευκοῦ
730 1570 959 1654 Πεντέληθεν,
975 1567 1075 1653 οἶμαι,

66 1673 343 1750 λιθοτομηθεῖσα,
371 1663 438 1732 εἶτα
461 1665 561 1744 δόξαν
583 1664 671 1733 οὕτω
684 1669 877 1749 Πραξιτέλει
899 1661 1075 1750 Ἀφροδίτη

66 1763 229 1848 γενομένη
246 1765 395 1840 Κνιδίοις
409 1763 609 1848 παρεδόθης.

150 1866 247 1927 ΑΦΡ.
267 1861 331 1927 Καὶ
345 1857 413 1946 μὴν
424 1859 616 1940 ύξιύπιστύν
630 1881 683 1928 σοι
695 1861 848 1947 μάρτυρα
859 1857 1071 1946 τὸνὍμηρον
1093 1875 1145 1931 653

65 1960 247 2043 παρεξομαι
266 1955 336 2022 ι’ίνω
351 1958 406 2024 καὶ
424 1957 513 2023 κύτφ
535 1963 603 2022 τείν
618 1959 798 2047 ῥαψῳδιῶν
811 1963 940 2043 χρυσῆν
954 1982 994 2041 με
1015 1956 1077 2041 τὴν

61 2052 263 2141 Ἀφροδίτην
279 2051 362 2121 εἶναι
377 2057 525 2139 λέγοντα.

151 2159 254 2219 ΕΡΜ.
278 2153 344 2219 Καὶ
366 2150 430 2240 γὰρ
452 2150 513 2220 τδν
532 2150 678 2219 Ἀπόλλω
700 2148 718 2215 ὀ
741 2147 841 2228 αύτδς
862 2150 1078 2237 πολύχρυσον

65 2249 151 2318 εἶναι
168 2257 230 2337 ἔφη
247 2253 301 2318 καί
317 2251 495 2319 πλούσιον·
518 2247 601 2318 ἀλλὰ
616 2256 683 2316 νύν
698 2246 774 2327 ὄψει
788 2245 945 2316 κάκείνου
960 2252 996 2315 έν
1011 2262 1077 2327 τοίς

65 2355 226 2435 ζευγίταις
239 2374 305 2417 που
317 2350 527 2436 καθήμενον,
541 2348 865 2434 ἀπεστεφανωμένον
879 2374 917 2434 γε
929 2346 994 2416 ὑπδ
1008 2353 1077 2416 τῶν

64 2456 197 2536 ληστοῐν
218 2452 271 2516 καὶ
293 2446 371 2527 τούς
389 2449 554 2528 κόλλοπας
575 2454 633 2532 τῆς
654 2447 798 2533 κιθάρας
815 2448 1076 2533 περισεσυλημέ-

64 2572 137 2614 νον.
162 2545 246 2614 ὥστε
261 2545 372 2633 ἅγοίπα
394 2552 447 2616 καὶ
465 2546 508 2616 σύ
528 2543 571 2633 μὴ
589 2544 681 2613 πάνυ
697 2549 733 2612 έν
752 2552 797 2636 τῷ
814 2553 941 2637 θητικῷ
959 2548 1076 2632 ἐκκλη-

64 2646 234 2724 σιύζουσα.

153 2748 200 2811 11.
220 2751 480 2812 ΚΟΛΟΣΣΟΣ.
501 2743 588 2830 Ἐμοὶ
601 2745 636 2810 δὲ
648 2748 696 2821 τίς
707 2739 750 2809 δν
763 2745 868 2827 ἐρίσαι
882 2744 1075 2828 τολμήσειεν

59 2840 160 2930 Ἡλίῳ
170 2867 204 2908 τε
216 2839 287 2908 ὅντε
298 2845 353 2908 καί
363 2842 546 2932 τηλικούτῳ
558 2839 594 2907 τδ
607 2842 765 2925 μέγεθος;
782 2847 812 2908 εί
819 2847 905 2925 γοῦν
916 2839 960 2926 μη
973 2838 1076 2921 ὑπερ-

66 2947 139 3026 φυοί
166 2941 249 3024 μηδὲ
274 2936 480 3024 ὑπέρμετρον
509 2945 543 3008 οί
557 2937 679 3006 Ῥόδιοι
702 2939 1019 3006 κατασκευάσασθαί
1036 2964 1077 3024 με

64 3037 226 3126 ἠξίωσαν,
251 3033 317 3104 dud
340 3044 400 3104 τού
423 3047 499 3105 ίσου
523 3041 720 3124 τελέσματος
737 3039 910 3106 ἑκκαίδεκα
933 3044 1077 3122 χρυσοῦς

64 3136 169 3215 θεούς
184 3139 378 3222 έπεποίηντο
394 3133 452 3201 ι’ίν·
470 3133 553 3203 έίστε
564 3136 734 3222 ἀνάλογον
746 3140 1020 3219 πολυτελέστερος
1033 3130 1077 3201 δν

66 3241 271 3322 νομιζοίμην.
299 3238 352 3302 καί
369 3235 549 3319 πρόσεστιν
568 3233 589 3322 ἡ
606 3237 703 3322 τέχνη
724 3239 779 3304 καί
798 3243 855 3323 τῆς
870 3238 1023 3321 ἐργασίας
1037 3232 1073 3301 τδ
1092 3245 1146 3301 654

66 3334 200 3422 ἀκριβὲς
217 3337 254 3401 ἐν
270 3336 405 3420 μεγέθει
420 3335 578 3425 τοσούτῳ.
828 3411 838 3436 ⁹

16 3463 18 3570 χ
151 3440 255 3500 ΕΡΜ.
277 3439 339 3582 ΙΙΤί,
359 3425 482 3518 οἶΖεύ,
497 3432 558 3520 χρη
570 3449 694 3516 ποιεῖνς
717 3437 896 3522 δύσκριτον
908 3438 979 3588 ἐμοὶ
990 3443 1077 3524 γοῦν

152 3543 254 3582 [πτίλα.
303 3569 309 3582 .
895 3528 925 3590 2.
