2575 3842
363 216 589 274 ΛΟΥΚΙΟΣ
607 220 636 270 Η
657 216 798 276 ΟΝΟΣ.
1023 214 1085 279 337

66 381 235 460 πείσαιμι,
259 370 303 452 ὡς
318 371 360 440 οὐ
376 375 627 460 καταφεύδομαι
649 373 739 442 οὕτω
756 374 903 461 γεγονός.
929 379 978 442 55.
996 375 1083 444 καὶὸ

66 472 199 558 ἅρχων,
218 476 321 558 Λέγε,
338 478 457 558 φησίν,
475 469 555 556 ἡμῖν
566 470 673 556 ὄνομα
683 469 720 539 νδ
733 469 796 538 σδν
808 472 863 539 καὶ
874 476 1003 556 γονέων
1017 482 1085 542 τών

68 578 141 636 σοῖν
157 572 211 638 καλ
227 577 421 656 συγγενῶν,
444 579 477 638 εί
489 595 580 646 τινας
599 566 664 654 φὴς
685 575 772 654 ἔχειν
788 576 834 658 τῷ
850 572 939 655 γένει
956 572 1085 658 προσή-

68 693 207 754 κοντας,
223 670 277 735 καὶ
292 667 401 736 πόλιν.
425 664 533 752 κάγώ,
556 665 673 754 Πατὴρ
691 671 768 752 μέν,
785 673 888 753 ἔφην,
907 678 921 711 *
935 675 1002 711 ***
1017 673 1085 736 ἔστι

67 794 125 853 μοι
142 770 303 852 Λούκιος,
325 774 371 857 τῷ
387 769 421 833 δὲ
436 763 572 855 ἀδελφώ
588 772 633 855 τῷ
649 770 716 854 ἐμῷ
730 764 847 841 Γάϊος·
876 763 977 850 άμφω
995 762 1084 831 δὲτὰ

68 861 169 930 λοιπά
183 865 245 932 δύο
261 861 409 950 ὀνόματα
421 862 518 932 κοινά
533 869 661 949 ἔχομεν.
684 860 776 947 κάγώ
788 863 850 947 μὲν
861 867 1018 947 ἱστοριῶν
1028 867 1084 930 καὶ

68 958 183 1027 ἀλλων
199 963 262 1046 εἰμὶ
283 961 515 1047 συγγραφεύς,
542 961 561 1029 ὁ
576 962 613 1030 δὲ
628 956 766 1046 ποιητὴς
781 964 933 1044 ἐλεγείων
948 963 1014 1027 ἐστὶ
1029 963 1083 1028 καί

68 1056 187 1142 μάντις
203 1056 347 1143 ἀγαθός·
371 1061 486 1140 πατρὶς
503 1058 539 1126 δὲ
553 1055 631 1145 ἡμῖν
641 1059 773 1141 Πάτραι
785 1064 843 1143 τῆς
855 1054 992 1144 Ἀχαΐας.
1017 1056 1083 1125 ὁδὲ
1102 1084 1154 1138 623

69 1153 227 1240 δικαστὴς
243 1158 311 1225 ἐπεὶ
328 1163 431 1224 ταῦτα
445 1156 585 1243 ἤκουσε,
603 1157 777 1225 Φιλτάτων
795 1158 883 1242 ἐμοί,
901 1162 984 1243 ἔφη,
1006 1165 1083 1225 λίαν

69 1251 208 1335 ἀνδρῶν
223 1251 296 1331 νίδς
314 1253 343 1322 εί
357 1257 411 1322 καὶ
428 1257 532 1334 ξένων
548 1260 635 1344 οίκίηι
650 1257 687 1321 τέ
700 1279 740 1339 με
755 1250 1014 1339 ὑποδεξαμένων
1030 1256 1083 1321 καὶ

70 1349 194 1431 δώροις
208 1351 430 1437 τιμησάντων,
447 1356 502 1421 καὶ
516 1357 691 1437 ἐπίσταμαι
706 1350 757 1419 ὅτι
769 1350 870 1420 οὐδὲν
885 1354 993 1441 ψεύδη
1006 1366 1084 1431 παῖς

70 1449 209 1514 ἐκείνων
225 1447 288 1516 ών·
316 1453 369 1519 καὶ
385 1459 446 1519 τοῦ
464 1456 588 1537 δίφρου
605 1447 822 1537 ἀναπηδήσας
841 1452 1033 1538 περιβάλλει
1048 1477 1084 1518 τε

69 1547 125 1610 καλ
137 1544 244 1612 πολλά
257 1549 372 1632 ἐφίλει,
386 1555 444 1616 καί
452 1575 492 1634 με
504 1553 616 1617 οίκαδε
628 1541 712 1634 ἦγεν
724 1546 768 1627 ὡς
781 1550 910 1617 έαντόν.
928 1552 965 1616 έν
975 1551 1083 1640 τούτῳ

71 1640 107 1707 δὲ
129 1645 183 1708 καὶ
203 1640 221 1709 ὁ
245 1643 321 1729 ἐμός
337 1644 481 1732 ἀδελφὸς
502 1646 639 1733 ἀφίκετο
662 1646 827 1733 ἀργύριον
848 1652 902 1716 καὶ
924 1648 1008 1717 ἀλλα
1027 1673 1081 1734 μοι

72 1735 180 1805 πολλά
199 1747 359 1826 κομίζων,
377 1741 442 1810 κάν
458 1746 565 1835 τούτῳ
581 1771 620 1831 με
632 1744 650 1810 ὁ
663 1744 776 1832 άρχων
791 1751 932 1834 δημοσίᾳ
947 1747 1084 1812 πάντων

72 1835 270 1904 ἀκουόντων
292 1837 440 1909 ἀπολύει.
455 1863 459 1870 ·
473 1846 527 1911 καὶ
551 1845 709 1924 ἐλθόντες
726 1849 778 1914 έπλ
795 1848 973 1914 θάλασσαν
995 1851 1083 1912 ναῦν

72 1937 288 2022 ἐσκεψάμεθα
309 1941 363 2006 καὶ
379 1937 441 2024 τὴν
456 1939 650 2028 ἀποσκευὴν
670 1946 865 2029 ένεθέμεθα.
900 1949 950 2009 56.
967 1939 1031 2027 ἐγώ
1048 1942 1083 2006 δὲ

72 2035 251 2118 κράτιστον
263 2035 346 2104 εἶναι
358 2042 467 2123 ἔγνων
478 2041 591 2107 ἐλθεῖν
605 2039 695 2122 παρὰ
706 2040 768 2128 τὴν
779 2053 922 2126 γυναῖκα
932 2036 995 2124 τὴν
1007 2041 1084 2121 ἐρα-

73 2132 216 2200 σθεῖσάν
233 2159 299 2220 μον
317 2143 378 2203 τοῦ
395 2135 495 2222 όνου,
516 2145 662 2205 καλλίων
679 2135 762 2227 αὐτῇ
778 2147 959 2225 φανεῖσθαι
977 2137 1085 2222 λέγων

71 2239 138 2300 νῦν
154 2235 191 2300 έν
207 2231 377 2326 ἀνθρώπῳ
401 2234 457 2304 ών.
487 2235 506 2322 ἡ
528 2238 563 2304 δὲ
586 2235 713 2323 ἀσμένη
730 2241 766 2304 τέ
786 2233 821 2322 μ’
839 2238 1019 2315 εἰσεδέξατο
1038 2241 1084 2325 τῷ

71 2334 261 2423 παραδόξῳ,
279 2331 379 2419 ολμαι,
396 2335 662 2421 τοῦπράγματος
676 2338 925 2420 ἐπιτερπομένη,
944 2336 998 2401 καὶ
1015 2337 1084 2401 δει-

72 2445 170 2498 πνεῖν
185 2430 251 2499 σδν
266 2429 349 2522 αὐτῇ
361 2437 415 2502 καὶ
429 2435 611 2504 καθεύδειν
626 2438 769 2504 ίκέτενε·
792 2428 883 2518 κάγώ
899 2431 1085 2518 ἐπειθόμην

72 2533 237 2616 νεμέσεως
253 2530 346 2612 ἀξιον
363 2532 447 2600 εἶναι
463 2540 607 2620 νομίζων
622 2532 683 2603 τδν
698 2532 781 2603 όνον
792 2529 852 2600 τὸν
867 2527 1083 2616 ἀγαπηθέντα

74 2635 141 2696 νῦν
156 2630 342 2715 γενόμενον
353 2631 539 2714 ἀνθρωπον
554 2630 776 2717 ὑπερτρνφᾶν
790 2634 845 2699 καὶ
856 2627 918 2715 τὴν
930 2632 1085 2715 ἐρασθεί-

74 2750 139 2794 σαν
161 2725 348 2810 ὑπερορᾶν·
379 2733 433 2798 καὶ
451 2735 575 2798 δειπνώ
596 2729 662 2797 σὺν
682 2728 767 2819 αὐτῇ
788 2729 842 2798 καλ
862 2727 949 2797 πολὺ
968 2732 1003 2796 έκ
1024 2735 1084 2795 τοῦ

75 2827 186 2913 μύρον
196 2825 373 2913 ἀλείφομαι
385 2831 439 2897 καλ
451 2835 679 2914 στεφανοῦμαι
691 2835 737 2917 τῷ
747 2826 893 2917 φιλτάτῳ
903 2829 936 2904 ἐς
947 2825 1085 2908 ἀνθρώ-

75 2950 160 3002 πους
181 2951 221 3010 με
239 2922 448 2994 ἀνασώσαντι
464 2928 561 3016 ῥόδῳ.
596 2928 666 2993 ἐπεὶ
686 2927 721 2992 δὲ
739 2918 784 3011 ην
799 2922 861 3004 νύξ
880 2930 1004 3011 βαθεῖα
1020 2920 1084 3008 ἤδη
1103 2943 1154 2996 624

75 3023 130 3093 καὶ
151 3024 334 3092 καθεύδειν
357 3029 438 3111 ἔδει,
461 3022 553 3110 κάγώ
577 3023 608 3090 δ’
632 3027 848 3108 έπανίσταμαι
869 3023 922 3088 καὶ
946 3019 1086 3101 ώσπερελ

74 3125 158 3210 μέγα
172 3149 203 3189 τι
219 3119 353 3207 ἀγαθόν
364 3131 470 3192 ποιῶν
484 3121 674 3208 ἀποδύομαι
688 3124 742 3189 καὶ
756 3125 890 3207 ἵσταμαι
901 3116 1029 3205 γνμνδς
1041 3116 1085 3197 ώς

75 3226 182 3308 δῆθεν
200 3228 246 3289 ἔτι
261 3229 389 3308 μᾶλλον
408 3220 539 3305 ἀρέσων
554 3223 590 3287 ἐκ
606 3227 664 3305 τῆς
678 3219 761 3302 πρδς
775 3220 835 3287 τόν
849 3218 931 3285 δνον
946 3224 1086 3304 συγκρί-

75 3341 166 3398 σεως.
182 3319 202 3406 ἡ
214 3320 250 3388 δὲ
261 3319 372 3408 ἐπειδὴ
384 3319 452 3389 εἶδέ
459 3347 499 3407 με
509 3321 619 3387 πάντα
629 3318 831 3403 ἀνθρώπινα
842 3323 968 3404 ἔχοντα,
980 3338 1085 3400 προσ-

76 3418 227 3490 πτύσασά
244 3447 317 3506 μοι,
341 3418 392 3488 Οὐ
415 3425 539 3508 φθείρη
561 3416 619 3485 ἀπ’
638 3421 736 3506 ἐμοῦ,
759 3423 838 3506 ἔφη,
861 3420 987 3570 ungris
1007 3421 1085 3502 ἐμῆς

159 3529 263 3572 Lucum.
286 3516 318 3570 11.
