2575 3842
324 266 333 280 ι
456 185 767 248 mmm.
1055 194 1114 257 173

109 345 161 416 ότι
174 372 231 432 μοι
246 345 372 433 ἀβατον
382 349 458 414 ἐποί
443 352 537 430 ίησας
554 343 590 412 τό
604 345 691 414 πολύ
705 355 762 433 τῆς
773 344 862 418 ὁδοῦ.
881 349 962 437 Ἐγω
974 357 1013 420 δέ
1017 381 1062 441 ,η
1051 345 1113 422 δ’

108 443 156 529 ὅς,
173 450 293 527 σίλλος,
306 469 332 510 ω
320 435 497 528 δέσποτα,
510 446 689 528 γεγένημαι
700 446 737 511 σέ
748 454 922 530 περιορῶν.
944 445 987 515 οὐ
999 451 1034 516 δὲ
1046 474 1113 518 που
1099 458 1181 512 335

107 543 375 628 χθέςέδείπνεις;
395 548 467 626 μάν
482 538 576 660 παρά
585 539 823 633 Ὀνομακρίτῳ,
847 544 909 628 Οὔ,
928 572 973 632 μα
962 543 1042 614 Δί’
1045 541 1112 632 ,ήν

109 637 142 708 δ’
159 638 239 756 ἐγω,
258 636 332 706 ἀλλ’
352 636 534 737 ἀγρόνδε’
511 637 644 758 ῳχόμην
659 639 766 718 ψύττα
783 647 989 720 κατατείνας
1013 642 1112 711 οἶσθα

109 734 188 806 δὲ’
167 763 210 813 ως
232 730 439 821 φίλαγρόςί
409 761 423 802 ε
437 762 483 820 μι.
516 733 609 821 ὑμεῖς
631 737 667 802 δὲ
685 745 763 813 λσως
780 734 890 825 ῳεσθέ
902 765 943 823 με
958 748 1113 825 λαταγεῖν

108 833 299 952 κρττάβους.
323 830 395 900 ἀλλ’
410 829 522 901 είσιαὶν
532 833 634 899 ταῦτά
647 859 681 900 τε
693 832 793 901 καί
757 861 797 900 τα
809 833 893 903 ἀλλα
906 833 1045 922 ἡδύνειν
1056 839 1111 905 καὶ
1129 842 1180 896 326

108 931 169 1018 τήν
181 932 352 1012 κάρδοπον
362 937 459 1016 σμῆν,
477 927 520 1008 ὡς
531 935 728 1011 θριδακίνας
739 933 890 1016 μάττοιτε
900 931 990 1019 ἡμῖν.
1004 939 1033 1002 4.
1048 932 1112 1020 ἐγω

109 1031 145 1097 δὲ
161 1029 394 1114 ξηραλοιφήσω
409 1024 575 1096 ἀπελθών.
601 1032 667 1096 Kal
680 1028 788 1115 ἡμεῖς,
804 1022 826 1114 ή
840 1029 873 1097 δ’
887 1027 925 1108 δς
936 1029 953 1099 ὁ
965 1040 1111 1113 Φιλῖνος,

109 1127 175 1213 ἐγύ
194 1153 228 1193 τε
248 1127 303 1194 καὶ
322 1124 520 1211 Ὀνόμαρχος
537 1127 592 1192 καὶ
609 1124 797 1205 Ἑλλάνικος
815 1124 928 1197 οὑτοσὶ
938 1130 1110 1215 ἑψόμεθα·

109 1227 164 1294 καὶ
179 1223 242 1310 γάρ
255 1223 272 1291 ὁ
284 1224 429 1310 γνάμων
440 1223 563 1304 σκιάζει
578 1225 683 1310 μέσην
698 1224 759 1311 τήν
773 1225 895 1312 πόλον,
913 1232 967 1298 καὶ
983 1233 1055 1307 δέος
1066 1227 1109 1315 μή

109 1327 147 1392 έν
170 1329 310 1415 λουτρίῳ
335 1320 601 1408 ἀπολουσώμεθα
628 1323 769 1390 κατόπιν
795 1331 863 1391 των
891 1327 1111 1412 Καριμάντων
1225 1393 1231 1408 ,

108 1418 190 1507 μετά
205 1427 264 1486 τοῦ
280 1420 452 1505 σύρφακος
461 1420 566 1507 βύζην
584 1417 803 1506 ὠστιζόμενοι.
825 1425 880 1490 καλ
895 1421 1111 1501 ὁἙλλάνικος

98 1523 192 1602 -ἐφη,
211 1513 292 1604 Ἐγώ
314 1517 350 1585 δὲ
366 1519 419 1585 καλ
437 1522 597 1583 δυσωπῶ·
625 1520 680 1584 καί
693 1515 758 1602 γάρ
775 1515 814 1584 τά
833 1518 916 1601 κόρα
931 1545 988 1605 μοι
1005 1523 1111 1589 ἐπιτε-

108 1616 292 1682 θόλωσθον
306 1618 360 1682 καὶ
376 1619 617 1700 σκαρδαμυκτοῑ
637 1613 731 1700 θαμά
752 1619 807 1684 καὶ
828 1615 1027 1703 ἀρτίδακρύς
1047 1626 1112 1705 είμι

109 1713 163 1779 καί
186 1708 225 1778 τά
247 1709 376 1796 ὄμματά
398 1738 454 1797 μοι
478 1719 636 1802 φαρμακᾷ
656 1715 710 1780 καὶ
731 1717 846 1800 δέομαι
868 1713 1110 1804 Ἀσκληπιάδου
1128 1733 1179 1788 327

108 1806 199 1886 τινδς
218 1805 501 1894 ὀφθαλμοσόφου,
517 1805 553 1887 δς
564 1810 706 1890 ταράξας
716 1810 770 1877 καλ
785 1813 895 1896 ἐγχέας
909 1839 965 1897 μοι
977 1814 1111 1899 φάρμα-

109 1932 171 1974 κον
185 1902 435 1990 ἀπερυθριᾶσαί
446 1933 480 1973 τε
492 1905 621 1992 ποιήσει
633 1903 712 1982 τούς
723 1903 922 1993 ὀφθαλμούς
933 1913 987 1976 καὶ
998 1913 1112 1995 μηκέτι

108 2004 292 2088 λημαλέους
310 2000 394 2069 είυαι
415 2004 498 2088 μηδὲ
514 1998 627 2085 διερὸν
647 2004 789 2086 βλέπειν.
822 2008 852 2069 5.
872 2011 1017 2071 Τοιαῦτα
1032 2006 1112 2071 ἀττα

109 2099 287 2178 διεξιόντες
306 2098 449 2178 ἀπαντες
466 2105 500 2168 οί
518 2098 681 2184 παρόντες
702 2094 879 2186 ἀπῄειμεν·
909 2099 1111 2186 κάπειδήπερ

107 2196 233 2284 ἥκομεν
254 2203 300 2276 είς
320 2195 356 2265 τδ
377 2198 567 2284 γυμνάσιον
588 2195 820 2281 ἀπησθημένοι
836 2193 916 2283 ήδη,
946 2195 1043 2283 ὁμέν
1064 2224 1113 2276 τις

108 2294 363 2385 άκροχειρισμῳ,
379 2294 396 2364 δ
413 2298 449 2364 δέ
463 2303 670 2384 τραχηλισμῷ
687 2299 741 2363 καὶ
756 2293 931 2383 ὀρθοπάλῃ
947 2299 1077 2382 ἐχρῆτο,
1093 2294 1111 2363 δ

108 2395 144 2463 δέ
156 2401 233 2462 λίπα
245 2395 442 2480 χρισάμενος
454 2398 626 2480 ἐλυγίζετο,
638 2393 655 2462 ὁ
669 2398 705 2462 δὲ
715 2391 892 2481 ἀντέβαλλε
902 2401 947 2483 τῷ
959 2395 1111 2485 κωρύκῳ,

109 2491 127 2560 ὁ
144 2494 180 2561 δὲ
194 2496 418 2579 μολυβδαίνας
434 2497 630 2580 χερμαδίους
645 2490 797 2578 άράγδην
808 2497 892 2577 ἔχων
903 2493 1109 2580 ἐχειροβόλει.
1129 2508 1181 2561 338

109 2589 177 2658 εἶτα
191 2595 420 2677 συντριβέντες
432 2594 486 2658 καλ
497 2589 661 2677 ἀλλήλους
672 2589 975 2676 κατανωτισάμενοι
989 2594 1043 2659 καλ
1055 2595 1114 2677 ἐμ-

108 2691 283 2767 παίξαντες
299 2696 343 2778 τῷ
358 2697 530 2778 γυμνασίῳ
543 2687 606 2774 ἐγώ
622 2689 684 2774 μὲν
695 2690 750 2756 καὶ
760 2696 894 2765 Φιλῖνος
905 2691 942 2755 έν
952 2696 991 2776 τή
1002 2697 1113 2777 θερμῇ

109 2790 221 2876 πυέλῳ
236 2792 511 2874 καταιονηθέντες
526 2789 686 2876 ἐξήειμεν·
710 2790 743 2853 οέ
759 2787 869 2852 λοιποί
883 2783 920 2852 δέ
933 2783 969 2852 τό
986 2798 1114 2871 ψυχρο-

108 2884 215 2972 βαφὲς
229 2886 314 2969 κάρα
330 2889 578 2972 δελφινίσαντες
587 2886 760 2970 περιένεον
770 2881 969 2968 ὑποβρύχιοι
979 2894 1114 2968 θαυμα-

108 2989 196 3061 σίως.
219 2981 482 3066 ἀναστρέψαντες
497 2983 533 3051 δὲ
545 2976 647 3061 αὖθις
663 2981 763 3058 ἄλλος
777 2979 897 3062 άλλοσε
912 2981 995 3050 ἀλλα
1010 2986 1114 3065 ἐδρῶ-

107 3107 179 3167 μεν.
214 3078 278 3167 έγά
301 3081 361 3167 μὲν
382 3080 634 3168 ὑποδησάμενος
656 3079 798 3164 ἐξυόμην
820 3078 881 3163 τήν
903 3077 1052 3164 κεφαλήν
1076 3090 1114 3170 τῇ

107 3177 275 3266 ὀδοντωτῇ
302 3179 439 3269 ξύστρᾳ·
472 3182 527 3247 καλ
549 3177 612 3266 γάρ
632 3177 674 3246 ού
694 3178 831 3263 κήπιον,
858 3172 941 3244 ἀλλά
968 3179 1113 3263 σκάφιον
1130 3202 1182 3257 3ης

107 3277 296 3363 ἐκεκάρμην
311 3275 353 3356 ὡς
371 3274 415 3346 ἀν
431 3276 471 3345 ού
487 3276 550 3363 πρδ
566 3284 693 3346 πολλοῦ
704 3275 765 3344 τὸν
778 3274 902 3343 κόννον
915 3278 971 3344 καὶ
984 3274 1045 3362 τὴν
1056 3304 1113 3344 κο-

107 3383 257 3463 ρυφαίαν
274 3374 546 3462 ἀποκεκομηκώς·
568 3375 667 3456 ἀλλος
684 3374 937 3464 ἐθερμοτράγει,
953 3373 970 3444 ὁ
987 3377 1022 3445 δέ
1037 3375 1109 3463 ἤμει
