<?xml version="1.0" encoding="UTF-8"?>
<!DOCTYPE html PUBLIC "-//W3C//DTD XHTML 1.0 Transitional//EN"
    "http://www.w3.org/TR/xhtml1/DTD/xhtml1-transitional.dtd">
<html xmlns="http://www.w3.org/1999/xhtml" xml:lang="en" lang="en">
 <head>
  <title>
</title>
<meta http-equiv="Content-Type" content="text/html;charset=utf-8" />
  <meta name='ocr-system' content='tesseract 3.04.00' />
  <meta name='ocr-capabilities' content='ocr_page ocr_carea ocr_par ocr_line ocrx_word'/>
</head>
<body>
  <div class='ocr_page' id='page_1' title='image "./operaadoptimoru00jacogoog/operaadoptimoru00jacogoog_0356.png"; bbox 0 0 2575 3842; ppageno 0'>
   <div class='ocr_carea' id='block_1_1' title="bbox 184 194 838 273">
    <p class='ocr_par' dir='ltr' id='par_1_1' title="bbox 184 194 838 273">
     <span class='ocr_line' id='line_1_1' title="bbox 184 194 838 273; baseline -0.002 -17"><span class='ocrx_word' id='word_1_1' title='bbox 184 194 247 257; x_wconf 74' lang='grc' dir='ltr'><strong><em>σου</em></strong></span> <span class='ocrx_word' id='word_1_2' title='bbox 520 197 838 273; x_wconf 75' lang='grc' dir='ltr'><strong><em>[Λοναικαον]</em></strong></span> 
     </span>
    </p>
   </div>
   <div class='ocr_carea' id='block_1_2' title="bbox 111 352 1197 3484">
    <p class='ocr_par' dir='ltr' id='par_1_2' title="bbox 111 352 1197 3484">
     <span class='ocr_line' id='line_1_2' title="bbox 184 352 1195 443; baseline 0.003 -21"><span class='ocrx_word' id='word_1_3' title='bbox 184 363 288 438; x_wconf 80' lang='grc' dir='ltr'><strong><em>πειρῶ</em></strong></span> <span class='ocrx_word' id='word_1_4' title='bbox 300 354 343 441; x_wconf 73' lang='grc' dir='ltr'><strong><em>μὴ</em></strong></span> <span class='ocrx_word' id='word_1_5' title='bbox 358 355 531 440; x_wconf 78' lang='grc' dir='ltr'><em>σπεύδειν,</em></span> <span class='ocrx_word' id='word_1_6' title='bbox 545 353 617 422; x_wconf 87' lang='grc' dir='ltr'><strong><em>ἀλλ’</em></strong></span> <span class='ocrx_word' id='word_1_7' title='bbox 631 352 745 440; x_wconf 82' lang='grc' dir='ltr'><strong><em>ὀλίγον</em></strong></span> <span class='ocrx_word' id='word_1_8' title='bbox 757 357 1016 443; x_wconf 77' lang='grc' dir='ltr'><strong><em>διακαρτερήσας</em></strong></span> <span class='ocrx_word' id='word_1_9' title='bbox 1026 357 1195 442; x_wconf 89' lang='grc' dir='ltr'><strong><em>σύντρεχε.</em></strong></span> 
     </span>
     <span class='ocr_line' id='line_1_3' title="bbox 184 451 1196 543; baseline 0.002 -23"><span class='ocrx_word' id='word_1_10' title='bbox 184 452 246 540; x_wconf 79' lang='grc' dir='ltr'><strong><em>ἤδη</em></strong></span> <span class='ocrx_word' id='word_1_11' title='bbox 268 451 480 521; x_wconf 79' lang='grc' dir='ltr'><strong><em>ἀπολέλυσαι.</em></strong></span> <span class='ocrx_word' id='word_1_12' title='bbox 515 458 564 520; x_wconf 90' lang='grc'><strong><em>10.</em></strong></span> <span class='ocrx_word' id='word_1_13' title='bbox 587 451 678 536; x_wconf 76' lang='grc' dir='ltr'><strong><em>κάγώ</em></strong></span> <span class='ocrx_word' id='word_1_14' title='bbox 699 452 810 539; x_wconf 76' lang='grc' dir='ltr'><strong><em>ἐπειδὴ</em></strong></span> <span class='ocrx_word' id='word_1_15' title='bbox 833 457 954 543; x_wconf 81' lang='grc' dir='ltr'><strong><em>ῥηιδίως</em></strong></span> <span class='ocrx_word' id='word_1_16' title='bbox 976 457 1086 522; x_wconf 89' lang='grc' dir='ltr'><strong><em>πάντα</em></strong></span> <span class='ocrx_word' id='word_1_17' title='bbox 1106 453 1196 541; x_wconf 83' lang='grc' dir='ltr'><strong><em>ὑπή-</em></strong></span> 
     </span>
     <span class='ocr_line' id='line_1_4' title="bbox 183 546 1196 639; baseline 0.003 -22"><span class='ocrx_word' id='word_1_18' title='bbox 183 571 291 618; x_wconf 83' lang='grc' dir='ltr'><strong><em>κουσα</em></strong></span> <span class='ocrx_word' id='word_1_19' title='bbox 305 553 360 618; x_wconf 81' lang='grc' dir='ltr'><strong><em>καί</em></strong></span> <span class='ocrx_word' id='word_1_20' title='bbox 373 556 419 629; x_wconf 87' lang='grc' dir='ltr'><strong><em>είς</em></strong></span> <span class='ocrx_word' id='word_1_21' title='bbox 430 553 521 629; x_wconf 81' lang='grc' dir='ltr'><strong><em>τέλος</em></strong></span> <span class='ocrx_word' id='word_1_22' title='bbox 532 546 612 636; x_wconf 75' lang='grc' dir='ltr'><strong><em>ἡμίν</em></strong></span> <span class='ocrx_word' id='word_1_23' title='bbox 624 555 715 635; x_wconf 84' lang='grc' dir='ltr'><strong><em>ἔληξε</em></strong></span> <span class='ocrx_word' id='word_1_24' title='bbox 725 548 766 617; x_wconf 93' lang='grc' dir='ltr'><strong><em>τά</em></strong></span> <span class='ocrx_word' id='word_1_25' title='bbox 778 558 997 639; x_wconf 82' lang='grc' dir='ltr'><strong><em>παλαίσματα,</em></strong></span> <span class='ocrx_word' id='word_1_26' title='bbox 1012 557 1099 639; x_wconf 86' lang='grc' dir='ltr'><strong><em>λέγω</em></strong></span> <span class='ocrx_word' id='word_1_27' title='bbox 1111 551 1196 638; x_wconf 84' lang='grc' dir='ltr'><strong><em>πρὸς</em></strong></span> 
     </span>
     <span class='ocr_line' id='line_1_5' title="bbox 183 644 1197 740; baseline 0.003 -24"><span class='ocrx_word' id='word_1_28' title='bbox 183 647 245 736; x_wconf 74' lang='grc' dir='ltr'><strong><em>τὴν</em></strong></span> <span class='ocrx_word' id='word_1_29' title='bbox 268 657 483 734; x_wconf 89' lang='grc' dir='ltr'><strong><em>Παλαίστραν</em></strong></span> <span class='ocrx_word' id='word_1_30' title='bbox 504 648 571 735; x_wconf 76' lang='grc' dir='ltr'><strong><em>ἅμα</em></strong></span> <span class='ocrx_word' id='word_1_31' title='bbox 596 650 809 735; x_wconf 88' lang='grc' dir='ltr'><strong><em>ἐπιγελάσας,</em></strong></span> <span class='ocrx_word' id='word_1_32' title='bbox 832 644 874 718; x_wconf 73' lang='grc' dir='ltr'><strong><em>Ὦ,</em></strong></span> <span class='ocrx_word' id='word_1_33' title='bbox 894 652 1090 735; x_wconf 76' lang='grc' dir='ltr'><strong><em>διδάσκαλε,</em></strong></span> <span class='ocrx_word' id='word_1_34' title='bbox 1115 650 1197 740; x_wconf 76' lang='grc' dir='ltr'><strong><em>ὁρᾷς</em></strong></span> 
     </span>
     <span class='ocr_line' id='line_1_6' title="bbox 184 745 1196 835; baseline 0 -19"><span class='ocrx_word' id='word_1_35' title='bbox 184 750 247 834; x_wconf 75' lang='grc' dir='ltr'><strong><em>μὲν</em></strong></span> <span class='ocrx_word' id='word_1_36' title='bbox 263 746 352 825; x_wconf 82' lang='grc' dir='ltr'><strong><em>ὅπως</em></strong></span> <span class='ocrx_word' id='word_1_37' title='bbox 366 745 508 832; x_wconf 76' lang='grc' dir='ltr'><strong><em>εὐχερῶς</em></strong></span> <span class='ocrx_word' id='word_1_38' title='bbox 521 749 576 814; x_wconf 83' lang='grc' dir='ltr'><strong><em>καὶ</em></strong></span> <span class='ocrx_word' id='word_1_39' title='bbox 592 745 740 832; x_wconf 84' lang='grc' dir='ltr'><strong><em>εύηκόως</em></strong></span> <span class='ocrx_word' id='word_1_40' title='bbox 754 747 977 816; x_wconf 80' lang='grc' dir='ltr'><strong><em>πεπάλαισταί</em></strong></span> <span class='ocrx_word' id='word_1_41' title='bbox 988 774 1061 835; x_wconf 92' lang='grc' dir='ltr'><strong><em>μοι,</em></strong></span> <span class='ocrx_word' id='word_1_42' title='bbox 1077 749 1196 816; x_wconf 88' lang='grc' dir='ltr'><strong><em>σκόπει</em></strong></span> 
     </span>
     <span class='ocr_line' id='line_1_7' title="bbox 184 842 1195 934; baseline 0.003 -22"><span class='ocrx_word' id='word_1_43' title='bbox 184 851 238 931; x_wconf 92' lang='grc' dir='ltr'><strong><em>δέ,</em></strong></span> <span class='ocrx_word' id='word_1_44' title='bbox 261 843 304 931; x_wconf 83' lang='grc' dir='ltr'><strong><em>μη</em></strong></span> <span class='ocrx_word' id='word_1_45' title='bbox 322 842 384 913; x_wconf 89' lang='grc' dir='ltr'><strong><em>οῦκ</em></strong></span> <span class='ocrx_word' id='word_1_46' title='bbox 407 849 443 911; x_wconf 86' lang='grc' dir='ltr'><strong><em>ἐν</em></strong></span> <span class='ocrx_word' id='word_1_47' title='bbox 462 846 577 932; x_wconf 87' lang='grc' dir='ltr'><strong><em>κύσμφ</em></strong></span> <span class='ocrx_word' id='word_1_48' title='bbox 592 842 633 911; x_wconf 90' lang='grc' dir='ltr'><strong><em>τά</em></strong></span> <span class='ocrx_word' id='word_1_49' title='bbox 648 852 858 931; x_wconf 82' lang='grc' dir='ltr'><strong><em>παλαίσματα</em></strong></span> <span class='ocrx_word' id='word_1_50' title='bbox 875 844 1080 934; x_wconf 84' lang='grc' dir='ltr'><strong><em>ῦποβάλλης·</em></strong></span> <span class='ocrx_word' id='word_1_51' title='bbox 1110 845 1195 915; x_wconf 85' lang='grc' dir='ltr'><strong><em>ἀλλα</em></strong></span> 
     </span>
     <span class='ocr_line' id='line_1_8' title="bbox 152 941 1195 1031; baseline -0.003 -19"><span class='ocrx_word' id='word_1_52' title='bbox 152 962 159 966; x_wconf 84' lang='grc'><em>“</em></span> <span class='ocrx_word' id='word_1_53' title='bbox 184 942 249 1030; x_wconf 83' lang='grc' dir='ltr'><strong><em>γάρ</em></strong></span> <span class='ocrx_word' id='word_1_54' title='bbox 267 948 299 1024; x_wconf 86' lang='grc' dir='ltr'><strong><em>ἐξ</em></strong></span> <span class='ocrx_word' id='word_1_55' title='bbox 317 943 429 1012; x_wconf 82' lang='grc' dir='ltr'><strong><em>ἀλλων</em></strong></span> <span class='ocrx_word' id='word_1_56' title='bbox 450 943 638 1021; x_wconf 79' lang='grc' dir='ltr'><strong><em>ἐπιτάττεις.</em></strong></span> <span class='ocrx_word' id='word_1_57' title='bbox 666 941 687 1028; x_wconf 79' lang='grc' dir='ltr'>ἡ</span> <span class='ocrx_word' id='word_1_58' title='bbox 707 944 743 1011; x_wconf 74' lang='grc' dir='ltr'><strong><em>δὲ</em></strong></span> <span class='ocrx_word' id='word_1_59' title='bbox 759 945 811 1011; x_wconf 82' lang='grc' dir='ltr'><strong><em>ἐπὶ</em></strong></span> <span class='ocrx_word' id='word_1_60' title='bbox 830 944 955 1030; x_wconf 82' lang='grc' dir='ltr'><strong><em>κόρρης</em></strong></span> <span class='ocrx_word' id='word_1_61' title='bbox 977 943 1126 1029; x_wconf 83' lang='grc' dir='ltr'><strong><em>πληξασά</em></strong></span> <span class='ocrx_word' id='word_1_62' title='bbox 1142 970 1195 1031; x_wconf 87' lang='grc' dir='ltr'><strong><em>με,</em></strong></span> 
     </span>
     <span class='ocr_line' id='line_1_9' title="bbox 178 1035 1196 1128; baseline -0.002 -18"><span class='ocrx_word' id='word_1_63' title='bbox 178 1040 236 1120; x_wconf 82' lang='grc' dir='ltr'><strong><em>Ὡς</em></strong></span> <span class='ocrx_word' id='word_1_64' title='bbox 254 1042 424 1128; x_wconf 91' lang='grc' dir='ltr'><strong><em>φλύαρον,</em></strong></span> <span class='ocrx_word' id='word_1_65' title='bbox 440 1048 521 1128; x_wconf 89' lang='grc' dir='ltr'><strong><em>ἔφη,</em></strong></span> <span class='ocrx_word' id='word_1_66' title='bbox 537 1046 726 1128; x_wconf 80' lang='grc' dir='ltr'><strong><em>παρέλαβον</em></strong></span> <span class='ocrx_word' id='word_1_67' title='bbox 736 1039 795 1108; x_wconf 84' lang='grc' dir='ltr'><strong><em>τὸν</em></strong></span> <span class='ocrx_word' id='word_1_68' title='bbox 809 1042 974 1128; x_wconf 77' lang='grc' dir='ltr'><strong><em>μαθητήν.</em></strong></span> <span class='ocrx_word' id='word_1_69' title='bbox 998 1042 1115 1108; x_wconf 85' lang='grc' dir='ltr'><strong><em>σκόπει</em></strong></span> <span class='ocrx_word' id='word_1_70' title='bbox 1130 1035 1196 1108; x_wconf 86' lang='grc' dir='ltr'><strong><em>οῦν</em></strong></span> 
     </span>
     <span class='ocr_line' id='line_1_10' title="bbox 113 1137 1195 1228; baseline 0.001 -22"><span class='ocrx_word' id='word_1_71' title='bbox 113 1158 166 1213; x_wconf 80' lang='grc'><strong><em>578</em></strong></span> <span class='ocrx_word' id='word_1_72' title='bbox 185 1137 229 1226; x_wconf 76' lang='grc' dir='ltr'><strong><em>μὴ</em></strong></span> <span class='ocrx_word' id='word_1_73' title='bbox 245 1138 372 1225; x_wconf 84' lang='grc' dir='ltr'><strong><em>πληγάς</em></strong></span> <span class='ocrx_word' id='word_1_74' title='bbox 393 1145 439 1207; x_wconf 87' lang='grc' dir='ltr'><strong><em>ἔτι</em></strong></span> <span class='ocrx_word' id='word_1_75' title='bbox 458 1147 591 1218; x_wconf 86' lang='grc' dir='ltr'><strong><em>πλείους</em></strong></span> <span class='ocrx_word' id='word_1_76' title='bbox 611 1140 715 1228; x_wconf 86' lang='grc' dir='ltr'><strong><em>λάβης</em></strong></span> <span class='ocrx_word' id='word_1_77' title='bbox 730 1138 815 1207; x_wconf 86' lang='grc' dir='ltr'><strong><em>ἀλλα</em></strong></span> <span class='ocrx_word' id='word_1_78' title='bbox 830 1139 886 1207; x_wconf 81' lang='grc' dir='ltr'><strong><em>καὶ</em></strong></span> <span class='ocrx_word' id='word_1_79' title='bbox 907 1137 948 1206; x_wconf 91' lang='grc' dir='ltr'><strong><em>οῦ</em></strong></span> <span class='ocrx_word' id='word_1_80' title='bbox 969 1137 1009 1206; x_wconf 89' lang='grc' dir='ltr'><strong><em>τά</em></strong></span> <span class='ocrx_word' id='word_1_81' title='bbox 1024 1141 1195 1207; x_wconf 86' lang='grc' dir='ltr'><strong><em>ἐπιταττό-</em></strong></span> 
     </span>
     <span class='ocr_line' id='line_1_11' title="bbox 183 1240 1195 1324; baseline 0.001 -20"><span class='ocrx_word' id='word_1_82' title='bbox 183 1263 267 1324; x_wconf 88' lang='grc' dir='ltr'><strong><em>μενα</em></strong></span> <span class='ocrx_word' id='word_1_83' title='bbox 287 1244 447 1306; x_wconf 87' lang='grc' dir='ltr'><strong><em>παλαίων.</em></strong></span> <span class='ocrx_word' id='word_1_84' title='bbox 478 1240 532 1305; x_wconf 85' lang='grc' dir='ltr'><strong><em>καὶ</em></strong></span> <span class='ocrx_word' id='word_1_85' title='bbox 552 1245 655 1305; x_wconf 89' lang='grc' dir='ltr'><strong><em>ταῦτα</em></strong></span> <span class='ocrx_word' id='word_1_86' title='bbox 671 1243 811 1305; x_wconf 79' lang='grc' dir='ltr'><strong><em>εἰποῦσα</em></strong></span> <span class='ocrx_word' id='word_1_87' title='bbox 826 1240 1037 1306; x_wconf 80' lang='grc' dir='ltr'><strong><em>ἐπανίσταται</em></strong></span> <span class='ocrx_word' id='word_1_88' title='bbox 1056 1241 1112 1305; x_wconf 82' lang='grc' dir='ltr'><strong><em>καὶ</em></strong></span> <span class='ocrx_word' id='word_1_89' title='bbox 1130 1247 1195 1305; x_wconf 75' lang='grc' dir='ltr'><strong><em>δε-</em></strong></span> 
     </span>
     <span class='ocr_line' id='line_1_12' title="bbox 183 1333 1194 1423; baseline -0.001 -21"><span class='ocrx_word' id='word_1_90' title='bbox 183 1335 377 1421; x_wconf 89' lang='grc' dir='ltr'><strong><em>ραπεύσασα</em></strong></span> <span class='ocrx_word' id='word_1_91' title='bbox 392 1337 529 1423; x_wconf 82' lang='grc' dir='ltr'><strong><em>ἑαυτήν,</em></strong></span> <span class='ocrx_word' id='word_1_92' title='bbox 548 1343 642 1420; x_wconf 92' lang='grc' dir='ltr'><strong><em>Νῦν,</em></strong></span> <span class='ocrx_word' id='word_1_93' title='bbox 661 1341 741 1419; x_wconf 82' lang='grc' dir='ltr'><strong><em>ἐφη,</em></strong></span> <span class='ocrx_word' id='word_1_94' title='bbox 758 1338 889 1418; x_wconf 68' lang='grc' dir='ltr'><strong><em>δειξεις,</em></strong></span> <span class='ocrx_word' id='word_1_95' title='bbox 908 1343 999 1418; x_wconf 86' lang='grc' dir='ltr'><strong><em>είπερ</em></strong></span> <span class='ocrx_word' id='word_1_96' title='bbox 1014 1336 1089 1413; x_wconf 85' lang='grc' dir='ltr'><strong><em>νέος</em></strong></span> <span class='ocrx_word' id='word_1_97' title='bbox 1100 1333 1194 1402; x_wconf 80' lang='grc' dir='ltr'><strong><em>εἶκαὶ</em></strong></span> 
     </span>
     <span class='ocr_line' id='line_1_13' title="bbox 184 1432 1193 1519; baseline -0.004 -17"><span class='ocrx_word' id='word_1_98' title='bbox 184 1433 320 1511; x_wconf 80' lang='grc' dir='ltr'><strong><em>εὔτονος</em></strong></span> <span class='ocrx_word' id='word_1_99' title='bbox 335 1432 515 1519; x_wconf 81' lang='grc' dir='ltr'><strong><em>παλαιστὴς</em></strong></span> <span class='ocrx_word' id='word_1_100' title='bbox 529 1435 583 1501; x_wconf 83' lang='grc' dir='ltr'><strong><em>καὶ</em></strong></span> <span class='ocrx_word' id='word_1_101' title='bbox 600 1439 630 1500; x_wconf 90' lang='grc' dir='ltr'><strong><em>εί</em></strong></span> <span class='ocrx_word' id='word_1_102' title='bbox 649 1435 820 1500; x_wconf 85' lang='grc' dir='ltr'><strong><em>ἐπίστασαι</em></strong></span> <span class='ocrx_word' id='word_1_103' title='bbox 841 1438 995 1499; x_wconf 90' lang='grc' dir='ltr'><strong><em>παλαίειν</em></strong></span> <span class='ocrx_word' id='word_1_104' title='bbox 1014 1435 1068 1500; x_wconf 83' lang='grc' dir='ltr'><strong><em>καὶ</em></strong></span> <span class='ocrx_word' id='word_1_105' title='bbox 1084 1446 1193 1498; x_wconf 86' lang='grc' dir='ltr'><strong><em>ποιεῖν</em></strong></span> 
     </span>
     <span class='ocr_line' id='line_1_14' title="bbox 182 1529 1192 1615; baseline -0.005 -15"><span class='ocrx_word' id='word_1_106' title='bbox 182 1531 222 1601; x_wconf 90' lang='grc' dir='ltr'><strong><em>τά</em></strong></span> <span class='ocrx_word' id='word_1_107' title='bbox 238 1529 303 1598; x_wconf 82' lang='grc' dir='ltr'><strong><em>ἀπὸ</em></strong></span> <span class='ocrx_word' id='word_1_108' title='bbox 322 1536 489 1614; x_wconf 89' lang='grc' dir='ltr'><strong><em>γονατίου.</em></strong></span> <span class='ocrx_word' id='word_1_109' title='bbox 521 1534 575 1598; x_wconf 86' lang='grc' dir='ltr'><strong><em>καὶ</em></strong></span> <span class='ocrx_word' id='word_1_110' title='bbox 596 1539 744 1597; x_wconf 84' lang='grc' dir='ltr'><strong><em>πεσοῦσα</em></strong></span> <span class='ocrx_word' id='word_1_111' title='bbox 766 1533 818 1598; x_wconf 75' lang='grc' dir='ltr'><strong><em>ἐπὶ</em></strong></span> <span class='ocrx_word' id='word_1_112' title='bbox 834 1537 895 1597; x_wconf 92' lang='grc' dir='ltr'><strong><em>τοῦ</em></strong></span> <span class='ocrx_word' id='word_1_113' title='bbox 910 1531 1024 1615; x_wconf 86' lang='grc' dir='ltr'><strong><em>λέχους</em></strong></span> <span class='ocrx_word' id='word_1_114' title='bbox 1042 1531 1074 1608; x_wconf 89' lang='grc' dir='ltr'><strong><em>ἐς</em></strong></span> <span class='ocrx_word' id='word_1_115' title='bbox 1094 1530 1192 1614; x_wconf 87' lang='grc' dir='ltr'><strong><em>γόνυ,</em></strong></span> 
     </span>
     <span class='ocr_line' id='line_1_15' title="bbox 182 1624 1194 1714; baseline -0.001 -20"><span class='ocrx_word' id='word_1_116' title='bbox 182 1627 261 1713; x_wconf 74' lang='grc' dir='ltr'><strong><em>’Ἀγε</em></strong></span> <span class='ocrx_word' id='word_1_117' title='bbox 279 1625 318 1712; x_wconf 81' lang='grc' dir='ltr'><strong><em>δη</em></strong></span> <span class='ocrx_word' id='word_1_118' title='bbox 339 1624 381 1693; x_wconf 92' lang='grc' dir='ltr'><strong><em>σῦ</em></strong></span> <span class='ocrx_word' id='word_1_119' title='bbox 405 1625 422 1693; x_wconf 89' lang='grc' dir='ltr'>ὁ</span> <span class='ocrx_word' id='word_1_120' title='bbox 446 1627 642 1714; x_wconf 78' lang='grc' dir='ltr'><strong><em>παλαιστής,</em></strong></span> <span class='ocrx_word' id='word_1_121' title='bbox 670 1633 753 1712; x_wconf 89' lang='grc' dir='ltr'><strong><em>ἔχεις</em></strong></span> <span class='ocrx_word' id='word_1_122' title='bbox 773 1626 813 1694; x_wconf 89' lang='grc' dir='ltr'><strong><em>τά</em></strong></span> <span class='ocrx_word' id='word_1_123' title='bbox 832 1629 932 1713; x_wconf 93' lang='grc' dir='ltr'><strong><em>μέσα,</em></strong></span> <span class='ocrx_word' id='word_1_124' title='bbox 959 1624 1044 1694; x_wconf 75' lang='grc' dir='ltr'><strong><em>ὥστε</em></strong></span> <span class='ocrx_word' id='word_1_125' title='bbox 1060 1627 1194 1705; x_wconf 82' lang='grc' dir='ltr'><strong><em>τινάξας</em></strong></span> 
     </span>
     <span class='ocr_line' id='line_1_16' title="bbox 183 1722 1192 1814; baseline -0.001 -22"><span class='ocrx_word' id='word_1_126' title='bbox 183 1724 293 1804; x_wconf 75' lang='grc' dir='ltr'><strong><em>ὀξεῖαν</em></strong></span> <span class='ocrx_word' id='word_1_127' title='bbox 308 1726 497 1806; x_wconf 86' lang='grc' dir='ltr'><strong><em>ἐπίπρωσον</em></strong></span> <span class='ocrx_word' id='word_1_128' title='bbox 508 1728 562 1793; x_wconf 79' lang='grc' dir='ltr'><strong><em>καί</em></strong></span> <span class='ocrx_word' id='word_1_129' title='bbox 573 1727 739 1813; x_wconf 79' lang='grc' dir='ltr'><strong><em>βάδυνον.</em></strong></span> <span class='ocrx_word' id='word_1_130' title='bbox 761 1724 862 1806; x_wconf 78' lang='grc' dir='ltr'><strong><em>ψιλὸν</em></strong></span> <span class='ocrx_word' id='word_1_131' title='bbox 877 1723 958 1814; x_wconf 77' lang='grc' dir='ltr'><strong><em>ὁρᾷς</em></strong></span> <span class='ocrx_word' id='word_1_132' title='bbox 968 1722 1072 1792; x_wconf 86' lang='grc' dir='ltr'><strong><em>αύτοῦ</em></strong></span> <span class='ocrx_word' id='word_1_133' title='bbox 1082 1749 1192 1809; x_wconf 76' lang='grc' dir='ltr'><strong><em>παρα·</em></strong></span> 
     </span>
     <span class='ocr_line' id='line_1_17' title="bbox 183 1820 1192 1915; baseline -0.001 -27"><span class='ocrx_word' id='word_1_134' title='bbox 183 1828 347 1907; x_wconf 87' lang='grc' dir='ltr'><strong><em>κείμενον,</em></strong></span> <span class='ocrx_word' id='word_1_135' title='bbox 360 1823 466 1915; x_wconf 81' lang='grc' dir='ltr'><strong><em>τούτῳ</em></strong></span> <span class='ocrx_word' id='word_1_136' title='bbox 478 1831 613 1910; x_wconf 80' lang='grc' dir='ltr'><strong><em>χρῆσαι·</em></strong></span> <span class='ocrx_word' id='word_1_137' title='bbox 629 1832 763 1909; x_wconf 77' lang='grc' dir='ltr'><strong><em>πρῶτον</em></strong></span> <span class='ocrx_word' id='word_1_138' title='bbox 774 1823 809 1892; x_wconf 74' lang='grc' dir='ltr'><strong><em>δὲ</em></strong></span> <span class='ocrx_word' id='word_1_139' title='bbox 821 1823 904 1890; x_wconf 88' lang='grc' dir='ltr'><strong><em>κατά</em></strong></span> <span class='ocrx_word' id='word_1_140' title='bbox 916 1823 1029 1908; x_wconf 89' lang='grc' dir='ltr'><strong><em>λόγον,</em></strong></span> <span class='ocrx_word' id='word_1_141' title='bbox 1045 1820 1088 1901; x_wconf 83' lang='grc' dir='ltr'><strong><em>ὡς</em></strong></span> <span class='ocrx_word' id='word_1_142' title='bbox 1098 1820 1192 1908; x_wconf 83' lang='grc' dir='ltr'><strong><em>ἀμμα</em></strong></span> 
     </span>
     <span class='ocr_line' id='line_1_18' title="bbox 182 1917 1192 2007; baseline -0.003 -20"><span class='ocrx_word' id='word_1_143' title='bbox 182 1927 320 2006; x_wconf 77' lang='grc' dir='ltr'><strong><em>σφίγγε,</em></strong></span> <span class='ocrx_word' id='word_1_144' title='bbox 335 1918 403 1988; x_wconf 78' lang='grc' dir='ltr'><strong><em>εἶτα</em></strong></span> <span class='ocrx_word' id='word_1_145' title='bbox 416 1920 607 2000; x_wconf 86' lang='grc' dir='ltr'><strong><em>ἀνακλάσας</em></strong></span> <span class='ocrx_word' id='word_1_146' title='bbox 618 1927 759 2007; x_wconf 82' lang='grc' dir='ltr'><strong><em>ἔμβαλλε</em></strong></span> <span class='ocrx_word' id='word_1_147' title='bbox 770 1923 824 1988; x_wconf 79' lang='grc' dir='ltr'><strong><em>καί</em></strong></span> <span class='ocrx_word' id='word_1_148' title='bbox 838 1921 958 2006; x_wconf 89' lang='grc' dir='ltr'><strong><em>σύνεχε</em></strong></span> <span class='ocrx_word' id='word_1_149' title='bbox 970 1917 1080 2004; x_wconf 80' lang='grc' dir='ltr'><strong><em>καὶμὴ</em></strong></span> <span class='ocrx_word' id='word_1_150' title='bbox 1096 1923 1192 1986; x_wconf 91' lang='grc' dir='ltr'><strong><em>δίδου</em></strong></span> 
     </span>
     <span class='ocr_line' id='line_1_19' title="bbox 183 2016 1191 2106; baseline -0.002 -20"><span class='ocrx_word' id='word_1_151' title='bbox 183 2020 354 2105; x_wconf 90' lang='grc' dir='ltr'><strong><em>διάστημα.</em></strong></span> <span class='ocrx_word' id='word_1_152' title='bbox 379 2017 438 2088; x_wconf 86' lang='grc' dir='ltr'><strong><em>ἐάν</em></strong></span> <span class='ocrx_word' id='word_1_153' title='bbox 453 2022 489 2087; x_wconf 80' lang='grc' dir='ltr'><strong><em>δὲ</em></strong></span> <span class='ocrx_word' id='word_1_154' title='bbox 504 2027 656 2106; x_wconf 84' lang='grc' dir='ltr'><strong><em>χαλᾶται,</em></strong></span> <span class='ocrx_word' id='word_1_155' title='bbox 671 2025 798 2086; x_wconf 78' lang='grc' dir='ltr'><strong><em>θάττον</em></strong></span> <span class='ocrx_word' id='word_1_156' title='bbox 813 2017 938 2102; x_wconf 83' lang='grc' dir='ltr'><strong><em>ἐπάρας</em></strong></span> <span class='ocrx_word' id='word_1_157' title='bbox 949 2016 1120 2101; x_wconf 78' lang='grc' dir='ltr'><strong><em>ἀνώτερον</em></strong></span> <span class='ocrx_word' id='word_1_158' title='bbox 1130 2042 1191 2102; x_wconf 88' lang='grc' dir='ltr'><strong><em>με·</em></strong></span> 
     </span>
     <span class='ocr_line' id='line_1_20' title="bbox 182 2112 1192 2202; baseline -0.003 -19"><span class='ocrx_word' id='word_1_159' title='bbox 182 2117 283 2195; x_wconf 78' lang='grc' dir='ltr'><strong><em>πάθες</em></strong></span> <span class='ocrx_word' id='word_1_160' title='bbox 297 2119 351 2186; x_wconf 81' lang='grc' dir='ltr'><strong><em>καὶ</em></strong></span> <span class='ocrx_word' id='word_1_161' title='bbox 363 2119 509 2202; x_wconf 83' lang='grc' dir='ltr'><strong><em>κρούσας</em></strong></span> <span class='ocrx_word' id='word_1_162' title='bbox 520 2124 630 2199; x_wconf 83' lang='grc' dir='ltr'><strong><em>κῦψον</em></strong></span> <span class='ocrx_word' id='word_1_163' title='bbox 642 2119 696 2185; x_wconf 91' lang='grc' dir='ltr'><strong><em>καὶ</em></strong></span> <span class='ocrx_word' id='word_1_164' title='bbox 708 2116 825 2183; x_wconf 88' lang='grc' dir='ltr'><strong><em>σκόπει</em></strong></span> <span class='ocrx_word' id='word_1_165' title='bbox 839 2115 929 2194; x_wconf 84' lang='grc' dir='ltr'><strong><em>ὅπως</em></strong></span> <span class='ocrx_word' id='word_1_166' title='bbox 938 2112 983 2202; x_wconf 77' lang='grc' dir='ltr'><strong><em>μὴ</em></strong></span> <span class='ocrx_word' id='word_1_167' title='bbox 998 2112 1192 2201; x_wconf 86' lang='grc' dir='ltr'><strong><em>ἀνασπάσης</em></strong></span> 
     </span>
     <span class='ocr_line' id='line_1_21' title="bbox 182 2210 1192 2304; baseline -0.004 -21"><span class='ocrx_word' id='word_1_168' title='bbox 182 2222 309 2283; x_wconf 79' lang='grc' dir='ltr'><strong><em>θάττον</em></strong></span> <span class='ocrx_word' id='word_1_169' title='bbox 331 2210 353 2300; x_wconf 75' lang='grc' dir='ltr'><em>ἢ</em></span> <span class='ocrx_word' id='word_1_170' title='bbox 379 2222 579 2304; x_wconf 77' lang='grc' dir='ltr'><strong><em>κελευσθῄς,</em></strong></span> <span class='ocrx_word' id='word_1_171' title='bbox 612 2212 695 2283; x_wconf 84' lang='grc' dir='ltr'><strong><em>ἀλλὰ</em></strong></span> <span class='ocrx_word' id='word_1_172' title='bbox 720 2211 760 2299; x_wconf 80' lang='grc' dir='ltr'><strong><em>δὴ</em></strong></span> <span class='ocrx_word' id='word_1_173' title='bbox 783 2215 955 2297; x_wconf 86' lang='grc' dir='ltr'><strong><em>κυρτιύσας</em></strong></span> <span class='ocrx_word' id='word_1_174' title='bbox 975 2211 1063 2281; x_wconf 84' lang='grc' dir='ltr'><strong><em>πολύ</em></strong></span> <span class='ocrx_word' id='word_1_175' title='bbox 1086 2210 1192 2280; x_wconf 83' lang='grc' dir='ltr'><strong><em>αὐτὸν</em></strong></span> 
     </span>
     <span class='ocr_line' id='line_1_22' title="bbox 181 2306 1191 2400; baseline 0 -22"><span class='ocrx_word' id='word_1_176' title='bbox 181 2311 318 2396; x_wconf 80' lang='grc' dir='ltr'><strong><em>ὕφελκε,</em></strong></span> <span class='ocrx_word' id='word_1_177' title='bbox 329 2315 383 2380; x_wconf 78' lang='grc' dir='ltr'><strong><em>καὶ</em></strong></span> <span class='ocrx_word' id='word_1_178' title='bbox 393 2311 572 2400; x_wconf 76' lang='grc' dir='ltr'><strong><em>ὑποβαλών</em></strong></span> <span class='ocrx_word' id='word_1_179' title='bbox 581 2317 671 2382; x_wconf 84' lang='grc' dir='ltr'><strong><em>κάτω</em></strong></span> <span class='ocrx_word' id='word_1_180' title='bbox 683 2306 784 2390; x_wconf 71' lang='grc' dir='ltr'><strong><em>αὖθις</em></strong></span> <span class='ocrx_word' id='word_1_181' title='bbox 792 2309 854 2397; x_wconf 79' lang='grc' dir='ltr'><strong><em>τὴν</em></strong></span> <span class='ocrx_word' id='word_1_182' title='bbox 864 2309 1080 2398; x_wconf 77' lang='grc' dir='ltr'><strong><em>παρεμβολὴν</em></strong></span> <span class='ocrx_word' id='word_1_183' title='bbox 1088 2311 1191 2378; x_wconf 87' lang='grc' dir='ltr'><strong><em>σύνε-</em></strong></span> 
     </span>
     <span class='ocr_line' id='line_1_23' title="bbox 181 2407 1192 2496; baseline 0.002 -22"><span class='ocrx_word' id='word_1_184' title='bbox 181 2433 216 2494; x_wconf 91' lang='grc' dir='ltr'><strong><em>χε</em></strong></span> <span class='ocrx_word' id='word_1_185' title='bbox 237 2411 292 2475; x_wconf 84' lang='grc' dir='ltr'><strong><em>καὶ</em></strong></span> <span class='ocrx_word' id='word_1_186' title='bbox 308 2416 420 2494; x_wconf 89' lang='grc' dir='ltr'><strong><em>κινοῦ,</em></strong></span> <span class='ocrx_word' id='word_1_187' title='bbox 445 2409 512 2477; x_wconf 82' lang='grc' dir='ltr'><strong><em>εἶτα</em></strong></span> <span class='ocrx_word' id='word_1_188' title='bbox 528 2409 611 2495; x_wconf 88' lang='grc' dir='ltr'><strong><em>ἀφες</em></strong></span> <span class='ocrx_word' id='word_1_189' title='bbox 633 2407 753 2479; x_wconf 86' lang='grc' dir='ltr'><strong><em>αῦτύν·</em></strong></span> <span class='ocrx_word' id='word_1_190' title='bbox 776 2415 924 2479; x_wconf 85' lang='grc' dir='ltr'><strong><em>πέπτωκε</em></strong></span> <span class='ocrx_word' id='word_1_191' title='bbox 940 2407 1005 2496; x_wconf 83' lang='grc' dir='ltr'><strong><em>γάρ</em></strong></span> <span class='ocrx_word' id='word_1_192' title='bbox 1023 2412 1078 2478; x_wconf 80' lang='grc' dir='ltr'><strong><em>καὶ</em></strong></span> <span class='ocrx_word' id='word_1_193' title='bbox 1092 2413 1192 2478; x_wconf 87' lang='grc' dir='ltr'><strong><em>λέλυ-</em></strong></span> 
     </span>
     <span class='ocr_line' id='line_1_24' title="bbox 181 2503 1191 2596; baseline 0.004 -24"><span class='ocrx_word' id='word_1_194' title='bbox 181 2532 234 2572; x_wconf 89' lang='grc' dir='ltr'><strong><em>ται</em></strong></span> <span class='ocrx_word' id='word_1_195' title='bbox 249 2507 303 2572; x_wconf 84' lang='grc' dir='ltr'><strong><em>καὶ</em></strong></span> <span class='ocrx_word' id='word_1_196' title='bbox 323 2503 415 2586; x_wconf 80' lang='grc' dir='ltr'><strong><em>ὕδωρ</em></strong></span> <span class='ocrx_word' id='word_1_197' title='bbox 431 2506 507 2585; x_wconf 82' lang='grc' dir='ltr'><strong><em>ὅλος</em></strong></span> <span class='ocrx_word' id='word_1_198' title='bbox 523 2514 590 2575; x_wconf 91' lang='grc' dir='ltr'><strong><em>ἔστι</em></strong></span> <span class='ocrx_word' id='word_1_199' title='bbox 605 2530 658 2576; x_wconf 90' lang='grc' dir='ltr'><strong><em>σοι</em></strong></span> <span class='ocrx_word' id='word_1_200' title='bbox 675 2506 691 2576; x_wconf 85' lang='grc' dir='ltr'>ὁ</span> <span class='ocrx_word' id='word_1_201' title='bbox 711 2509 967 2596; x_wconf 83' lang='grc' dir='ltr'><strong><em>ἀνταγωνιστής.</em></strong></span> <span class='ocrx_word' id='word_1_202' title='bbox 998 2507 1060 2594; x_wconf 73' lang='grc' dir='ltr'><strong><em>ἐγὼ</em></strong></span> <span class='ocrx_word' id='word_1_203' title='bbox 1077 2511 1112 2576; x_wconf 79' lang='grc' dir='ltr'><strong><em>δέ</em></strong></span> <span class='ocrx_word' id='word_1_204' title='bbox 1126 2506 1191 2594; x_wconf 79' lang='grc' dir='ltr'><strong><em>ἤδη</em></strong></span> 
     </span>
     <span class='ocr_line' id='line_1_25' title="bbox 181 2600 1190 2695; baseline 0.004 -25"><span class='ocrx_word' id='word_1_205' title='bbox 181 2605 264 2690; x_wconf 89' lang='grc' dir='ltr'><strong><em>μέγα</em></strong></span> <span class='ocrx_word' id='word_1_206' title='bbox 277 2600 465 2689; x_wconf 83' lang='grc' dir='ltr'><strong><em>ἀναγελῦν,</em></strong></span> <span class='ocrx_word' id='word_1_207' title='bbox 481 2603 620 2692; x_wconf 75' lang='grc' dir='ltr'><strong><em>Ἐθέλοι,</em></strong></span> <span class='ocrx_word' id='word_1_208' title='bbox 637 2614 739 2695; x_wconf 83' lang='grc' dir='ltr'><strong><em>ἔφην,</em></strong></span> <span class='ocrx_word' id='word_1_209' title='bbox 757 2612 811 2676; x_wconf 83' lang='grc' dir='ltr'><strong><em>καὶ</em></strong></span> <span class='ocrx_word' id='word_1_210' title='bbox 823 2606 938 2693; x_wconf 90' lang='grc' dir='ltr'><strong><em>αῦτός,</em></strong></span> <span class='ocrx_word' id='word_1_211' title='bbox 957 2601 984 2675; x_wconf 79' lang='grc' dir='ltr'><strong><em>ἀ</em></strong></span> <span class='ocrx_word' id='word_1_212' title='bbox 999 2609 1190 2693; x_wconf 87' lang='grc' dir='ltr'><strong><em>διδάσκαλε,</em></strong></span> 
     </span>
     <span class='ocr_line' id='line_1_26' title="bbox 181 2698 1193 2794; baseline 0.004 -25"><span class='ocrx_word' id='word_1_213' title='bbox 181 2708 389 2787; x_wconf 85' lang='grc' dir='ltr'><strong><em>παλαίσματα</em></strong></span> <span class='ocrx_word' id='word_1_214' title='bbox 405 2698 491 2788; x_wconf 85' lang='grc' dir='ltr'><strong><em>ὀλίγ’</em></strong></span> <span class='ocrx_word' id='word_1_215' title='bbox 508 2703 588 2772; x_wconf 82' lang='grc' dir='ltr'><strong><em>ἀττα</em></strong></span> <span class='ocrx_word' id='word_1_216' title='bbox 605 2707 768 2794; x_wconf 82' lang='grc' dir='ltr'><strong><em>ἐπιτάξαι,</em></strong></span> <span class='ocrx_word' id='word_1_217' title='bbox 787 2705 829 2775; x_wconf 89' lang='grc' dir='ltr'><strong><em>σῦ</em></strong></span> <span class='ocrx_word' id='word_1_218' title='bbox 846 2707 882 2775; x_wconf 75' lang='grc' dir='ltr'><strong><em>δέ</em></strong></span> <span class='ocrx_word' id='word_1_219' title='bbox 897 2706 1094 2775; x_wconf 80' lang='grc' dir='ltr'><strong><em>ὑπάκουσον</em></strong></span> <span class='ocrx_word' id='word_1_220' title='bbox 1109 2709 1193 2774; x_wconf 85' lang='grc' dir='ltr'><strong><em>ἐπα·</em></strong></span> 
     </span>
     <span class='ocr_line' id='line_1_27' title="bbox 181 2801 1192 2891; baseline 0.004 -24"><span class='ocrx_word' id='word_1_221' title='bbox 181 2809 328 2868; x_wconf 83' lang='grc' dir='ltr'><strong><em>ναστοῖσα</em></strong></span> <span class='ocrx_word' id='word_1_222' title='bbox 343 2802 397 2868; x_wconf 83' lang='grc' dir='ltr'><strong><em>καὶ</em></strong></span> <span class='ocrx_word' id='word_1_223' title='bbox 414 2801 576 2890; x_wconf 79' lang='grc' dir='ltr'><strong><em>κάθισον,</em></strong></span> <span class='ocrx_word' id='word_1_224' title='bbox 601 2803 668 2873; x_wconf 77' lang='grc' dir='ltr'><strong><em>εἶτα</em></strong></span> <span class='ocrx_word' id='word_1_225' title='bbox 684 2811 790 2875; x_wconf 84' lang='grc' dir='ltr'><strong><em>δοῦσα</em></strong></span> <span class='ocrx_word' id='word_1_226' title='bbox 811 2804 892 2873; x_wconf 91' lang='grc' dir='ltr'><strong><em>κατά</em></strong></span> <span class='ocrx_word' id='word_1_227' title='bbox 914 2801 1024 2891; x_wconf 81' lang='grc' dir='ltr'><strong><em>χειρὸς</em></strong></span> <span class='ocrx_word' id='word_1_228' title='bbox 1038 2805 1192 2889; x_wconf 77' lang='grc' dir='ltr'><strong><em>πάραφαι</em></strong></span> 
     </span>
     <span class='ocr_line' id='line_1_28' title="bbox 180 2898 1191 2991; baseline 0.001 -23"><span class='ocrx_word' id='word_1_229' title='bbox 180 2898 217 2968; x_wconf 83' lang='grc' dir='ltr'><strong><em>τὸ</em></strong></span> <span class='ocrx_word' id='word_1_230' title='bbox 234 2898 355 2968; x_wconf 84' lang='grc' dir='ltr'><strong><em>λοιπὸν</em></strong></span> <span class='ocrx_word' id='word_1_231' title='bbox 369 2903 424 2968; x_wconf 79' lang='grc' dir='ltr'><strong><em>καί</em></strong></span> <span class='ocrx_word' id='word_1_232' title='bbox 440 2905 666 2991; x_wconf 87' lang='grc' dir='ltr'><strong><em>καταμάττου,</em></strong></span> <span class='ocrx_word' id='word_1_233' title='bbox 693 2911 751 2972; x_wconf 90' lang='grc' dir='ltr'><strong><em>καί</em></strong></span> <span class='ocrx_word' id='word_1_234' title='bbox 762 2931 803 2990; x_wconf 90' lang='grc' dir='ltr'><strong><em>με</em></strong></span> <span class='ocrx_word' id='word_1_235' title='bbox 819 2902 903 2988; x_wconf 80' lang='grc' dir='ltr'><strong><em>πρὸς</em></strong></span> <span class='ocrx_word' id='word_1_236' title='bbox 920 2911 980 2971; x_wconf 89' lang='grc' dir='ltr'><strong><em>τοῦ</em></strong></span> <span class='ocrx_word' id='word_1_237' title='bbox 990 2900 1191 2986; x_wconf 83' lang='grc' dir='ltr'><strong><em>Ἡρακλέους</em></strong></span> 
     </span>
     <span class='ocr_line' id='line_1_29' title="bbox 181 2999 663 3089; baseline 0.008 -23"><span class='ocrx_word' id='word_1_238' title='bbox 181 3005 407 3085; x_wconf 81' lang='grc' dir='ltr'><strong><em>περιλαβοῦσα</em></strong></span> <span class='ocrx_word' id='word_1_239' title='bbox 422 2999 484 3087; x_wconf 79' lang='grc' dir='ltr'><strong><em>ἤδη</em></strong></span> <span class='ocrx_word' id='word_1_240' title='bbox 501 3009 663 3089; x_wconf 89' lang='grc' dir='ltr'><strong><em>κοίμισον.</em></strong></span> 
     </span>
     <span class='ocr_line' id='line_1_30' title="bbox 266 3097 1191 3190; baseline -0.002 -24"><span class='ocrx_word' id='word_1_241' title='bbox 266 3104 314 3167; x_wconf 88' lang='grc'><strong><em>11.</em></strong></span> <span class='ocrx_word' id='word_1_242' title='bbox 329 3097 383 3166; x_wconf 88' lang='grc' dir='ltr'><strong><em>Ἐν</em></strong></span> <span class='ocrx_word' id='word_1_243' title='bbox 395 3100 562 3180; x_wconf 94' lang='grc' dir='ltr'><strong><em>τοιαύταις</em></strong></span> <span class='ocrx_word' id='word_1_244' title='bbox 573 3100 710 3190; x_wconf 85' lang='grc' dir='ltr'><strong><em>ἡδοναῖς</em></strong></span> <span class='ocrx_word' id='word_1_245' title='bbox 726 3102 781 3169; x_wconf 80' lang='grc' dir='ltr'><strong><em>καὶ</em></strong></span> <span class='ocrx_word' id='word_1_246' title='bbox 795 3105 941 3180; x_wconf 73' lang='grc' dir='ltr'><strong><em>παιδιαῖς</em></strong></span> <span class='ocrx_word' id='word_1_247' title='bbox 952 3100 1191 3185; x_wconf 85' lang='grc' dir='ltr'><strong><em>παλαισμάτων</em></strong></span> 
     </span>
     <span class='ocr_line' id='line_1_31' title="bbox 111 3196 1192 3286; baseline -0.003 -17"><span class='ocrx_word' id='word_1_248' title='bbox 111 3213 162 3269; x_wconf 75' lang='grc'><strong><em>679</em></strong></span> <span class='ocrx_word' id='word_1_249' title='bbox 181 3196 417 3283; x_wconf 79' lang='grc' dir='ltr'><strong><em>ἀγωνιζόμενοι</em></strong></span> <span class='ocrx_word' id='word_1_250' title='bbox 435 3199 653 3283; x_wconf 77' lang='grc' dir='ltr'><strong><em>νυκτερινοὺς</em></strong></span> <span class='ocrx_word' id='word_1_251' title='bbox 669 3198 801 3286; x_wconf 76' lang='grc' dir='ltr'><strong><em>ἀγῶνας</em></strong></span> <span class='ocrx_word' id='word_1_252' title='bbox 817 3202 1109 3285; x_wconf 77' lang='grc' dir='ltr'><strong><em>ἐστεφανούμεθα,</em></strong></span> <span class='ocrx_word' id='word_1_253' title='bbox 1136 3201 1192 3266; x_wconf 75' lang='grc' dir='ltr'><strong><em>καὶ</em></strong></span> 
     </span>
     <span class='ocr_line' id='line_1_32' title="bbox 180 3290 1193 3388; baseline 0.002 -26"><span class='ocrx_word' id='word_1_254' title='bbox 180 3290 223 3380; x_wconf 79' lang='grc' dir='ltr'><strong><em>ἦν</em></strong></span> <span class='ocrx_word' id='word_1_255' title='bbox 237 3297 341 3382; x_wconf 85' lang='grc' dir='ltr'><strong><em>πολλη</em></strong></span> <span class='ocrx_word' id='word_1_256' title='bbox 357 3296 418 3382; x_wconf 73' lang='grc' dir='ltr'><strong><em>μὲν</em></strong></span> <span class='ocrx_word' id='word_1_257' title='bbox 432 3301 469 3365; x_wconf 85' lang='grc' dir='ltr'><strong><em>ἐν</em></strong></span> <span class='ocrx_word' id='word_1_258' title='bbox 483 3299 590 3388; x_wconf 77' lang='grc' dir='ltr'><strong><em>τούτῳ</em></strong></span> <span class='ocrx_word' id='word_1_259' title='bbox 603 3302 732 3386; x_wconf 82' lang='grc' dir='ltr'><strong><em>τρυφή·</em></strong></span> <span class='ocrx_word' id='word_1_260' title='bbox 756 3298 839 3366; x_wconf 74' lang='grc' dir='ltr'><strong><em>ὥστε</em></strong></span> <span class='ocrx_word' id='word_1_261' title='bbox 853 3305 911 3384; x_wconf 80' lang='grc' dir='ltr'><strong><em>της</em></strong></span> <span class='ocrx_word' id='word_1_262' title='bbox 927 3305 972 3376; x_wconf 83' lang='grc' dir='ltr'><strong><em>είς</em></strong></span> <span class='ocrx_word' id='word_1_263' title='bbox 987 3295 1049 3383; x_wconf 82' lang='grc' dir='ltr'><strong><em>τὴν</em></strong></span> <span class='ocrx_word' id='word_1_264' title='bbox 1062 3298 1193 3382; x_wconf 84' lang='grc' dir='ltr'><strong><em>Λάρισ-</em></strong></span> 
     </span>
     <span class='ocr_line' id='line_1_33' title="bbox 180 3392 1193 3484; baseline 0.005 -25"><span class='ocrx_word' id='word_1_265' title='bbox 180 3415 243 3460; x_wconf 91' lang='grc' dir='ltr'><strong><em>σαν</em></strong></span> <span class='ocrx_word' id='word_1_266' title='bbox 264 3392 345 3462; x_wconf 85' lang='grc' dir='ltr'><strong><em>ὁδοῦ</em></strong></span> <span class='ocrx_word' id='word_1_267' title='bbox 362 3396 574 3464; x_wconf 89' lang='grc' dir='ltr'><strong><em>παντάπασιν</em></strong></span> <span class='ocrx_word' id='word_1_268' title='bbox 596 3398 826 3484; x_wconf 81' lang='grc' dir='ltr'><strong><em>ἐπιλελησμην.</em></strong></span> <span class='ocrx_word' id='word_1_269' title='bbox 860 3404 919 3464; x_wconf 92' lang='grc' dir='ltr'><strong><em>καί</em></strong></span> <span class='ocrx_word' id='word_1_270' title='bbox 935 3422 1014 3464; x_wconf 87' lang='grc' dir='ltr'><strong><em>ποτε</em></strong></span> <span class='ocrx_word' id='word_1_271' title='bbox 1036 3396 1088 3464; x_wconf 83' lang='grc' dir='ltr'><strong><em>ἐπὶ</em></strong></span> <span class='ocrx_word' id='word_1_272' title='bbox 1105 3402 1193 3464; x_wconf 87' lang='grc' dir='ltr'><strong><em>νοῦν</em></strong></span> 
     </span>
    </p>
   </div>
   <div class='ocr_carea' id='block_1_3' title="bbox 0 0 1292 3842">
    <p class='ocr_par' dir='ltr' id='par_1_3' title="bbox 0 0 1292 3842">
     <span class='ocr_line' id='line_1_34' title="bbox 0 0 1292 3842; baseline 0 1"><span class='ocrx_word' id='word_1_273' title='bbox 0 0 1292 3842; x_wconf 95' lang='lat' dir='ltr'><strong><em> </em></strong></span> 
     </span>
    </p>
   </div>
  </div>
 </body>
</html>
