2575 3842
343 205 587 264 ΑΛΗΘΟΤΣ
606 208 845 266 ΙΣΤΟΡΙΑΣ
863 211 898 267 B.
1081 204 1124 267 59

113 366 232 454 μόνιος
259 362 349 432 καὶὸ
371 361 534 442 Θεσπιεὺς
553 363 747 449 Νάρκισσος
771 367 826 432 καὶ
840 363 937 444 Ὕλας
957 369 1012 434 καὶ
1029 365 1124 433 άλλοι

113 464 233 532 πολλοὶ
250 462 306 528 καὶ
327 466 430 528 καλοί.
458 465 518 527 καί
534 484 591 543 μοι
617 459 725 526 ἐδόκει
744 461 825 544 ἐρᾶν
848 469 908 528 τοῦ
923 460 1122 530 Ὑακίνθου·

113 559 154 628 τά
176 557 285 627 πολλά
301 564 387 643 γοῦν
409 560 538 625 ἐκείνου
556 556 737 642 διήλεγχεν.
767 559 895 643 ἐλέγετο
912 559 948 626 δέ
967 565 1123 645 χαλεπαί-

114 685 189 725 νειν
203 656 296 746 αὐτῷ
309 654 328 724 ὁ
344 654 576 740 Ῥαδάμανθυς
590 657 645 721 καὶ
659 652 872 740 ἠπειληκέναι
893 655 1052 733 πολλάκις
1069 659 1123 722 ἐκ·

114 763 231 843 βαλείν
250 752 353 821 αὐτὸν
373 756 409 820 ἐκ
429 759 487 837 τῆς
508 753 633 838 νῆσον,
658 749 702 837 ῆν
725 759 860 839 φλυαρῇ
880 756 935 822 καὶ
955 751 999 839 μῆ
1023 755 1123 839 ἐθέλη
1142 775 1192 827 115

114 855 212 940 ἀφεὶς
230 851 293 940 τῆν
310 857 482 936 εἰρωνείαν
503 848 708 935 εὐωχεῖσθαι.
741 851 885 918 Πλάτων
901 855 937 919 δὲ
956 851 1060 937 μόνος
1082 849 1125 918 οὐ

114 958 244 1036 παρῆν,
262 948 336 1019 ἀλλ’
354 952 482 1036 ἐλέγετο
501 950 555 1018 καὶ
571 945 671 1026 αὐτὸς
684 952 721 1016 έν
740 956 780 1037 τῆ
796 947 1048 1037 ἀναπλασθείσῃ
1062 945 1121 1015 ὑπ’
1176 988 1183 1005 2

115 1048 223 1116 αὐτοῦ
240 1048 334 1117 πόλει
351 1054 454 1116 οίκείν
468 1048 636 1134 χρώμενος
650 1056 690 1134 τῆ
703 1054 851 1136 πολιτείᾳ
864 1049 919 1115 καὶ
930 1062 997 1125 τοῖς
1008 1046 1124 1133 νόμοις

115 1142 165 1224 οἷς
179 1148 399 1233 συνέγραψεν.
434 1151 482 1214 18.
506 1169 524 1212 ο
526 1147 664 1231 ίμέντοι
684 1142 770 1231 ἄμφ’
786 1143 1000 1228 Ἀρίστιππόν
1019 1171 1054 1212 τε
1070 1147 1125 1212 καί

85 1329 87 1334 Ι
112 1241 310 1329 Ἐπίκουρον
320 1241 360 1310 τά
372 1251 486 1330 πρῶτα
500 1268 567 1326 παρ
572 1239 705 1320 ἀυτοῖς
716 1245 873 1329 ἐφέροντο
885 1240 973 1330 ῆιλείς
984 1267 1020 1310 τε
1031 1267 1124 1320 οντες

115 1345 173 1412 καὶ
185 1343 414 1462 κεχαρισμένοι
429 1345 484 1410 καὶ
499 1342 792 1427 συμποτικώτατοι.
815 1350 926 1429 παρῆν
941 1345 977 1410 δὲ
992 1343 1047 1410 καὶ
1060 1350 1124 1412 Αί-

116 1461 229 1519 σωπος
245 1468 262 1508 ο
251 1437 389 1525 ’Φρύξ
414 1441 520 1526 τούτῳ
537 1437 614 1507 ἃὲ”
593 1460 657 1507 οσα
678 1443 733 1508 καί
745 1448 954 1531 γελωτοποιῷ
971 1448 1122 1525 χρῶνται.

12 1581 13 1620 ι
116 1541 281 1623 Διογένης
292 1541 354 1623 μέν
364 1563 401 1622 γε
411 1564 431 1605 ο
418 1534 619 1661 ’Σινωπευς
632 1545 795 1605 τοσοῦτον
805 1542 961 1625 μετέβαλε
972 1563 1034 1605 του
1044 1538 1123 1624 τρό-

116 1659 202 1719 που,
222 1657 307 1702 ωστε
325 1643 426 1721 γῆμαι
441 1636 503 1720 μεν
518 1639 626 1703 Λαίδα
640 1633 704 1721 τῆν
722 1636 876 1723 ἑταίραν,
898 1634 1068 1721 ὀρχεῖσθαι
1087 1632 1122 1699 δε

117 1733 276 1810 πολλάκις
290 1729 355 1799 ὑπὸ
370 1735 477 1818 μέθης
493 1729 716 1818 άνιστάμευον
730 1735 786 1800 καὶ
799 1748 981 1820 παροιυείυ.
1001 1740 1068 1801 τῶν
1087 1732 1122 1798 δὲ

117 1838 279 1899 Στωικῶν
293 1826 402 1908 οὐδεὶς
412 1835 538 1915 παρῆν·
561 1835 608 1897 έτι
619 1827 684 1914 γάρ
695 1833 847 1914 ἐλέγοντο
861 1829 1053 1918 ἀναβαίνειν
1063 1825 1123 1896 τὸν

116 1937 174 2014 τῆς
188 1925 306 2013 άρετῆς
321 1924 442 2012 ὄρθιον
455 1929 571 2014 λόφον.
591 1927 806 2014 ῆκούομενδὲ
819 1931 960 2013 καὶπερὶ
973 1932 1123 2013 Χρυσίπ-

117 2051 185 2094 που
206 2025 257 2094 ὅτι
280 2021 322 2092 οὐ
343 2025 506 2113 πρότερον
525 2024 617 2114 αὐτῷ
638 2025 792 2111 ἐπιβῆναι
805 2030 863 2108 τῆς
885 2024 993 2109 νῆσον
1016 2027 1122 2109 θέμις,

117 2129 197 2208 πρὶν
210 2121 248 2190 τὸ
263 2127 419 2208 τέταρτον
433 2123 553 2192 ἑαυτὸν
565 2120 765 2208 έλλεβορίση.
786 2121 865 2199 τοὺς
879 2121 916 2188 δὲ
927 2117 1124 2205 Ἀκαδημαι-

118 2221 199 2302 κούς
215 2227 328 2307 ἔλεγον
348 2225 476 2291 ἐθέλειν
490 2221 552 2310 μὲν
567 2226 694 2304 ἐλθεῖν,
716 2221 842 2304 ἐπέχειν
857 2219 894 2285 δὲ
913 2223 961 2286 ἐτι
976 2219 1031 2284 καὶ
1050 2221 1123 2284 δια-

118 2328 336 2389 σκέπτεσθαι·
364 2321 446 2406 μηάὲ
466 2317 531 2405 γάρ
543 2316 630 2386 αὐτὸ
649 2316 749 2384 τοῦτο’
772 2340 824 2382 πω
847 2313 1123 2401 καταλαμβάνειν,

118 2425 148 2488 εί
161 2419 218 2487 καὶ
232 2417 335 2503 νῆσός
350 2444 398 2496 τις
411 2418 547 2503 τοιαύτη
562 2421 660 2485 ἐστίν.
680 2415 788 2494 άλλως
803 2440 840 2482 τε
853 2415 908 2482 καί
917 2411 980 2500 τῆν
996 2414 1047 2482 &a
1063 2418 1124 2480 τοῦ

113 2514 373 2602 Ῥαδαμάνθυος,
391 2515 491 2602 οἶμαι,
506 2523 618 2600 κρίσιν
628 2518 848 2598 ἐδεδοίκεσαν,
864 2511 921 2581 άτε
935 2515 990 2581 καὶ
1000 2511 1037 2580 τὸ
1049 2539 1123 2599 κρι-
1145 2516 1193 2569 11⁶

118 2616 235 2702 τῆριου
254 2611 348 2680 αὐτοὶ
371 2612 582 2701 άνηρηκάτες.
616 2611 761 2690 πολλοὺς
782 2612 818 2680 δέ
839 2609 952 2680 αὐτῶν
975 2617 1123 2697 ἔφασκον

119 2710 328 2800 ὁρμηθέντας
339 2708 539 2780 ἀκολουθεῖν
547 2724 615 2788 τοῖς
624 2709 891 2796 ἀφικνουμένοις,
903 2706 969 2776 ὑπὸ
980 2714 1124 2784 νωθείας

119 2813 155 2882 δέ
170 2809 409 2879 ἀπολείπεσθαι
425 2805 471 2894 μῆ
492 2808 808 2894 καταλαμβάνοντας
827 2808 882 2874 καὶ
903 2800 1124 2890 ἀναστρέφειν

118 2912 154 2977 έκ
169 2911 269 2995 μέσης
283 2915 340 2994 τῆς
357 2904 449 2974 ὁδοῦ.
473 2911 522 2973 19.
538 2898 632 2974 οὗτοι
644 2906 706 2992 μὲν
720 2897 783 2974 οὖν
797 2897 884 2991 ῆσαν
899 2929 917 2970 ο
919 2900 1124 2987 ίάξιολογά-

118 3033 210 3074 τατοι
223 3031 292 3073 των
305 3003 492 3089 παρόντων.
513 3009 629 3089 τιμῶσι
640 3003 676 3071 δὲ
687 3001 828 3088 μάλιστα
841 2999 901 3068 τὸν
912 2997 1055 3085 Ἀχιλλέα
1069 2999 1124 3065 καὶ

118 3102 200 3193 μετά
216 3113 336 3172 τοῦτον
351 3106 469 3189 Θησέα,
496 3105 572 3192 περὶ
592 3103 627 3171 δὲ
650 3105 830 3177 συνουσίας
849 3098 904 3165 καὶ
918 3093 1079 3182 άφροδισί
1077 3121 1125 3162 ων

117 3201 208 3271 οὕτω
216 3209 397 3289 φρονοῦσι·
409 3199 625 3287 μίσγονται
590 3225 652 3285 μεν
663 3193 860 3282 αυαφανδον
869 3218 1005 3261 παντων
1014 3219 1126 3279 ορων

117 3328 185 3370 των
199 3302 255 3369 καλ
270 3301 401 3386 γυναιξὶ
416 3298 507 3366 καὶ”
484 3317 618 3386 αρρεσι,
636 3324 692 3365 και
680 3291 860 3379 οὐδαμως
875 3299 973 3359 τοῦτο
988 3286 1125 3376 αίσχρόν

118 3399 230 3479 αυτοῖς
240 3403 345 3467 δοκεῖ·
367 3396 469 3483 μόνος
479 3397 515 3464 δέ
526 3393 708 3479 Σωκράτης
720 3382 921 3479 διώμνυτο
899 3416 920 3477 η
935 3386 1002 3476 μῆυ
1015 3399 1126 3459 καθα·
