2575 3842
373 208 650 267 ΛΟΥΚΙΟΣΗ
672 208 811 266 ΟΝΟΣ.
1034 206 1095 270 327

91 366 234 454 δεσπότη
246 363 371 444 ἀπόδος
386 368 440 434 καὶ
455 363 491 433 τό
504 364 584 434 ἀλλο
599 374 660 433 τοῦ
669 365 753 433 όνου
762 365 852 432 κάτω
865 390 933 433 που
948 369 981 445 ές
990 393 1097 452 κρημ-

91 463 153 532 νόν
165 464 263 552 ἀφες·
280 467 368 546 δόξει
382 464 446 552 γάρ
459 463 607 551 ἀποδράς
619 472 772 550 οἴχεσθαί
778 489 835 531 ποι
847 468 901 532 καὶ
913 463 996 533 εἶναι
1007 466 1096 553 ἀφα-

91 562 159 649 νής.
188 559 267 650 ὁρᾷς
285 566 321 630 δὲ
336 559 378 640 ἀς
398 568 488 630 ἔστιν
503 563 665 646 εύσαρκος
681 564 736 630 καλ
750 569 811 629 τοῦ
832 559 951 647 ἀγρίου
966 566 1096 631 ἐκείνου

91 659 199 725 πάντα
221 656 383 744 ἀμείνωνς
405 657 423 727 ό
443 659 478 727 δὲ
499 659 655 746 μάγειρος
674 668 731 745 τῆς
746 656 907 745 γυναικός
924 663 1097 738 ἐπαινέσας

91 754 128 822 τό
143 757 325 843 βούλευμα,
334 755 477 841 Ἅριστα,
496 764 571 844 ἔφη,
586 778 650 842 σοι,
666 759 778 842 γύναι,
793 765 906 839 ταῦτα,
923 762 978 825 καὶ
989 758 1095 849 τούτῳ

2 849 4 888 ⁸
91 853 184 943 μόνω
198 861 244 943 τῷ
259 861 344 943 έργςο
362 852 420 932 τάς
435 857 595 941 μάστιγας
611 869 734 941 φυγεῖν
749 861 827 948 ἔχω,
850 857 904 922 καὶ
925 857 1025 923 τοῦτό
1039 883 1095 942 μοι

91 949 153 1036 ήδη
168 952 374 1033 πεπράξεται.
403 949 422 1019 ό
438 955 500 1038 μὲν
515 947 578 1020 οὖν
593 951 728 1031 ἀνόσιος
743 945 841 1031 οὗτος
860 950 965 1040 οὑμός
978 954 1095 1038 μύγει-
1114 968 1163 1024 608

91 1151 142 1212 40.
158 1143 222 1230 ἐγω
239 1149 275 1213 δὲ
291 1144 327 1213 τό
343 1148 465 1232 μέλλον
476 1147 539 1234 ήδη
553 1148 789 1232 προορώμενος
800 1147 978 1233 κράτιστον
988 1152 1096 1232 ἔγνων

91 1241 129 1310 τό
148 1243 263 1322 σώζειν
275 1243 419 1330 ἐμαυτόν
436 1248 472 1313 έκ
487 1253 543 1331 τής
558 1250 693 1323 κοπίδος
706 1246 760 1312 καὶ
774 1246 874 1331 ῥήξας
888 1243 947 1313 τόν
964 1244 1095 1331 ίμάντα,

91 1332 119 1429 ᾦ
140 1341 318 1426 διηγόμην,
342 1345 396 1410 καλ
411 1341 654 1428 ἀνασιτιρτήσας
673 1345 762 1426 ἵεμαι
783 1343 896 1432 δρόμῳ
917 1351 995 1411 είσω
1011 1348 1096 1410 ἔνθα

91 1440 268 1505 ἐδείπνουν
284 1443 319 1509 οί
331 1445 476 1508 κίναιδοι
491 1439 556 1507 σύν
577 1445 623 1525 τςό
638 1439 782 1526 δεσπότῃ
800 1446 868 1506 τῶν
885 1438 1006 1525 ἀγρῶν.
1040 1441 1096 1506 ἐν·

3 1545 4 1548 ’
90 1541 201 1601 ταύθα
222 1535 409 1622 είσδραμων
431 1535 605 1620 ἀνατρέπω
626 1536 734 1602 πάντα
758 1544 805 1624 τῷ
826 1537 1020 1622 σκιρτήματι
1041 1537 1096 1602 καὶ

91 1637 230 1714 λυχνίαν
245 1636 300 1699 καὶ
316 1639 488 1718 τραπέζας·
513 1632 604 1718 κάγιό
620 1634 683 1717 μὲν
695 1631 790 1721 ᾤμην
805 1632 935 1718 κομψόν
949 1660 981 1699 τι
996 1639 1094 1700 τοῦτο

91 1723 176 1810 πρὸς
192 1733 357 1811 σωτηρίαν
379 1727 462 1815 ἐμήν
478 1727 671 1813 εὑρηκέναι,
692 1731 747 1794 καὶ
766 1727 826 1794 τόν
848 1728 1012 1812 δεσπότην
1027 1735 1095 1794 των

91 1818 205 1906 ἀγρῶν
220 1825 370 1891 κελεύειν
384 1824 510 1902 εύδέως
525 1823 568 1902 σός
581 1821 750 1909 ἀγέρωχον
761 1821 843 1891 όνον
853 1825 908 1910 ἐμὲ
923 1833 1096 1893 κατακλει-

91 1921 217 1986 σθέντα
239 1945 296 1988 ποι
320 1921 547 2007 φυλάττεσθαι
570 1917 743 2005 ἀσφαλῶς·
777 1919 861 1989 ἀλλά
882 1947 923 2006 με
942 1929 1041 1989 τοῦτο
1058 1919 1094 1988 τό

93 2013 226 2100 κομψόν
245 2022 291 2095 είς
307 2023 444 2103 ἔσχατον
462 2017 581 2104 ἤνεγκε
598 2018 773 2085 κινδύνου.
804 2025 927 2086 λυττᾶν
943 2019 1097 2097 δόξαντές

2 2115 3 2118 '
91 2139 132 2200 με
143 2117 221 2200 ξίφη
232 2113 338 2183 πολλά
349 2113 412 2202 ήδη
425 2119 478 2184 καλ
491 2117 610 2201 λόγχας
621 2112 673 2181 ἐπ’
686 2113 743 2200 ἐμὲ
753 2115 938 2183 ἐσπάσαντο
948 2116 1004 2182 καὶ
1015 2115 1096 2194 ξύλα

90 2212 212 2298 μακρά,
227 2215 281 2279 καὶ
294 2210 381 2298 εἶχον
393 2213 497 2292 οὕτως
510 2235 593 2281 τεστε
604 2210 801 2280 ἀποκτενεῖν
810 2237 859 2297 με.
883 2209 947 2296 ἐγω
959 2213 994 2280 δὲ
1008 2209 1096 2297 ὁρῶν
1154 2275 1158 2283 ,

90 2318 152 2377 τοῦ
166 2315 283 2378 δεινοῦ
294 2309 332 2378 τό
347 2314 489 2398 μέγεθος
508 2311 621 2400 δρόμφ
642 2319 720 2378 είσω
740 2312 943 2396 παρέρχομαι
960 2315 1046 2378 ἔνθα
1066 2314 1100 2378 οί

90 2412 162 2493 ἐμοὶ
177 2409 331 2478 δεσπόται
346 2411 613 2497 κοιμηδήσεσθαι
624 2413 770 2494 ἔμελλον.
794 2412 828 2476 οί
842 2409 878 2475 δὲ
891 2409 1096 2494 θεασόμενοι

90 2514 189 2575 τοῦτο
201 2516 412 2592 συγκλείουσι
424 2507 483 2588 τάς
490 2510 602 2595 θύρας
615 2500 655 2574 εύ
665 2507 753 2590 μάλα
764 2510 897 2585 ἔξωθεν.
918 2511 971 2575 41.
983 2505 1096 2593 ἐπειδή

92 2607 128 2672 δὲ
142 2602 205 2690 ήδη
222 2605 346 2689 ὄρθρος
360 2599 419 2692 ήυ,
437 2604 603 2692 ἀράμενος
613 2603 675 2691 τήν
688 2602 773 2672 θεὸν
787 2598 888 2683 αὖθις
898 2602 1018 2694 ἀπῄειν
1028 2604 1096 2691 ἀμα

91 2716 159 2778 τοῖς
175 2700 333 2784 ἀγύρτοις
351 2705 405 2769 καλ
424 2700 617 2788 ἀφικόμεθα
634 2710 679 2782 είς
693 2703 810 2789 κεόμην
829 2703 934 2788 ἀλλην
950 2705 1098 2788 μεγάλην

91 2800 147 2866 καὶ
169 2799 457 2883 πολυάνθρωπον,
483 2803 520 2866 έν
539 2793 561 2888 ᾖ
581 2802 636 2868 καὶ
660 2801 855 2886 κοινότερόν
877 2826 908 2867 τι
925 2802 1096 2882 ἐτερατεύ-
1114 2813 1164 2868 609

2 2931 4 2968 =
93 2915 211 2980 σαντο,
235 2893 297 2980 τήν
311 2894 395 2963 θεὸν
410 2895 454 2983 μή
474 2911 583 2983 μεῖναι
599 2902 635 2966 έν
652 2897 839 2985 ἀνθρώπου
861 2906 966 2988 οίκίηι,
989 2906 1046 2986 τῆς
1061 2899 1097 2967 δὲ

91 2990 171 3079 παρ’
188 2995 327 3072 ἐκείνοις
337 2994 477 3080 μάλιστα
489 2998 674 3084 τιμωμένης
684 3000 859 3083 ἐπιχωρίου
871 3002 1027 3083 δαίμονος
1037 2995 1097 3066 τόν

90 3091 176 3161 ναόν
195 3097 336 3178 οἰκῆσαι.
371 3097 405 3159 οί
419 3094 454 3160 δὲ
475 3096 530 3160 καὶ
552 3094 641 3177 μύλα
661 3091 799 3177 ἀσμενοι
818 3094 879 3179 τήν
895 3097 994 3180 ξένην
1013 3091 1097 3162 θεόν

94 3189 291 3270 ὑπεδέξαντο
307 3198 346 3278 τῇ
363 3197 459 3275 σφων
474 3189 587 3258 αύτοόν
603 3199 674 3282 θεῷ
688 3198 952 3277 συνοικίσαντες,
967 3190 1047 3280 ήμίυ
1061 3196 1097 3262 δὲ
1119 3229 1122 3233 ·

92 3295 200 3356 οίκίαν
215 3288 390 3368 ἀπέδειξαν
406 3287 600 3372 ἀνθρώπων
614 3291 777 3376 πενήτων.
804 3293 953 3360 ἐνταῦθα
973 3287 1097 3377 συχνός

90 3383 213 3473 ἡμέρας
228 3390 261 3452 Οἱ
275 3386 431 3489 δεσπόται
446 3390 675 3473 διατρίψαντες
690 3387 821 3460 ἀπιέναι
835 3389 961 3478 ήδελον
976 3395 1021 3468 είς
1035 3389 1097 3475 τήν

2 3489 4 3526 ι
418 3517 423 3526 ,
