2575 3842
376 175 822 235 ΙΚΑΡΟΜΕΝΙΠΠΟΣ.
1039 172 1103 235 403

177 340 322 402 ΕΤΑΙΡ.
346 339 424 410 Πῶς
437 336 558 416 λέγεις;
580 330 643 418 ήδη
659 329 723 417 χάρ
735 329 798 398 οάκ
812 328 874 399 οἶδ’
892 332 982 412 ὅπως
996 330 1104 422 ήρεμα

89 457 133 517 με
149 429 327 516 προσάγεις
343 426 425 513 πρὸς
439 426 501 513 τήν
518 426 683 514 ἀλήθειαν
699 435 756 513 τής
772 427 961 513 διηγήσεως.

177 535 290 595 ΜΕΝ.
308 518 389 594 Ὧδέ
401 552 488 605 πως·
509 524 608 595 ἀετὸν
619 523 784 611 εὐμεγέθη
796 526 990 611 συλλαβών,
1008 532 1055 594 έτι
1066 530 1103 595 δὲ
1120 534 1172 591 ’1οὸ

89 634 184 712 μῦπα
199 631 267 692 τῶν
281 630 454 710 καρτερῶν
467 620 644 710 ἀποτεμοδν
660 619 775 700 αάταῑς
792 619 929 700 ὠλέναις
943 620 983 689 τά
999 622 1102 710 πτερά

90 776 97 791 .
113 776 121 790 .
135 772 163 790 ..
181 726 310 806 μᾶλλον
327 719 362 787 δὲ
379 721 435 788 καί
447 727 560 788 πᾶσαν
578 722 610 799 ἐξ
626 716 728 806 ἀρχής
740 715 803 804 τήν
819 721 989 805 ἐπίνοιαν,
1005 730 1039 788 εί
1049 740 1103 787 σοι

42 859 46 863 -
91 818 212 906 σχολή,
231 821 340 903 δίειμι.

178 923 323 985 ΕΤΑΙΡ.
346 915 446 984 Ποίνυ
461 917 523 1000 μὲν
539 908 619 982 οὖν·
650 911 694 993 ὡς
709 913 774 999 έγοί
790 934 843 981 σοι
856 913 1020 1000 μετέωρός
1037 919 1103 999 είμι

89 1012 157 1082 ὑπὸ
173 1020 241 1081 τῶν
256 1012 367 1097 λόγων
378 1013 434 1080 καὶ
445 1009 528 1095 πρὸς
541 1007 579 1079 τδ
591 1013 684 1088 τέλος
693 1010 757 1097 ἤδη
773 1016 894 1098 κέχηνα
905 1018 963 1096 τής
975 1009 1101 1098 ἀκροά-

89 1132 189 1189 στοις·
213 1113 296 1196 μηδὲ
307 1105 390 1197 πρὸς
401 1115 517 1194 φιλίου
530 1134 571 1194 με
585 1114 735 1197 περιίδῃς
749 1109 821 1177 ἀνω
835 1134 903 1176 που
914 1117 972 1195 τής
983 1108 1101 1194 διηγή-

88 1228 174 1286 σεως
188 1212 223 1277 έιι
237 1216 305 1276 τῶν
323 1205 417 1276 ὤτων
432 1204 674 1293 ἀπηρτημένον.

173 1313 203 1375 4.
215 1313 326 1375 ΜΕΝ.
340 1306 460 1374 ’Ἀκουε
471 1312 603 1378 τοίνυν·
619 1304 662 1372 οά
671 1304 736 1393 χάρ
749 1302 929 1390 ἀστείόνγε
940 1303 977 1372 τὸ
989 1308 1101 1392 θέαμα

87 1404 249 1490 κεχηνότα
266 1411 366 1490 φίλον
387 1406 634 1490 ἐγκαταλιπεῖν,
662 1407 717 1472 καί
736 1411 839 1472 ταῦτα
860 1401 906 1482 ὡς
925 1402 969 1470 σύ
983 1402 1049 1490 φής
1063 1407 1100 1471 ἐκ

87 1510 156 1570 τῶν
173 1501 265 1570 ὤτοιν
281 1501 523 1589 ἀπηρτημένον.
544 1500 609 1588 έχοδ
626 1499 692 1589 χάρ
707 1499 820 1588 ἐπειδὴ
837 1500 972 1586 τάχιστα
989 1501 1101 1581 έξετά-

89 1606 154 1683 ζων
168 1597 208 1667 τά
223 1599 305 1668 κατὰ
321 1599 381 1670 τὸν
397 1607 473 1688 βίον
484 1609 595 1685 γελοία
609 1602 665 1667 καλ
679 1596 819 1668 ταπεινὰ
835 1600 890 1667 καί
903 1598 1045 1687 ἀβέβαια
1058 1596 1099 1665 τά

89 1694 290 1779 ἀνθρώπινα
305 1696 414 1764 πάντα
430 1696 606 1783 εὕρισκον,
629 1697 796 1775 πλούτους
817 1700 903 1783 λέγω
920 1699 976 1765 καὶ
997 1693 1101 1783 ἀρχάς

89 1794 146 1859 καὶ
157 1796 369 1878 δυναστείας,
383 1794 638 1879 καταφρονήσας
650 1793 762 1861 αὐτῶν
772 1796 827 1863 καὶ
837 1793 900 1880 τήν
910 1797 985 1880 περὶ
995 1801 1100 1861 ταῦτα

96 1886 243 1976 σπουδήν
265 1887 423 1975 ἀσχολίαν
448 1897 516 1958 τῶν
537 1888 673 1976 ἀληθῶς
700 1896 894 1959 σπουδαίων
915 1889 1099 1978 ὑπολαβών

88 1985 295 2056 ἀνακύπτειν
309 2013 344 2054 τε
360 1989 415 2055 καὶ
433 1983 516 2074 πρὸς
532 1985 569 2054 τὸ
591 1995 661 2055 πᾶν
677 1985 879 2075 ἀναβλέπειν
894 1990 1100 2074 ἐπειρώμην·

88 2091 147 2153 καί
152 2111 208 2170 μοι
218 2087 365 2153 ἐνταῦθα
374 2084 502 2172 πολλήν
511 2111 586 2152 τινα
596 2099 730 2172 παρεῖχε
739 2083 801 2171 τήν
812 2083 956 2170 ἀπορίαν
965 2093 1100 2167 πρῶτον
1117 2097 1170 2153 756

87 2185 150 2270 μὲν
166 2181 266 2262 αάτὸς
282 2177 411 2263 οὖτοςὸ
432 2181 498 2250 ὑπὸ
516 2191 584 2251 τῶν
604 2193 723 2270 σοφῶν
738 2183 945 2269 καλούμενος
959 2182 1097 2268 κόσμος·

88 2280 130 2349 οὐ
142 2281 206 2369 γάρ
216 2281 304 2368 είχον
315 2281 427 2369 εὑρεῖν
438 2279 518 2350 οὔθ’
531 2281 622 2360 ὅπως
633 2285 765 2367 ἐγένετο
776 2281 853 2348 οὔτε
864 2280 923 2349 τὸν
936 2287 1100 2368 δημιουρ-

88 2378 151 2467 γδυ
174 2375 247 2446 οὔτ’
263 2378 369 2466 ἀρ’χήν
386 2379 467 2448 οὔθ’
487 2379 507 2448 ὅ
527 2407 558 2449 τι
575 2380 611 2449 τὸ
628 2385 721 2460 τέλος
738 2384 827 2450 ἐστὶν
843 2379 958 2449 αὐτοῦ.
988 2386 1099 2449 ἔπειτα
1158 2436 1162 2448 ,

89 2481 125 2546 δὲ
139 2477 221 2548 κατά
235 2481 334 2565 μέρος
349 2482 541 2548 ἐπισκοπῶν
554 2479 642 2549 πολὺ
657 2487 786 2567 μᾶλλον
800 2477 939 2566 ἀπορεῖν
950 2478 1099 2566 ήναγκα-

91 2574 206 2660 ζόμην·
230 2576 308 2654 τούς
322 2601 358 2642 τε
374 2575 439 2662 γὰρ
457 2574 597 2663 ἀστέρας
614 2578 730 2664 έοίροιν
746 2575 791 2657 ὡς
806 2583 900 2664 έτυχε
915 2583 976 2644 τοῦ
994 2572 1099 2661 οὐρα-

91 2680 153 2739 νοῦ
167 2676 419 2759 διερριμμένους
436 2680 491 2744 καὶ
507 2673 567 2746 τὸν
585 2677 684 2764 ήλιον
703 2675 809 2746 αὐτὸν
824 2682 858 2743 τί
877 2700 957 2742 ποτε
972 2668 1017 2760 ήυ
1032 2672 1097 2754 ἀρα

91 2769 241 2837 ἐπόθουν
256 2774 393 2840 εἰδέναι·
414 2776 556 2861 μάλιστα
567 2776 604 2842 δὲ
616 2775 657 2843 τά
669 2773 751 2843 κατὰ
762 2773 824 2859 τήν
836 2772 980 2858 σελήνην
991 2769 1098 2837 ἀτοπά

90 2894 146 2955 μοι
163 2871 217 2936 καὶ
237 2879 406 2951 παντελῶς
422 2873 593 2957 παράδοξα
608 2878 844 2958 κατεφαίνετο,
865 2871 920 2937 καὶ
935 2866 973 2935 τδ
991 2876 1098 2935 πολυ-

91 2970 173 3045 ειδὲς
194 2965 296 3052 αὐτῆς
314 2975 381 3037 τῶν
400 2969 577 3056 σχημάτων
598 2969 790 3056 ἀπόρρητόν
811 2995 887 3037 τινα
909 2965 971 3054 τήν
988 2972 1098 3035 αἰτίαν
1175 3001 1181 3008 ·

91 3073 175 3152 ἔχειν
191 3071 392 3153 ἐδοκίμαζον.
415 3066 457 3136 οὐ
471 3068 539 3155 μήν
554 3066 638 3136 ἀλλά
653 3072 709 3136 καί
722 3064 872 3154 ἀστραπή
889 3067 1028 3155 διήξασα
1042 3066 1099 3133 καὶ

91 3163 212 3255 βροντή
238 3180 480 3253 καταρραγεῖσα
500 3168 555 3235 καλ
570 3164 666 3244 δετὰς
683 3163 803 3253 ήχιοδν
822 3161 981 3251 ήχάλαζα
1000 3189 1098 3231 κατε-

91 3275 244 3351 νεχθεῖσα
259 3269 427 3334 καὶταῦτα
443 3271 643 3335 δυσείκαστα
657 3267 766 3333 πάντα
781 3267 837 3348 καὶ
847 3262 1033 3349 ἀτέκμαρτα
1043 3255 1096 3349 ἦν.

20 3439 24 3448 y
92 3367 119 3429 5.
137 3359 263 3430 οὐκοῦν
274 3363 450 3450 ἐπειδήπερ
463 3363 553 3432 οὕτω
564 3369 749 3451 διεκείμην,
764 3362 903 3450 ἀριστον
918 3361 1003 3491 εἷμαι
1012 3360 1097 3430 ὑπε-
