2575 3842
513 187 605 245 ΕΡΩ
616 191 643 245 Τ
649 190 714 244 ΕΣ.
1057 184 1119 246 233

111 349 273 433 δύναμιν·
296 343 359 414 κάν
376 343 551 434 ἀποθάνη,
576 353 633 433 ζήν
650 345 712 414 ούκ
730 344 902 432 ἀνέξομαι·
931 352 1120 424 τελευταίας

110 445 147 513 δέ
163 442 299 523 έντολάς
315 457 383 522 τοῖς
395 441 467 530 μετ’
483 446 611 512 ἐκεῖνον
627 441 686 512 ὑπ’
704 447 786 530 ἐμοῦ
803 446 1034 531 στεργομένοις
1045 447 1120 512 ἐπι-

109 543 258 628 θήσομαι
275 541 392 609 κοινόν
408 539 606 627 ἀμφοτέροις
621 543 778 628 ἐπιχῶσαι
795 543 920 629 τάφον,
940 540 1066 622 ὀστέοις
1084 543 1119 610 δὲ

110 639 331 725 ἀναμίξαντας
345 637 442 707 ὀστέα
457 641 540 725 μηδὲ
553 636 615 724 τήν
632 637 752 726 κωφὴν
771 639 868 708 κόνιν
886 638 944 708 ἀπ’
965 638 1119 728 ἀλλήλων

110 743 285 823 διακρῖναι.
314 742 366 806 47.
388 744 491 804 ταῦτα
515 735 545 803 δ’
564 735 605 803 ού
626 744 750 819 πρῶτοι
766 737 970 824 χαράξουσιν
993 744 1027 807 οί
1047 739 1119 824 ἐμοὶ

109 833 194 922 πρὸς
214 833 293 913 τούς
311 833 423 915 ἀξίους
440 841 576 922 ἔρωτες,
601 831 674 902 ἀλλ’
695 833 716 920 ή
737 845 830 914 θεοῖς
852 843 971 922 γείτων
990 833 1117 923 ήρωῖκή

110 933 273 1019 φρόνησις
286 933 545 1018 ἐνομοθέτησεν,
562 933 599 999 ἐν
610 929 659 1010 οἷς
670 931 688 1000 ὁ
701 939 811 1018 φιλίας
826 939 909 1017 ἔρως
920 933 995 1020 ἀχρι
1006 933 1117 1001 θανά·
1136 947 1188 1003 450

109 1056 170 1097 τον
188 1031 458 1109 σννεξέπνενσεν.
493 1031 603 1107 Φωκίς
620 1033 657 1097 έκ
675 1037 803 1116 νηπίων
820 1037 867 1100 ἐτι
883 1033 1016 1118 χρόνων
1027 1029 1119 1115 Ὀρέ-

111 1148 193 1214 στην
207 1128 349 1216 Πυλάδη
364 1135 528 1214 συνῆψεν·
550 1125 635 1194 θεὸν
650 1130 687 1194 δὲ
697 1135 765 1195 τῶν
776 1127 860 1213 πρός
874 1127 1038 1215 ἀλλήλους
1054 1154 1118 1195 πα-

109 1233 185 1293 θῶν
206 1232 341 1312 μεσίτην
363 1228 521 1313 λαβόντες
546 1221 590 1304 ῶς
610 1223 665 1312 ἐφ’
691 1224 764 1304 ἑνὸς
785 1227 937 1311 σκάφους
956 1233 1016 1293 τοῦ
1041 1233 1118 1314 βίον

109 1325 356 1392 συνέπλευσαν·
387 1321 571 1411 ἀμφότεροι
586 1323 886 1410 Κλυταιμνήστραν
906 1321 1059 1411 άνήρονν
1075 1319 1118 1400 ῶς

105 1419 349 1507 Ἀγαμέμνονος
370 1427 499 1508 παῖδες,
521 1417 579 1488 ὑπ’
597 1419 725 1506 ἀμφοῖν
741 1430 905 1507 Αῖγισθος
922 1421 1116 1506 ἐφονεύετο·

107 1513 330 1605 τός’θρέστην
339 1520 544 1598 ἐλαυνούσας
553 1517 849 1605 ΠοινάςΠυλάδης
860 1519 968 1586 ἐνόσει
978 1525 1116 1604 μᾶλλον,

108 1621 293 1704 κρινομένῳ
309 1623 561 1705 συνηγωνίζετο.
590 1615 652 1704 τήν
670 1621 706 1685 δὲ
726 1616 887 1703 ἐρωτικήν
908 1624 1024 1702 φιλίαν
1039 1613 1118 1682 οὐδὲ

108 1726 177 1791 τοῖς
190 1719 247 1797 τής
264 1711 420 1794 Ἑλλάδος
437 1713 528 1798 ὅροις
543 1717 741 1802 ἐμέτρησαν,
764 1713 837 1782 ἀλλ’
855 1718 907 1782 ε’πὶ
929 1714 1007 1793 τούς
1021 1714 1118 1799 ἐσχά-

107 1836 187 1888 τους
201 1819 352 1880 Σκυθῶν
371 1816 534 1900 τέρμονας
553 1819 735 1896 ἐπλευσαν,
763 1810 780 1878 ὁ
802 1814 864 1899 μὲν
884 1819 1012 1897 νοσῶν,
1041 1809 1059 1879 ὁ
1083 1813 1118 1878 δὲ

109 1910 319 1995 θεραπεύων.
343 1919 400 1997 τής
415 1919 501 1998 γοῦν
516 1919 683 1997 Ταυρικῆς
692 1917 752 1996 γῆς
767 1913 997 1996 ἐπιβαίνοντας
1013 1909 1119 1987 εύθύς

108 2002 129 2091 ή
142 2008 365 2092 μητροκτόνος
376 2006 500 2088 αύτούς
511 2005 641 2096 Ἐρινύς
653 2008 873 2093 έξενοδόχησε,
889 2009 944 2075 καὶ
954 2013 1022 2073 τῶν
1032 2014 1118 2092 βαρ-

107 2106 223 2192 βάρων
239 2108 276 2172 ἐν
289 2106 402 2197 κύκλῳ
418 2107 648 2191 περιεστώτων
667 2103 686 2173 ὁ
706 2108 768 2192 μὲν
783 2102 849 2174 ὑπό
871 2113 928 2190 τής
943 2105 1118 2189 συνήθους

108 2209 227 2288 μανίας
241 2201 354 2272 πεσῶυ
369 2210 491 2290 ἔκειτο,
508 2205 667 2290 Πυλάδης
682 2206 719 2272 δὲ

235 2301 346 2389 ἀφρόν
362 2303 390 2372 τ’
410 2303 521 2387 ἀπέψα
536 2301 687 2390 στόματός
702 2300 732 2370 τ’
749 2305 896 2389 ἐτημέλει

235 2408 363 2470 πέπλου
373 2429 408 2471 τε
419 2401 678 2488 προύκάλυπτεν
693 2398 878 2488 εύπήκτους
889 2398 988 2485 ὑφάς,

107 2498 171 2568 οὐκ
193 2505 335 2588 ἐραστοῦ
361 2503 486 2589 μόνον,
519 2498 603 2570 ἀλλά
631 2503 687 2567 καὶ
711 2497 836 2583 πατρός
863 2498 1117 2583 ἐνδεικνύμενος

106 2592 200 2685 ήθος.
230 2600 329 2687 ἡνίκα
343 2609 430 2687 γοῦν
452 2604 569 2687 ἐκρίθη
586 2602 734 2683 θατέρου
749 2602 909 2686 μένοντος
924 2599 976 2665 ἐπὶ
990 2603 1036 2686 τῶ
1052 2621 1117 2681 φο-

107 2706 273 2784 νευθήναι
298 2697 357 2766 τόν
385 2701 500 2784 ἕτερον
525 2700 557 2775 ἐς
581 2697 749 2782 Μυκήνας
774 2696 907 2764 ἀπιέναι
933 2702 1116 2782 κομιοῦντα

107 2795 300 2882 γράμματα,
325 2800 438 2884 μένειν
459 2793 542 2881 ὑπὲρ
568 2793 722 2880 ἀλλήλων
744 2791 929 2879 ἀμφότεροι
953 2796 1116 2861 θέλουσιν

107 2895 261 2979 ἑκάτερος
277 2899 314 2964 έν
329 2897 461 2985 θατέρφ
478 2900 573 2974 ζῶντι
588 2899 647 2977 ζήν
661 2889 782 2959 ἑαυτὸν
796 2891 991 2979 ἡγούμενος.
1023 2888 1118 2956 ἀπω-

105 3003 214 3060 θεῖται
241 2993 276 3061 δὲ
297 2991 356 3073 τάς
376 2989 550 3070 ἐπιστολάς
570 2988 722 3076 Ὀρέστης
748 2987 792 3068 ῶς
815 2989 975 3057 Πυλάδου
1002 2994 1116 3073 λαβεῖν
1135 3005 1183 3059 451

105 3093 301 3177 άξιωτέρον,
315 3091 421 3177 μόνον
433 3089 495 3158 οὐκ
507 3087 643 3176 ἐραστής
655 3087 730 3156 ἀντ’
744 3092 912 3175 ἐρωμένου
922 3085 1117 3172 γενόμενος·

233 3187 268 3256 τό
285 3187 349 3276 γάρ
365 3197 535 3275 σφαγῆναι
549 3187 643 3256 τόνδ’
664 3189 735 3274 ἐμοὶ
749 3187 853 3274 βάρος
869 3189 967 3273 μέγα·

231 3285 250 3356 ὁ
267 3295 462 3358 ναυστολῶν
476 3287 541 3374 γάρ
560 3284 623 3372 εἰμ’
641 3283 705 3371 έγῶ
720 3283 777 3364 τάς
793 3283 977 3372 συμφοράς.

104 3391 158 3454 καί
173 3413 234 3472 μετ
263 3385 377 3474 ὀλίγον
394 3393 484 3474 φησί,
