2575 3842
197 137 261 204 402
554 138 859 197 AOYKIANOY

128 321 180 377 75³
199 295 285 378 Διάς
304 299 375 385 ἥκοι
396 299 541 385 τήμερον
556 296 731 382 θαυμάσια
747 298 802 364 καὶ
823 293 970 374 ἀκούσας
987 296 1043 362 καί
1058 295 1173 362 ίδάν·
1197 302 1226 362 εί

199 401 234 464 δέ
256 397 418 482 ἀπιστεῖς,
441 398 496 464 καὶ
513 392 594 462 αὐτὸ
616 401 715 461 τοῦτο
737 390 1050 480 ὑπερευφραίνομαι
1070 390 1112 462 τό
1131 397 1224 478 πέρα

199 503 337 574 πίστεως
352 493 512 580 εὐτυχεῖν.

281 613 427 674 ΕΤΑΙΡ.
449 606 516 674 Καὶ
531 612 600 683 πῶς
616 601 791 689 ἀνέγειρε,
811 597 838 670 ῶ
852 608 1009 672 θεσπέσιε
1019 605 1077 670 καί
1090 601 1225 690 Ὀλύμ-

197 730 252 772 πιε
265 708 440 788 Μένιππε,
460 699 621 788 γεννητὰς
635 699 736 780 αὐτὸς
753 703 809 768 καὶ
825 705 967 798 ἐπίγειος
988 696 1036 768 ῶν
1058 698 1224 769 ἀπιστεῖν

199 810 367 889 δυναίμην
380 800 598 891 ὑπερνεφέλῳ
613 798 713 884 ἀνδρί
726 801 779 868 καὶ
796 803 853 867 ἵνα
867 795 948 867 καθ’
957 797 1113 885 ’Όμηρον
1133 810 1223 868 εἴπω

197 893 512 985 τῶνθάραυιάυυν
528 901 593 978 έυί;
616 894 689 965 ἀλλ’
706 897 817 965 ἐκεῖνά
831 923 888 982 μοι
899 897 1049 983 φράσον,
1065 904 1100 965 εί
1111 903 1222 983 δοκεῖ,

198 1005 272 1065 τίνα
292 996 420 1082 τρόπον
439 994 549 1082 ἤρθης
570 992 641 1062 ἀνω
665 995 722 1062 καὶ
742 990 872 1061 ὁπόθεν
899 996 1043 1077 ἐπορίσω
1063 1000 1223 1080 κλίμακα

198 1092 400 1181 τηλικαύτην
421 1092 457 1162 τὸ
476 1097 633 1180 μέγεθοςς
654 1092 695 1161 τά
713 1089 855 1178 μὲνγὰρ
873 1091 959 1178 ἀμφὶ
976 1091 1039 1177 τὴν
1060 1091 1151 1172 ὅφιν
1179 1093 1222 1162 οὐ

196 1193 288 1260 πάνυ
307 1198 417 1271 ἔοικας
433 1196 548 1283 ἐκείνφ
568 1200 615 1283 τῷ
629 1198 756 1278 Φρυγί,
781 1189 866 1257 ῶστε
883 1192 941 1259 καὶ
957 1188 1044 1276 ἡμᾶς
1067 1194 1222 1274 εἰκάζειν

197 1293 250 1358 καὶ
275 1293 312 1356 σε
333 1289 568 1376 οἰνοχοήσοντά
594 1314 661 1356 που
684 1286 899 1373 ἀνάρπαστον
925 1290 1105 1373 γεγονέναι
1128 1289 1222 1375 πρὸς

196 1397 257 1456 τοῦ
273 1386 381 1458 ἀετοῦ.
1259 1418 1260 1509 ρ

281 1505 394 1566 ΜΕΝ.
417 1495 471 1565 Σύ
485 1498 546 1583 μὲν
562 1498 666 1565 πάλαι
681 1498 844 1564 σκάπτων
860 1501 960 1582 δῆλος
974 1495 1019 1582 εἶ,
1041 1500 1101 1565 καὶ
1119 1508 1217 1566 θαυ-
1260 1582 1261 1585 ¹

195 1591 324 1679 μαστὸν
339 1593 439 1660 οὐδὲν
453 1602 486 1661 εί
496 1613 549 1662 σοι
563 1592 600 1662 τὸ
613 1595 804 1681 παράδοξον
816 1594 992 1679 τοῦλόγου
1003 1596 1107 1684 μάθφ
1119 1601 1220 1663 δοκεῖ
1260 1598 1261 1601 '

195 1692 392 1773 προσφερές.
417 1687 500 1776 ἀτάρ
515 1689 616 1759 οὐδέν
630 1693 746 1778 ἐδέησέ
753 1717 810 1777 μοι
825 1692 908 1776 πρὸς
918 1689 980 1778 τὴν
990 1689 1120 1760 ἄνοδον
1134 1693 1217 1760 οὔτε

128 1805 179 1880 154
197 1793 255 1872 τῆς
275 1793 434 1873 κλίμακος
453 1788 531 1857 οὔτε
550 1786 689 1857 παιδικά
705 1792 864 1874 γενέσθαι
882 1795 944 1857 τοῦ
961 1786 1061 1856 ἀετοῦ
1067 1817 1076 1833 ·
1103 1797 1215 1860 οίκεῖα

195 1883 260 1971 γάρ
276 1878 321 1971 ἦν
337 1912 394 1971 μοι
410 1885 450 1954 τά
465 1888 578 1975 πτερά.
1262 1970 1263 1997 ,

280 2003 426 2067 ΕΤΑΙΡ.
450 2007 557 2068 Τοῦτο
576 2003 638 2086 μέν
657 1999 722 2086 ἤδη
743 2002 798 2068 καὶ
811 1997 896 2085 ὑπὲρ
913 1997 1018 2068 αιἰτὸυ
1033 2005 1213 2070 Δαίδαλον
1262 2012 1263 2017 ’

196 2100 346 2181 ἔφησθα,
364 2105 397 2164 εί
406 2123 444 2181 γε
461 2096 545 2183 πρὸς
558 2112 626 2176 τοῖς
642 2096 756 2175 ἀλλοις
770 2095 941 2183 ἐλελήθεις
953 2097 1039 2184 ἡμᾶς
1052 2103 1142 2184 ἱέραξ
1158 2127 1211 2178 τις
1262 2134 1263 2171 1

195 2189 218 2279 ἢ
232 2193 364 2273 κολοιὸς
379 2198 411 2275 ἐξ
429 2192 616 2282 ἀνθρώπου
629 2194 820 2281 γενόμενος.
1262 2190 1263 2203 ³

280 2314 393 2376 ΜΕΝ.
413 2306 551 2395 Ὀρθῶς,
570 2301 597 2376 ἀ
611 2311 729 2395 έταῖρε,
743 2309 798 2375 καὶ
812 2306 874 2375 οὐκ
888 2306 954 2376 ἀπο
968 2316 1097 2377 σκοποῦ
1113 2317 1207 2376 είκα-

196 2423 270 2482 σας·
293 2403 329 2472 τό
343 2407 548 2473 Δαιδάλειον
560 2404 626 2492 γάρ
642 2409 749 2480 ἐκεῖνο
761 2407 910 2492 σόφισμα
925 2414 993 2474 τῶν
1005 2415 1136 2490 πτερῶν
1151 2411 1208 2475 καί

196 2501 297 2581 αὐτὸς
312 2506 578 2588 ἐμηχανησάμην.

279 2636 309 2698 3.
332 2638 477 2699 ETAIP.
495 2629 594 2718 Εἶτα,
611 2626 872 2720 ῶτολμηρότατε
886 2633 1041 2716 πάντων,
1056 2629 1118 2698 οὐκ
1133 2634 1208 2700 ἐδε-

197 2736 317 2810 δοίκεις
331 2727 376 2818 μὴ
394 2733 449 2798 καὶ
464 2732 507 2798 σύ
524 2755 592 2798 που
605 2739 664 2818 τῆς
675 2733 843 2818 θαλάττης
857 2729 1055 2801 καταπεσῶν
1069 2738 1208 2800 Μενίπ-

195 2831 293 2899 πειόυ
307 2857 339 2898 τι
360 2832 501 2915 πέλαγος
516 2826 596 2917 ἡμῖν
612 2829 724 2919 ῶσπερ
739 2829 776 2900 τὸ
796 2830 940 2916 Ἰκάριον
962 2829 1137 2918 ἀποδείξῃς
1154 2836 1207 2901 ἐπὶ

196 2935 241 3020 τῷ
256 2935 401 2996 σεαυτοῦ
414 2925 568 3015 ὀνόματις
735 3020 738 3025 Ι

279 3047 392 3108 ΜΕΝ.
417 3038 596 3127 Οὐδαμῶς·
620 3040 637 3110 ὁ
654 3045 717 3130 μὲν
729 3042 794 3130 γάρ
805 3042 936 3130 Ἴκαρος
956 3042 1015 3111 ἀτε
1028 3050 1121 3134 κηρῷ
1143 3043 1206 3132 τὴν

195 3141 360 3225 πτέρωσιν
379 3135 604 3227 ἡρμοσμένος,
633 3142 747 3229 ἐπειδὴ
770 3143 904 3230 τάχιστα
924 3140 1008 3228 πρὸς
1027 3140 1088 3210 τάν
1106 3141 1206 3229 ἥλιον

195 3242 319 3317 ἐκεῖνος
340 3236 456 3324 ἐτάκη,
480 3239 732 3328 πτερορρυήσας
752 3242 887 3321 εἰκότως
900 3245 1096 3311 κατέπεσεν·
1125 3235 1205 3327 ἦμεν

196 3335 232 3402 δέ
247 3334 401 3422 ἀκήρωτα
417 3330 461 3422 ἦν
476 3335 517 3405 τά
533 3336 717 3427 ὠκύπτερα.
