2575 3842
174 194 216 258 44
549 192 853 254 AOYKIANOY

175 361 243 443 ίδίηι
259 354 384 446 ἐκάστφ
399 362 595 440 πεποίηντο,
611 355 666 420 καὶ
679 349 773 419 αὐτοὶ
786 347 933 436 ὀνόματα
950 347 1054 435 εἶχον,
1070 347 1183 432 ῶσπερ
1280 402 1281 451 ἢ

176 458 209 520 οί
224 451 417 538 άνθρωποι,
432 455 487 521 καὶ
502 448 621 537 φωνὴν
632 451 840 534 προϊεμένων
853 445 1038 534 ἠκούομεν,
1053 448 1109 514 καὶ
1120 442 1182 512 οῦ-

177 548 234 616 δὲν
248 547 334 635 ἡμᾶς
349 549 504 636 ἠδίκουν,
521 544 605 615 άλλά
623 549 677 614 καὶ
691 548 743 614 ἐπὶ
756 549 845 634 ξενίη
860 544 1017 613 ἐκάλουν·
1038 541 1131 629 ἡμεῖς
1145 541 1183 609 δὲ

126 657 161 712 93
178 644 267 731 ὅμως
282 648 515 734 ἐφοβούμεθα,
534 647 588 724 καὶ
600 644 677 710 οῦτε
692 646 865 728 δειπνῆσαι
881 642 958 710 οὔτε
971 640 1126 709 ὑπνῶσαί
1133 665 1183 716 τις

176 739 271 828 ἡμῶν
286 743 475 828 ἐτόλμησεν.
498 740 611 827 ἀρχεῖα
628 743 664 807 δὲ
678 737 791 816 αὑτοῖς
805 742 842 805 ἐν
858 742 940 827 μέσῃ
954 747 994 826 τῇ
1010 740 1105 805 πόλει
1121 759 1184 802 πε-

178 845 324 924 ποίηται,
347 846 431 907 ἔνθα
446 837 463 907 ὁ
481 839 592 923 άρχων
610 836 721 904 αὐτῶν
735 835 791 903 διὰ
808 835 930 914 νυκτός
945 835 1024 915 όλης
1038 835 1185 920 κάθηται

178 934 335 1020 ὀνομαστὶ
349 943 461 1003 καλῶν
479 938 635 1004 ἕκαστον·
658 931 694 1011 ὃς
710 930 741 1000 δ’
754 932 799 1000 άν
813 932 856 1019 μὴ
872 931 1065 1021 ὑπακούσῃ,
1081 957 1186 998 κατα-

179 1033 342 1112 δικάζεται
357 1032 543 1100 ἀποθανεῖν
561 1029 605 1109 ῶς
619 1028 726 1099 λιπῶν
738 1029 799 1114 τὴν
814 1031 923 1110 τάξιν·
950 1028 968 1097 ὁ
986 1033 1022 1098 δὲ
1035 1029 1185 1106 θάνατός

179 1134 246 1198 ἐστι
260 1139 453 1218 σβεσθῆναι,
482 1136 687 1216 παρεστῶτες
702 1131 737 1197 δὲ
751 1126 843 1214 ἡμεῖς
860 1131 1016 1213 ἑωρῶμεν
1035 1126 1075 1194 τά
1089 1127 1186 1213 γινό-

179 1253 262 1314 μενα
278 1231 332 1296 καὶ
343 1227 511 1315 ἠκούομεν
521 1227 588 1313 ἅμα
603 1234 671 1293 τῶν
686 1226 819 1311 λύχνων
833 1223 1116 1311 ἀπολογουμένων
1130 1225 1187 1290 καὶ

179 1323 237 1404 τάς
249 1331 353 1404 αίτίας
363 1327 530 1412 λεγόντων
541 1323 585 1392 δι’
599 1323 638 1402 ἃς
650 1318 847 1411 ἐβράδυνον.
872 1329 957 1390 ἔνθα
968 1327 1023 1391 καὶ
1033 1322 1093 1391 τόν
1103 1320 1185 1408 ἡμέ-

181 1448 277 1507 τερον
299 1423 423 1507 λύχνον
443 1423 607 1507 ἐγνώρισα
624 1423 679 1488 καὶ
696 1418 886 1506 προσειπῶν
903 1419 1007 1488 αὐτόν
1027 1421 1101 1502 περὶ
1117 1425 1183 1484 τῶν

181 1517 252 1587 κατ’
271 1517 363 1586 οἶκον
378 1518 621 1603 ἐπυνθανόμην
637 1515 727 1595 ὅπως
745 1522 868 1601 ἔχοιεν·
899 1515 916 1585 ὁ
933 1520 972 1584 δέ
984 1543 1041 1602 μοι
1055 1515 1184 1583 ἅπαντα

181 1621 290 1686 ἐκεῖνα
302 1615 490 1702 διηγήσατο.
503 1612 564 1701 τὴν
575 1617 636 1701 μὲν
649 1609 712 1683 οῦν
722 1616 828 1681 νύκτα
840 1617 970 1701 ἐκείνην
981 1613 1087 1682 αὑτοῦ
1098 1616 1184 1698 ἐμεί·

180 1739 301 1799 ναμεν,
316 1721 356 1802 τῃ
367 1714 402 1781 δὲ
417 1714 556 1801 ἐπιούσῃ
568 1711 708 1798 άραντες
719 1714 878 1796 ἐπλέομεν
890 1710 953 1798 ἤδη
967 1718 1107 1798 πλησίον
1118 1717 1186 1777 τῶν

181 1817 311 1894 νεφῶν·
334 1815 419 1877 ἔνθα
431 1808 471 1897 δὴ
484 1813 538 1877 καὶ
549 1807 611 1894 τὴν
619 1804 938 1894 Νεφελοκοκκυγίαν
949 1810 1048 1876 πόλιν
1060 1809 1185 1884 ἰδόντες

182 1906 437 1994 ἐθαυμάσαμεν,
456 1905 496 1974 οῦ
508 1910 620 1994 μέντοι
634 1909 797 1993 ἐπέβημεν
809 1903 925 1991 αὐτῆς·
947 1905 989 1973 ού
1004 1904 1069 1992 γάρ
1084 1915 1135 1972 εία
1148 1902 1186 1970 τό

183 2009 323 2088 πνεῦμα.
356 2005 546 2090 βασιλεύειν
567 2007 680 2090 μέντοι
705 2000 817 2069 αὑτῶν
839 2005 966 2088 ἐλέγετο
986 2005 1147 2089 Κόρωνος
1168 1997 1186 2066 ὁ

184 2107 427 2187 Κοττυφίωνος.
468 2103 524 2169 καὶ
549 2101 612 2186 ἐγῶ
640 2102 814 2186 ἐμνήσθην
842 2098 1102 2187 Ἀριστοφάνους
1126 2103 1188 2165 τοῦ

183 2207 335 2286 ποιητοῦ,
355 2197 478 2284 άνδρὸς
496 2206 606 2284 σοφοῦ
626 2217 681 2266 και
702 2195 851 2282 άληθοῦς
870 2201 925 2265 καλ
945 2199 1052 2285 μάτην
1067 2196 1121 2283 ἐφ’
1138 2191 1189 2274 οἷς

184 2305 328 2384 ἔγραψεν
343 2294 597 2381 ἀπιστουμένου.
623 2304 716 2383 τρίτῃ
731 2299 767 2363 δὲ
789 2294 854 2363 άπδ
875 2296 995 2383 ταύτης
1010 2295 1116 2384 ἡμέρη
1133 2297 1189 2362 καὶ

183 2393 242 2462 τὸν
255 2391 404 2460 ῶκεανδν
415 2391 477 2479 ἤδη
490 2402 604 2477 σαφῶς
616 2397 781 2480 ἑωρῶμεν,
797 2402 862 2480 γῆν
873 2396 909 2462 δέ
921 2393 1082 2481 οὐδαμοῦ,
1100 2393 1188 2478 πλήν

183 2517 221 2578 γε
232 2499 299 2557 τῶν
308 2493 345 2558 ἐν
354 2499 400 2580 τῶ
408 2489 497 2576 άέρι·
513 2496 567 2560 καί
577 2493 673 2560 αὐταὶ
684 2492 964 2579 δέπνρῶδειςῆδη
975 2491 1188 2577 καὶὺπεραυ-

184 2603 251 2674 γεῖς
272 2588 501 2672 ἐφαντάζοντο.
530 2599 570 2680 τῇ
591 2593 627 2659 δέ
645 2591 782 2678 τετάρτῃ
804 2592 879 2673 περὶ
896 2597 1103 2677 μεσημβρίαν
1123 2615 1183 2674 μα-

184 2694 292 2764 λακῶς
312 2687 500 2767 ἐνδιδόντος
516 2697 576 2758 τοῦ
597 2690 783 2776 πνεύματος
804 2689 858 2755 καὶ
880 2689 1116 2768 συνιζάνοντος
1136 2689 1190 2753 ἐπὶ

184 2784 245 2871 τὴν
259 2785 430 2852 θάλατταν
447 2790 680 2875 κατετέθημεν.
702 2793 753 2855 30.
770 2785 813 2864 ῶς
825 2787 862 2853 δέ
876 2793 937 2852 τοῦ
948 2784 1069 2863 ῦδατος
1083 2784 1189 2866 ἐψαύ-

185 2904 307 2969 σαμεν,
328 2893 526 2970 θαυμασίως
539 2885 779 2974 ὑπερηδόμεθα
791 2889 845 2954 καὶ
859 2884 1120 2972 ὑπερεχαίρομεν
1134 2886 1190 2950 καὶ

135 2992 170 3047 94
187 2991 297 3049 πᾶσαν
318 2981 533 3072 εὐφροσύνην
554 2989 589 3053 ἐκ
612 2994 680 3052 τῶν
704 2984 880 3070 παρόντων
902 2982 1107 3069 ἐποιούμεθα
1135 2985 1190 3050 καὶ
1279 2968 1282 2997 ⁸

186 3080 370 3168 ἀποβάντες
388 3085 591 3169 ἐνηχόμεθα·
620 3088 675 3151 καλ
691 3082 755 3169 γάρ
776 3089 868 3168 ἔτυχε
883 3084 1011 3169 γαλήνη
1034 3076 1120 3149 ούσα
1135 3083 1191 3148 καὶ

186 3177 376 3247 εὐσταθοῦν
393 3178 429 3248 τό
447 3182 596 3267 πέλαγος.
631 3188 717 3248 έοικε
736 3182 771 3250 δὲ
794 3180 877 3269 άρχὴ
899 3190 1012 3248 κακῶν
1029 3180 1192 3267 μειζόνων

185 3284 362 3361 γίγνεσθαι
380 3281 540 3358 πολλάκις
560 3278 581 3366 ἡ
605 3279 688 3361 πρὸς
710 3278 746 3346 τὸ
769 3282 901 3366 βέλτιον
922 3280 1102 3366 μεταβολή·
1136 3279 1191 3346 καὶ

185 3373 249 3460 γάρ
270 3374 363 3462 ἡμεῖς
383 3377 444 3444 δύο
466 3377 571 3464 μόνας
590 3377 713 3466 ἡμέρας
738 3381 775 3445 ἐν
796 3376 890 3467 εῦδίῃι
910 3379 1113 3456 πλεύσαντες
1133 3384 1191 3463 τῆς
