2575 3842
152 188 212 252 188
493 189 817 270 [AOPKIANOY]

81 363 132 419 361
153 351 212 432 θίη
227 347 280 412 καί
291 349 441 436 ῥᾳθυμίῃ
453 349 508 416 καί
522 350 656 433 προσέτι
672 355 850 437 μισοπονίῃ
866 355 1006 416 κείνοισί
1014 376 1047 416 τε
1061 349 1158 419 ἀντί·

152 449 209 521 ξοα
233 447 415 529 φρονέουσι
436 448 490 512 καί
512 437 580 512 εὖτ’
605 441 649 512 ἀν
670 444 832 529 ἀνδράσιν
853 449 1049 533 έπικυρέωσι
1069 448 1161 528 φεύ·

152 545 210 607 δεα
225 547 516 627 μαντευομένοισι,
533 539 666 628 ἄστρων
679 568 714 609 τε
728 546 966 630 κατηγορέονσι
981 545 1036 612 καί
1049 543 1161 631 αὐτὴν

42 659 48 669 ·
152 636 371 724 ἀστρολογίην
381 643 571 724 μισέουσιν,
587 636 670 708 οὐδέ
677 666 735 726 μιν
746 639 822 707 οὐτε
834 638 929 726 ὑγιέα
941 639 1017 708 οὐτε
1026 640 1155 728 ἀληθέα

151 741 361 821 νομίζουσιν,
382 735 465 804 ἀλλά
483 739 586 822 λόγου
601 742 726 818 ψευδέα
742 741 797 805 καὶ
818 736 1020 823 ἀνεμώλιον,
1043 737 1084 806 οὐ
1102 744 1151 807 δι·
1276 720 1277 747 ¹

153 841 262 920 καίως,
275 838 346 921 έμοί
357 839 475 920 δοκέει,
488 840 703 922 φρονέοντες·
719 835 796 904 οὐτε
806 834 871 922 γάρ
882 839 1033 913 τέκτονος
1044 834 1157 922 ἀϊδρίη

150 931 350 1017 τεκτοσύνης
366 929 468 1018 αὐτῆς
487 930 598 1019 ἀδικίη
619 932 696 1000 ούτε
713 930 862 1018 αὐλητέω
878 931 1020 1018 ἀμουσίη
1034 951 1158 1018 μουσι-
1280 1014 1281 1017 ¹

151 1035 211 1112 κης
226 1025 366 1114 ἀσοφίη,
388 1026 460 1096 ἀλλ’
484 1033 518 1097 οἰ
530 1031 592 1115 μὲν
606 1027 752 1114 ἀμαθέες
769 1037 839 1097 τῶν
851 1033 1009 1116 τεχνέων,
1034 1031 1155 1115 ἕκάστη

152 1121 182 1189 δ’
197 1126 234 1191 έν
246 1125 351 1212 ἑωυτῇ
366 1124 463 1211 σοφή.
487 1131 516 1194 3.
532 1133 666 1210 πρῶτον
680 1127 741 1213 μὲν
753 1119 801 1193 τάν
811 1133 971 1205 Αἰθίοπες
983 1126 1080 1193 τόνδε
1094 1124 1161 1192 τὸν

151 1219 253 1306 λόγον
270 1218 482 1308 ἀνθρώποισι
502 1223 752 1309 κατεστήσαντο.
787 1228 873 1307 αἰτίη
893 1223 928 1291 δὲ
949 1223 1094 1291 αὐτέοισι
1114 1220 1155 1289 τά

150 1315 247 1404 μὲνὴ
263 1324 363 1405 σοφίη
377 1326 437 1386 τοῦ
452 1325 619 1399 ἔθνεος-
629 1316 762 1406 καὶγὰρ
777 1312 881 1388 τάλλα
896 1326 964 1387 των
974 1319 1085 1389 ἀλλων
1095 1340 1154 1385 σο-

152 1415 296 1500 φωτεροι
311 1421 527 1494 Αἰθίοπες-
542 1414 582 1483 τά
599 1415 635 1483 δὲ
652 1418 775 1502 καὶτῆς
790 1417 935 1502 οἰκήσιος
949 1414 970 1502 ή
987 1414 1156 1502 εὐμοιρίη·

153 1515 216 1580 αἰεὶ
232 1511 295 1598 γάρ
312 1515 415 1598 σφέας
427 1511 520 1598 εὐδίη
534 1515 589 1581 καὶ
599 1517 976 1608 γαληναίηιπερικεάται·
998 1511 1077 1581 οὐδὲ
1087 1519 1161 1581 τῶν

152 1618 213 1677 τοῦ
231 1617 319 1687 ἔτεος
339 1613 488 1692 τροπέων
505 1609 693 1696 ἀνέχονται,
718 1608 791 1679 ἀλλ’
811 1613 848 1677 έν
863 1617 922 1699 μιη
939 1610 1009 1698 ὥρη
1025 1613 1157 1678 οἰκέου-

83 1723 134 1777 362
154 1729 218 1774 σιν.
252 1707 379 1786 ἰδόντες
402 1701 451 1774 ύν
467 1715 582 1794 πρῶτα
599 1705 663 1793 τήν
679 1714 858 1794 σεληναίην
878 1705 941 1775 οὐκ
962 1710 995 1785 ές
1017 1709 1160 1792 πάμπαν

153 1800 272 1889 ὁμοίην
289 1809 513 1892 φαινομένην,
537 1802 621 1873 ἀλλά
639 1808 814 1872 πολυειδέα
828 1830 863 1872 τε
882 1807 1084 1890 γιγνομένην
1101 1805 1159 1870 καὶ

152 1903 190 1966 έν
206 1898 322 1968 ἀλλοτε
338 1901 421 1990 ἀλλη
436 1910 550 1990 μορφῇ
564 1904 787 1989 τρεπομένην,
808 1901 942 1970 ἐδόκεεν
956 1899 1102 1969 αὐτέοισι
1117 1899 1155 1967 τό

152 2004 260 2082 χρῆμα
276 1999 454 2085 θωύματος
469 2003 523 2068 καὶ
540 1999 678 2085 ἀπορίης
695 1998 796 2079 ἀξιον.
821 2004 922 2066 ἔνθεν
939 1997 974 2064 δὲ
992 2000 1160 2082 ζητέοντες

154 2086 255 2177 εὗρον
272 2098 417 2163 τουτέων
432 2096 494 2183 τήν
510 2104 632 2182 αἰτίην,
649 2095 700 2162 ὅτι
714 2093 776 2162 οὐκ
790 2099 878 2163 ἰδιον
893 2104 932 2184 νή
947 2100 1103 2182 σεληναίη
1117 2091 1157 2160 τό

153 2197 291 2278 φέγγος,
315 2191 399 2261 ἀλλά
420 2201 454 2262 οἰ
472 2194 551 2282 παρ’
571 2193 685 2280 ήελίου
707 2199 842 2279 έρχεται.
875 2197 904 2260 4.
928 2185 1029 2277 εὖρον
1049 2191 1085 2259 δέ
1101 2192 1156 2258 καὶ

153 2297 221 2357 τῶν
232 2290 342 2358 ἀλλων
357 2289 505 2376 ἀστέρων
518 2289 580 2378 τὴν
593 2291 721 2376 φορήν,
737 2288 816 2368 τούς
830 2289 869 2375 δή
883 2289 1050 2375 πλάνητας
1063 2287 1161 2374 ἡμεῖς

154 2391 314 2471 καλέομεν
324 2427 360 2437 -
373 2395 493 2472 μοῦνοι
504 2387 569 2475 γάρ
580 2395 648 2454 τῶν
659 2387 771 2455 ἀλλων
782 2387 930 2473 ἀστέρων
939 2390 1104 2454 κινέονται
1115 2423 1153 2435 -

154 2484 259 2568 φύσιν
279 2508 313 2549 τε
333 2481 462 2552 αὐτέων
482 2489 536 2553 καί
557 2490 756 2570 δυναστείην
772 2488 827 2552 καί
846 2490 925 2571 ἔργα
932 2534 942 2569 ,
966 2481 1006 2551 τά
1021 2486 1160 2560 ἕκαστος

155 2583 387 2648 ἐπιτελέουσιν.
420 2585 457 2648 έν
478 2584 584 2650 δὲκαὶ
604 2579 773 2668 οὐνόματα
794 2581 960 2649 αὐτέοισιν
982 2583 1158 2664 ἐπέθεσαν,

155 2676 216 2745 οὐκ
230 2673 409 2764 οὐνόματα,
426 2677 512 2758 ὅκως
526 2681 672 2764 έδόκεον,
689 2677 771 2747 ἀλλά
784 2678 906 2765 σημήια
936 2684 966 2746 5.
981 2677 1160 2764 ταῦταμὲν

156 2770 204 2843 ἀν
218 2780 380 2854 Αἰθίοπες
395 2779 432 2844 έν
443 2785 488 2867 τῷ
503 2777 637 2869 οὐρανῷ
651 2781 845 2865 ἐπέβλεψαν.
869 2773 949 2862 μετά
964 2776 1000 2842 δὲ
1013 2781 1160 2861 γείτοσιν

155 2867 254 2942 οὐσιυ
274 2879 507 2958 Αἰγυπτίοισιν
529 2874 643 2945 ἀτελέα
665 2875 724 2943 τόν
743 2876 846 2960 λόγον
866 2878 1072 2960 παρέδοσαν,
1095 2878 1156 2940 Αἰ-

155 2973 287 3058 γύπτιοι
302 2974 338 3039 δὲ
349 2971 439 3057 παρὰ
451 2975 564 3058 σφέων
575 2976 785 3060 έκδεξάμενοι
798 2971 955 3061 ἡμιεργέα
969 2971 1031 3057 τήν
1041 2997 1160 3058 μαντι-

154 3070 218 3158 κήν
237 3073 289 3138 έπὶ
309 3072 407 3155 μέζον
428 3068 566 3157 ἤγειραν
586 3075 689 3161 μέτρα
715 3098 751 3139 τε
769 3081 826 3158 τῆς
848 3073 990 3139 ἑκάστου
1011 3069 1162 3155 κινήσιος

155 3170 362 3256 ἐσημήναντο
384 3172 439 3236 καὶ
456 3171 555 3238 έτέων
575 3168 724 3256 ἀριθμόν
744 3174 799 3238 καί
814 3172 948 3257 μηνίων
969 3171 1024 3238 καί
1046 3167 1160 3251 ὡρέων

156 3268 356 3347 διετάξαντο.
377 3269 433 3334 καὶ
446 3270 580 3353 μηνίων
594 3270 657 3355 μὲν
668 3277 763 3356 σφίσι
773 3270 894 3356 μέτρον
905 3265 926 3355 ή
937 3273 1093 3353 σεληναίη
1106 3267 1161 3333 καὶ

87 3382 138 3436 363
157 3363 177 3450 ἡ
193 3366 314 3451 ταύτης
329 3360 523 3451 ἀναστροφή
540 3369 668 3452 ἐγένετο
676 3422 685 3453 ,
707 3372 796 3444 έτεος
814 3368 851 3433 δέ
866 3363 974 3453 ήέλιος
989 3367 1044 3433 καὶ
1062 3362 1083 3449 ἡ
1100 3368 1161 3429 τοῦ
