2575 3842
1036 76 1093 108 u

511 209 603 267 ΕΡΩ
614 211 672 266 ΤΕ
678 211 710 266 Σ.
1054 206 1114 270 211

111 396 163 447 τες
177 366 275 454 ἐγγύς
286 367 489 453 ἐσκήνωσαν,
507 363 569 450 ἐγω
586 365 616 433 δ’
634 364 892 452 εύτρεκισμένου
905 395 962 453 μοι
974 372 1115 448 ξενῶνος

112 461 298 547 ἀπαντικρύ
318 469 378 529 τοῦ
395 470 579 532 Διονυσίου
602 460 684 529 κατά
706 463 828 550 σχολὴν
844 465 995 550 ἐβάδιζον
1011 461 1115 547 ύπερ-

112 569 221 646 φυούς
237 559 450 650 ἀπολαύσεως
463 560 721 645 ἐμπιπλάμενος·
746 566 814 627 ἐστι
829 558 892 644 γάρ
905 559 1008 638 ὅντως
1019 559 1039 646 ἡ
1052 560 1115 626 πό-

111 656 285 734 λιςἩλίου
302 658 430 738 πρέπον
448 662 566 741 ἔχουσα
582 663 626 744 τῷ
645 665 717 744 θεῷ
731 654 768 722 τό
783 657 912 735 κάλλος.
941 654 1115 742 ἐκπεριιών

112 755 147 820 δὲ
158 750 215 830 τοὶς
224 755 260 818 ἐν
269 759 314 842 τῷ
321 759 490 841 Διονυσίῳ
501 749 598 830 στοὰς
609 752 749 838 έκάστην
759 752 894 840 γραφὴν
902 755 1115 822 κατύπτευον

111 850 178 937 ἀμα
196 857 242 939 τῷ
256 853 409 934 τέρποντι
426 857 482 935 τῆς
497 848 604 929 ὅψεως
618 847 783 935 ἡρωικοὺς
801 852 933 937 μύθους
949 850 1095 919 ἀνανεού

110 973 227 1028 μενος·
252 945 339 1014 εὐθύ
353 946 417 1032 γάρ
432 972 488 1031 μοι
500 947 561 1012 δύο
576 941 663 1030 ἢκαὶ
676 963 761 1032 τρεῖς
776 949 1032 1033 προσερρύησαν
1044 945 1115 1014 όλί-

111 1070 175 1130 γον
191 1045 357 1128 διαφόρου
368 1050 479 1110 πᾶσαν
491 1047 639 1126 ἱστορίαν
650 1042 894 1130 ἀφηγούμενοι·
909 1042 948 1110 τά
961 1044 996 1110 δὲ
1007 1041 1111 1112 πολλὰ
1132 1059 1183 1113 406

111 1145 165 1209 καὶ
178 1139 278 1219 αὐτὸς
289 1147 415 1208 εἰκασία
426 1137 697 1226 προύλάμβαυου.
720 1147 749 1208 9.
764 1139 827 1226 ἤδη
840 1142 874 1208 δὲ
885 1149 941 1226 τῆς
950 1144 1031 1218 θέας
1042 1138 1114 1217 ἅλις

113 1243 217 1322 ἔχοντι
232 1239 286 1304 καλ
300 1239 535 1360 διανοουμένῳ
556 1263 612 1322 μοι
628 1242 773 1323 βαδίζειν
791 1235 952 1306 οίκαδε
918 1265 954 1304 το
976 1237 1114 1322 ἥδιστον

111 1340 163 1404 ἐπὶ
180 1334 307 1422 ξένης’
290 1336 460 1455 απήντησέ
471 1363 526 1421 μοι
545 1339 676 1454 κέρδος,
693 1336 843 1421 ἀνδρες’
827 1364 862 1404 εκ
882 1347 1025 1405 παλαιοῦ
1034 1337 1114 1423 χρό-

111 1459 174 1500 νου
192 1435 365 1518 συνηθεις,
384 1430 441 1510 ούς
458 1429 529 1499 οὐδ’
547 1430 789 1519 αύτόςάγνοεῑν
801 1461 856 1519 μοι
871 1439 976 1511 δοκεῖς
988 1434 1114 1501 πολλα-

110 1558 162 1608 κις
177 1529 255 1617 ἡμῖν
271 1529 353 1598 ίδάν
368 1533 607 1616 ἐπιφοιτῶντας
625 1533 788 1613 ἐνταῦθα,
810 1530 871 1598 τόν
886 1536 921 1598 ἐκ
939 1538 1112 1616 Κορίνθου

47 1635 49 1638 ’
111 1630 276 1712 Χαρικλέα
291 1636 428 1720 νεανίαν
441 1626 501 1695 ούκ
518 1626 689 1713 ἀμορφον,
708 1629 822 1713 ἔχοντά
835 1657 865 1696 τι
878 1629 931 1696 και
946 1655 1112 1715 κομμωτι-

111 1733 169 1810 κῆς
192 1723 359 1848 ἀσκήσεως
379 1723 435 1792 ἅτε
460 1723 548 1810 οἶμαι
567 1732 716 1809 γυναίοις
739 1726 1012 1811 ε’νωραῖζόμενον·
1043 1724 1110 1810 ἅμα
1153 1793 1156 1799 ,

111 1821 140 1889 δ’
164 1820 252 1910 αύτῷ
270 1826 324 1890 καὶ
341 1829 606 1907 Καλλικρατίδαν
623 1820 682 1889 τὸν
695 1821 884 1909 Ἀθηναῖον
907 1821 965 1890 τόν
985 1826 1110 1907 τρόπον

110 1919 287 1986 ἁπλοϊκόν·
318 1945 576 2048 προηγούμενος
599 1917 663 2004 γάρ
685 1927 864 1986 πολιτικων
886 1921 997 2004 λόγων
1015 1928 1111 2002 προΐ-

110 2038 206 2086 στατο
222 2019 276 2085 και
292 2021 426 2105 ταυτησι
440 2027 496 2104 τῆς
510 2016 671 2102 ἀγοραίου
682 2009 909 2104 ῥητορικῆς.
888 2043 931 2100 ην
947 2017 981 2082 δὲ
997 2020 1051 2084 και
1067 2025 1110 2106 τῷ

112 2114 236 2200 στόματι
253 2117 491 2201 γυμναστικός,
517 2143 556 2182 ον
547 2112 615 2181 ’δι’
633 2113 712 2182 ἀλλο
731 2121 764 2181 τί
776 2140 831 2200 μοι
847 2112 1010 2181 δοκεῖν
974 2141 1032 2192 τας
1046 2140 1111 2180 πα-

109 2218 263 2296 λαίστρας
274 2209 442 2299 ἀγαπωνῆ
455 2212 509 2281 διά
521 2211 598 2290 τούς
613 2209 786 2289 παιδικούς
797 2216 935 2296 ἔρωτας·
959 2209 1036 2290 ὅλος
1047 2209 1110 2295 γάρ

109 2317 154 2388 είς
168 2317 265 2378 τοῦτο
281 2311 433 2396 ἐπτόητο·
456 2318 501 2400 τῷ
519 2312 554 2378 δὲ
570 2309 654 2394 πρός
669 2308 705 2376 τὸ
723 2318 813 2395 θῆλυ
830 2318 916 2395 μίσει
933 2309 1039 2378 πολλὰ
1057 2313 1111 2377 καὶ

109 2417 290 2494 Προμηθεῖ
306 2416 478 2494 κατηρᾶτο.
508 2410 688 2495 πόρρωθεν
711 2403 774 2475 ούν
796 2406 878 2477 λδεδν
900 2408 1051 2494 ἐκάτερός
1070 2436 1110 2496 με

39 2558 43 2562 ‚
107 2505 237 2591 γήθους
250 2507 305 2572 καὶ
322 2514 424 2591 χαρᾶς
439 2508 530 2575 πλέοι
546 2509 793 2593 προσέδραμον·
818 2505 883 2575 &W
898 2506 995 2575 ὁποῖα
1011 2517 1109 2593 φιλεῖ,

108 2604 341 2689 δεξιωσόμενοι
350 2602 433 2689 πρὸς
443 2603 546 2671 αὐτόν
555 2609 667 2673 ἐλθεῖν
675 2605 825 2691 ἐκάτερος
835 2604 949 2691 ἠξίουν
957 2634 1007 2692 με.
1019 2604 1109 2692 κάγώ

109 2709 383 2786 φιλονεικοῦντας
395 2699 484 2785 ὁρῶν
496 2705 686 2788 περαιτέρω,
708 2701 752 2769 Τό
764 2703 825 2788 μὲν
837 2705 990 2791 τήμερον,
1004 2703 1108 2787 εἷπον,

109 2793 393 2883 ἀΚαλλικρατίδα
411 2802 464 2867 καὶ
475 2807 667 2885 Χαρίκλεις,
691 2799 790 2886 ἀμφω
806 2811 912 2879 καλῶς
929 2810 1004 2888 ἔχον
1021 2805 1108 2870 ἐστίν

107 2895 194 2983 ὑμᾶς
210 2894 288 2980 παρ’
301 2899 372 2982 ἐμοὶ
385 2905 521 2982 φοιτᾶν,
536 2901 593 2965 ἵνα
608 2897 652 2985 μὴ
668 2905 768 2966 πλείω
782 2897 843 2984 τὴν
858 2906 929 2982 ἔριν
945 2903 1105 2985 ἐγείρητε·

105 3009 175 3072 ταῖς
191 2993 226 3061 δὲ
242 2997 358 3080 ἐφεξῆς
371 2993 507 3081 ἡμέραις
522 3039 562 3048 -
576 3012 661 3080 τρεῖς
676 2995 740 3080 γάρ
756 3001 903 3090 ἐνταῦθα
919 2993 940 3082 ἢ
955 2999 1107 3082 τέτταρας
1127 3015 1174 3071 407

104 3095 267 3176 διέγνωκα
287 3095 400 3177 μένειν
413 3134 456 3148 -
470 3092 650 3181 ἀμοιβαίως
666 3092 902 3161 ἀνθεστιάσετέ
919 3121 976 3180 με,
998 3096 1108 3185 κλήρῳ

105 3191 288 3274 διακριθεὶς
307 3189 324 3256 ὁ
346 3192 513 3276 πρότερος.
548 3200 598 3262 10.
620 3197 712 3260 δοκεῖ
729 3201 839 3260 ταῦτα,
869 3191 1027 3281 κάκείνην
1046 3197 1107 3280 μὲν

103 3288 165 3375 την
176 3286 304 3375 ἡμέραν
320 3290 527 3375 είστιάρχουν
544 3292 618 3377 ἐγύ,
637 3299 676 3379 τῇ
687 3289 717 3358 δ’
736 3293 875 3380 ἐπιούσῃ
886 3300 1107 3381 Καλλικρατί-

103 3392 174 3473 δας,
188 3385 255 3454 είτα
269 3384 340 3472 μετ’
355 3384 457 3454 αὐτὸν
471 3384 672 3475 όΧαρικλῆς.
694 3389 808 3475 ἐοίρων
821 3389 860 3475 δὴ
876 3395 928 3460 καὶ
941 3393 1031 3478 παρὰ
1044 3393 1106 3480 τὴν

903 3481 965 3542 14*
