2575 3842
164 147 206 210 38
523 154 829 213 AOYKIANOY

164 316 302 395 Σείριον
316 318 563 395 κατοικοῦντες,
581 320 839 398 πεντακισχίλιοι
853 318 908 381 καὶ
925 309 1035 401 οὗτοι,
1056 313 1181 398 ἄνδρες

164 409 424 494 κυνοπρόσωποι
440 411 492 476 έπί
512 410 672 496 βαλάνων
687 419 864 495 πτερωτῶν
884 413 1078 498 μαχόμενοι.
1106 415 1181 480 έλέ-

164 531 264 590 γοντο
281 507 316 573 δὲ
332 503 496 574 κάκείνων
512 506 695 591 ὑστερίζειν
708 515 776 575 τῶν
788 510 972 595 συμμάχων
988 509 1047 588 ούς
1061 535 1096 577 τε
1110 507 1177 576 άπό

164 611 225 670 τού
238 608 404 684 Γαλαξίου
419 610 639 691 μετεπέμπετο
656 607 886 692 σφενδονήτας
905 610 961 676 καὶ
975 613 1009 676 οί
1021 615 1178 692 Νεφελο-

164 702 350 783 κένταυροι.
378 695 452 770 ἀλλ’
475 705 595 770 ἐκεῖνοι
613 707 675 788 μὲν
697 710 754 789 τῆς
775 704 880 791 μάχης
898 703 961 793 ἤδη
982 711 1177 793 κεκριμένης

166 795 346 885 άφίκοντο,
371 797 415 878 ὡς
432 801 558 887 μήποτε
580 797 729 886 ῶφελον·
757 807 792 870 οί
805 807 1029 891 σφενδονῆται
1045 807 1082 872 δὲ
1098 801 1179 870 οὐδὲ·

167 893 254 974 όλως
268 901 509 985 παρεγένοντο,
533 900 649 986 διόπερ
675 902 778 986 φασὶν
793 900 905 982 αύτοῖς
923 902 1067 989 ὕστερον
1082 901 1158 989 όργι

167 997 292 1061 σθέντα
313 992 374 1062 τόν
391 999 569 1064 Φαέθοντα
586 1005 797 1084 πυρπολῆσαι
812 998 874 1085 τὴν
890 1000 1012 1086 χῶραν.
1039 1000 1179 1088 τοιαύτη

167 1071 229 1179 μέν
244 1096 298 1160 καλ
314 1093 489 1162 ὁΦαέθων
503 1097 597 1183 έπήει
611 1105 817 1185 παρασκευῇ.
842 1103 891 1166 17.
909 1104 1126 1184 συμμίξαντες
1143 1100 1181 1166 δὲ

167 1189 278 1278 έπειδὴ
294 1189 334 1259 τά
351 1208 468 1278 σημεῖα
485 1193 575 1280 ἡρθη
592 1197 647 1261 καλ
663 1191 857 1281 ὠγκήσαντο
875 1198 1040 1280 ἑκατέρων
1057 1201 1091 1264 οί
1105 1194 1177 1263 όνοι

117 1309 152 1364 84
167 1327 208 1341 —-
224 1290 354 1368 τούτοις
373 1290 438 1377 γάρ
460 1291 534 1360 άντλ
557 1301 770 1378 σαλπιγκτῶν
789 1301 987 1380 χρῶνται-
1006 1295 1178 1380 ἐμάχοντο.

167 1394 221 1459 καὶ
236 1389 273 1460 τό
291 1393 353 1477 μὲν
369 1391 547 1479 εύάνυμον
562 1402 630 1462 τῶν
639 1391 810 1463 Ἡλιωτῶν
825 1392 942 1462 αὐτίκα
957 1401 1086 1480 ἔφυγον
1102 1389 1177 1460 οὐδ’

168 1495 213 1568 είς
234 1505 343 1577 χεῖρας
358 1493 533 1576 δεξάμενοι
547 1489 625 1570 τούς
640 1490 883 1578 Ἱππογύπους,
902 1495 958 1561 καὶ
977 1490 1070 1578 ἡμεῖς
1087 1490 1181 1558 είπό-

168 1597 257 1674 μεθα
273 1596 472 1667 κτείνοντες·
492 1585 528 1656 τό
546 1587 655 1669 δεξιόν
667 1591 703 1656 δὲ
716 1587 828 1657 αὐτῶν
843 1591 972 1676 ἐκράτει
989 1596 1049 1656 τού
1065 1591 1117 1655 ἐπὶ
1132 1595 1180 1676 τῷ

167 1685 315 1778 ἡμετέρῳ
327 1687 517 1775 εὐωνύμου,
529 1691 584 1756 καὶ
595 1692 781 1774 ἐπεξῆλθον
791 1693 825 1757 οί
834 1687 1087 1774 Ἀεροκῶνωπες
1098 1687 1181 1753 διῶ-

167 1811 283 1865 κοντες
312 1785 387 1872 άχρι
411 1784 495 1871 πρὸς
515 1785 593 1865 τούς
616 1786 744 1868 πεζούς.
782 1790 929 1855 ἐνταῦθα
952 1787 989 1853 δὲ
1014 1781 1176 1853 κάκείνωι

169 1885 447 1972 ἐπιβοηθούντων
464 1890 594 1971 ἔφυγον
617 1888 844 1971 ἐγκλίναντες,
871 1887 926 1952 καὶ
946 1883 1088 1970 μάλιστα
1111 1882 1183 1948 ἐπεὶ

167 1981 318 2070 ᾔσθοντο
336 1981 415 2062 τούς
431 1984 483 2050 ἐπὶ
498 1989 543 2073 τῷ
560 1980 724 2072 εὐωνύμῳ
740 1989 838 2068 σφῶν
854 1983 1101 2067 νενικημένους.
1123 1985 1181 2064 τῆς

170 2082 206 2149 δὲ
221 2091 345 2168 τροπῆς
360 2088 513 2168 λαμπράς
527 2084 751 2168 γεγενημένης
767 2082 961 2166 πολλοὶμέν
977 2084 1094 2159 ζῶντες
1107 2074 1180 2163 ἡλί-

169 2200 308 2266 σκοντο,
323 2182 439 2247 πολλοὶ
451 2180 552 2247 δὲκαὶ
564 2177 771 2268 άνηροῦντο,
787 2180 842 2246 καὶ
852 2176 888 2245 τό
901 2174 981 2265 αἷμα
993 2183 1082 2263 ἔρρει
1093 2175 1182 2243 πολύ

169 2277 231 2363 μὲν
252 2278 304 2344 ἐπὶ
320 2283 388 2344 τῶν
404 2284 536 2362 νεφῶν,
557 2275 640 2344 ῶστε
661 2273 746 2344 αύτά
766 2277 955 2363 βάπτεσθαι
976 2280 1030 2343 καὶ
1050 2276 1181 2361 ἐρυθρὰ

169 2381 369 2460 φαίνεσθαι,
390 2371 443 2443 οἷα
456 2373 538 2461 παρ’
554 2373 635 2462 ἡμῖν
647 2378 817 2462 δυομένου
831 2382 892 2442 τοῦ
903 2372 1001 2461 ἡλίου
1015 2381 1180 2459 φαίνεται,

169 2471 256 2540 πολύ
279 2473 315 2540 δὲ
337 2476 392 2541 καὶ
410 2479 456 2552 είς
476 2472 538 2560 τὴν
554 2480 618 2560 γῆν
637 2476 849 2556 κατέσταζεν,
868 2469 952 2539 ῶστε
967 2496 1007 2557 με
1028 2470 1181 2553 είκάζειν,

169 2570 214 2658 μή
230 2569 295 2655 άρα
309 2571 464 2638 τοιούτου
478 2568 570 2650 τινός
580 2573 635 2639 καλ
646 2572 749 2640 πάλαι
761 2569 834 2638 άνω
845 2567 1182 2656 γενομένουὍμηρος

169 2672 337 2761 ὑπέλαβεν
356 2676 468 2760 αἵματι
489 2665 568 2741 ύσαι
589 2671 650 2740 τόν
666 2680 734 2741 Δία
750 2674 803 2740 ἐπὶ
823 2679 869 2762 τῷ
883 2677 944 2738 τού
958 2668 1182 2755 Σαρπηδόνος

169 2773 317 2863 θανάτφ.
342 2777 391 2840 18.
404 2769 671 2854 ἀναστρέψαντες
682 2772 718 2839 δέ
729 2767 794 2838 άπδ
806 2776 865 2855 τῆς
876 2769 1016 2849 διῶξεως
1028 2766 1090 2836 δύο
1101 2765 1182 2851 τρό-

170 2894 252 2938 παια
268 2871 469 2958 ἐστήσαμεν,
494 2868 527 2938 τέ
547 2870 608 2949 μὲν
625 2872 678 2937 ἐπὶ
695 2875 762 2936 τῶν
779 2865 947 2953 άραχνίων
963 2873 1020 2953 τῆς
1037 2871 1181 2951 πεζομα-

169 2976 258 3057 χίας,
273 2966 310 3036 τδ
326 2969 361 3036 δὲ
378 2977 436 3056 τῆς
452 2967 649 3055 ἀερομαχίας
664 2968 717 3035 έπλ
733 2976 800 3034 τῶν
815 2973 940 3051 νεφῶν.
964 2962 1040 3051 άρτι
1053 2963 1090 3031 δὲ
1100 2963 1182 3030 τού·
1282 2971 1284 2981 “

168 3094 236 3135 των
251 3072 461 3153 γιγνομένων
475 3064 675 3152 ἠγγέλλοντο
693 3062 759 3132 ὑπὸ
779 3072 847 3132 τῶν
867 3070 1004 3131 σκοπῶν
1017 3067 1052 3129 οἱ
1065 3068 1182 3146 Νεφε-

168 3169 387 3252 λοκένταυροι
408 3165 711 3252 προσελαύνοντες,
741 3160 800 3241 οὓς
820 3167 886 3230 ἔδει
910 3158 974 3247 πρὸ
999 3167 1056 3245 τῆς
1076 3160 1184 3245 μάχης

168 3262 282 3330 ἐλθεῖν
292 3271 337 3352 τῷ
347 3267 525 3332 Φαέθοντι.
551 3265 607 3332 καὶ
622 3259 663 3347 δὴ
677 3264 855 3346 ἐφαίνοντο
868 3259 1078 3346 προσιόντες,
1097 3259 1182 3324 θέα·

167 3384 213 3444 μα
231 3361 517 3449 παραδοξότατον,
540 3364 572 3442 ἐξ
587 3364 701 3428 ἵππων
719 3368 896 3446 πτερωτῶν
915 3360 971 3426 καὶ
985 3355 1182 3442 ἀνθρώπων
1282 3424 1283 3431 ,
