2575 3842
376 184 503 242 ΖΕΤΣ
524 181 809 241 ΤΡΑΓΩιΔΟΣ.
1033 177 1096 240 349

87 350 213 412 ΖΕΥΣ.
233 333 271 407 Ὦ
288 341 495 426 παγκάκιστα
512 340 633 424 χθόνια
648 345 708 425 γῆς
724 343 942 427 παιδεύματα,

216 439 259 505 σύ
273 438 320 521 τ’,
337 431 363 504 ά
377 442 577 522 Προμηθεῦ,
595 432 648 502 οἷά
664 436 700 521 μ’
720 447 869 525 εῖργασαι
884 442 977 508 κακά.

88 545 229 605 ΑΘΗΝ.
257 543 299 604 Τί
310 533 340 603 δ’
358 538 439 614 ἐστί;
462 532 545 615 πρὸς
561 531 664 618 χορὸν
679 532 743 619 γὰρ
759 542 890 605 οἰκείων
908 541 998 621 ἐρεῖς.

88 641 215 704 ΖΕΥΣ.
236 627 274 701 Ὦ
288 633 588 718 μεγαλοσμαράγου
608 640 770 712 στεροπᾶς
787 637 940 719 ῥοίζημα,
964 642 997 701 τί
1008 641 1094 719 (μοι)

672 732 791 812 ῥέξειν

174 834 273 896 ΗΡΑ.
296 834 459 913 Κοίμισον
472 824 588 910 ὀργάν,
606 832 635 894 εί
645 826 689 911 μη
702 833 889 917 κωμῳδίαν,
902 821 1016 910 άΖεύ,
1033 831 1095 894 δυ-

88 928 222 1013 νάμεθα
238 924 482 1006 ὑποκρίνεσθαι
497 924 578 1010 μηδὲ
594 925 761 1013 ῥαψῳδεῖν
776 922 887 1008 ὥσπερ
902 919 995 992 οὗτοι
1013 924 1095 1010 μηδὲ

89 1021 150 1090 τὸν
161 1021 349 1108 Εὐριπίδην
363 1021 444 1088 ὅλον
458 1021 758 1106 καταπεπώκαμεν,
776 1021 858 1091 ὥστε
875 1043 927 1089 σοι
942 1020 1092 1105 ύποδρα-
1112 1034 1161 1088 644

89 1135 299 1206 ματουργεῖν,
323 1127 351 1188 2.
370 1118 505 1204 ἀγνοεῖν
514 1115 599 1203 ἡμᾶς
614 1123 755 1202 νομίζεις
765 1117 827 1203 την
840 1125 949 1186 αἰτίαν
962 1127 1019 1204 τῆς
1033 1121 1094 1187 λύ-

89 1243 154 1302 πης
167 1216 238 1302 ἥτις
252 1219 322 1284 ἐστέ
332 1238 403 1298 σοις
893 1287 899 1292 ,

174 1326 300 1386 ΖΕΥΣ.
326 1317 398 1385 Οὐκ
414 1315 522 1401 οἷσθ’,
540 1319 613 1384 ἐπεί
623 1342 675 1383 τοι
689 1313 754 1384 κάν
770 1319 915 1397 ε’κωκυες
927 1324 1020 1407 μέγα.

154 1463 157 1468 -
174 1422 274 1483 ΗΡΑ.
300 1414 383 1482 Οἶδα
394 1413 430 1482 τὸ
447 1415 631 1500 κεφάλαιον
643 1413 724 1481 αὐτὸ
741 1408 789 1482 οἷν
802 1416 935 1502 πάσχεις
946 1416 997 1486 ὅτι
1012 1421 1095 1500 ε’ρω-

89 1514 184 1580 τικόν
200 1518 304 1581 ἐστιν·
331 1511 372 1580 οὐ
388 1512 456 1598 μὴν
470 1513 590 1580 κωκύω
608 1537 644 1597 γε
659 1510 724 1579 ὑπὸ
742 1518 844 1591 ἔθους
858 1513 923 1601 ἤδη
937 1517 1096 1594 πολλάκις

91 1607 290 1694 ὑβρισθεῖσα
302 1609 367 1677 ὑπὸ
383 1619 446 1676 σού
457 1609 496 1676 τά
508 1617 653 1676 τοιαῦτα.
677 1608 764 1689 είκός
774 1620 859 1696 γοῦν
870 1611 941 1698 ἤτοι
954 1614 1096 1699 Δανάην

91 1704 165 1772 τινά
183 1702 205 1790 ἢ
219 1710 372 1791 Σεμέλην
388 1703 410 1792 ἢ
426 1704 595 1792 Εὐρώπην
609 1701 710 1784 αὖθις
725 1706 868 1791 εὑρόντα
883 1731 920 1776 σε
935 1708 1094 1780 άνιᾶσθαι

91 1800 157 1868 ὑπὸ
176 1809 237 1868 τοῦ
252 1807 387 1885 ἔρωτος,
412 1800 479 1868 εἶτα
494 1803 718 1888 βουλεύεσθαι
734 1813 859 1887 ταῦρον
875 1801 897 1890 ἢ
913 1805 1095 1893 σάτυρονῆ

91 1899 217 1988 χρυσὸν
232 1901 416 1986 γενόμενον
437 1903 558 1987 ῥυῆναι
579 1900 633 1968 διά
649 1908 709 1967 τοῦ
724 1899 855 1988 ὀρόφου
872 1910 917 1980 είς
935 1904 995 1971 τόν
1015 1905 1096 1974 κάλ-

91 2023 156 2067 πον
166 2007 222 2083 τῆς
233 1997 468 2085 ἀγαπωμένης·
488 1997 528 2064 τά
540 2011 657 2082 σημεῖα
668 1995 732 2082 γάρ
743 2006 862 2084 ταῦτα,
878 2005 914 2066 οί
921 2005 1096 2088 στεναγμοὶ

91 2099 144 2165 καλ
156 2095 195 2163 τά
209 2097 339 2178 δάκρυα
349 2098 403 2163 καλ
414 2093 450 2162 τὸ
465 2093 572 2179 άχρόν
585 2093 679 2178 εἶναι,
696 2095 759 2162 ούκ
770 2095 875 2163 άλλου
887 2123 948 2164 του
958 2094 980 2182 ἢ
992 2100 1091 2180 ἐρῶν-

92 2194 146 2272 τύς
163 2197 262 2261 ἐστιν,

174 2299 299 2361 ΖΕΥΣ.
318 2284 357 2358 Ὠ
371 2297 531 2377 μακαρία,
546 2288 617 2375 ἥτις
628 2293 665 2357 έν
679 2297 774 2373 ἔρωτι
785 2292 840 2358 καὶ
849 2304 919 2368 ταῖς
930 2289 1097 2370 τοιαύταις

91 2395 237 2468 παιδιαῖς
253 2399 315 2458 οίει
328 2388 368 2457 τά
385 2390 561 2475 πράγματα
574 2385 655 2475 ἡμῖν
671 2387 762 2457 εἶναι.
869 2449 872 2453 ,

176 2495 277 2556 ΗΡΑ.
298 2485 392 2556 Ἀλλᾶ
404 2493 437 2554 τί
445 2486 542 2570 άλλο,
558 2493 588 2554 εί
597 2485 640 2573 μὴ
654 2493 769 2573 τοῦτο,
786 2484 864 2576 άνιᾷ
875 2507 912 2556 σε
920 2494 986 2557 Δία
999 2485 1096 2569 ὄντας

174 2592 204 2652 3.
220 2591 345 2653 ΖΕΥΣ.
366 2583 419 2652 Ἐν
433 2584 588 2669 ἐσχάτοις,
606 2577 737 2669 άἭρα,
751 2581 791 2652 τά
806 2592 897 2652 θεῶν
908 2584 1094 2670 πράγματα,
1114 2599 1161 2655 642

93 2683 259 2748 καὶτοῦτο
277 2679 318 2766 δὴ
333 2679 443 2749 τὸτοῦ
459 2682 579 2767 λόγου,
595 2684 647 2748 ἐπὶ
664 2686 768 2765 ξυροῦ
779 2690 845 2749 νῦν
859 2685 1013 2768 ἕστηκεν,
1032 2691 1096 2749 εἴτε

92 2781 153 2868 χρὴ
168 2788 328 2864 τιμᾶσθαι
345 2779 431 2866 ἡμᾶς
449 2786 495 2848 ἔτι
511 2784 565 2848 καὶ
584 2780 624 2848 τά
642 2785 723 2866 γέρα
740 2787 827 2866 ἔχειν
841 2780 904 2848 τάν
917 2789 956 2868 τῇ
969 2790 1013 2869 γῇ
1033 2790 1096 2847 εἴτε

93 2880 147 2945 καὶ
160 2874 346 2962 ἠμελῆσθαι
361 2878 550 2944 παντάπασι
564 2879 619 2945 καὶ
632 2876 670 2944 τδ
685 2879 790 2963 μηδὲν
802 2877 885 2946 εἶναι
901 2883 1021 2947 δοκεῖν.

175 2983 275 3043 ΗΡΑ.
301 2982 389 3043 Μῶν
408 2971 601 3062 ἢγίγαντάς
620 3003 713 3054 τινας
734 2972 835 3056 αὖθις
854 2977 875 3066 ἡ
895 2987 938 3065 γῆ
959 2986 1096 3065 ἔφυσεν,

92 3073 157 3162 ἢοί
169 3082 305 3153 Τιτᾶνες
316 3075 549 3161 διαρρήξαντες
559 3073 598 3142 τά
612 3073 715 3160 δεσμά
728 3078 849 3163 καὶτῆς
861 3079 1096 3162 φρουρᾶςέπι-

94 3174 312 3258 κρατήσαντες
327 3165 428 3250 αὖθις
445 3171 524 3258 ἡμῖν
538 3175 672 3240 ἐναντία
689 3181 839 3255 αῖρονται
852 3171 892 3242 τά
909 3171 1010 3252 ὕαλος
1100 3231 1103 3236 Α

173 3279 298 3340 ΖΕΥΣ.
321 3269 461 3354 Θάρσει,
475 3269 515 3337 τά
531 3273 655 3356 νέρθεν
670 3268 826 3356 άσφαλοῖς
841 3277 905 3356 ἔχει
920 3280 1019 3349 θεοῖς.

174 3375 274 3435 ΗΡΑ.
302 3375 344 3436 Pl
355 3362 419 3435 οὖν
429 3367 509 3436 άλλο
522 3365 635 3436 δεινόν
650 3365 694 3436 άν
704 3373 851 3455 γένοιτο;
869 3365 929 3453 οὐχ
940 3365 1007 3452 ὁρῶ
1018 3367 1093 3455 γάρ,
