2575 3842
167 153 230 214 που
507 150 833 227 [Λονιιιπνον]

167 310 273 399 βραχύ
292 309 353 397 τήν
374 311 510 395 νεότητα
529 308 791 395 πωλοδαμνήσας
811 311 848 376 ἐν
863 309 977 397 εἰρήνη
992 314 1110 396 μελετᾷ
1132 305 1175 374 τά

168 407 329 494 πολεμικά
350 406 491 485 άαοντας
513 406 620 491 άφιεὶς
641 409 696 473 καὶ
718 410 797 493 βέλη
819 405 865 474 δι’
888 405 1049 492 εύστόχου
1059 410 1174 484 δεξιᾶς

168 502 380 573 ύποπάλλων.
405 503 470 572 εἷθ’
486 509 522 572 αί
535 506 671 590 λιπαραὶ
684 513 896 590 παλαῖστραι,
913 501 1062 586 καὶπρὸς
1075 499 1173 588 ἡλίου

167 599 394 688 μεσημβρινὸν
410 601 540 678 θάλπος
555 603 736 685 ἐγκονίεται
751 597 788 666 τό
809 608 903 686 σῶμα
924 601 1174 685 πυκνούμενον,

168 702 202 766 οἵ
219 726 254 765 τε
280 705 347 765 τῶν
372 701 563 783 ἐναγωνίων
589 699 704 765 πόνων
725 695 1005 777 άποσταλάζοντες
1025 701 1174 782 ἱδρῶτες,

168 793 243 882 μεθ’
263 794 322 874 οὓς
342 793 466 881 λουτρά
484 797 632 881 σύντομα
652 798 707 862 καὶ
728 796 870 880 τράπεζα
891 801 930 882 τῇ
954 791 1035 880 μετά
1051 790 1175 879 μικρὸν

170 893 378 978 ἐπινήφουσα
393 894 525 978 πράξει·
548 891 650 959 πάλιν
662 889 726 978 γάρ
738 890 827 980 αύτῷ
839 893 1033 960 διδάσκαλοι
1043 893 1098 958 καὶ
1108 916 1176 955 πα-

169 997 273 1057 λαιῶν
284 995 391 1075 ἔρρων
402 991 624 1076 αἰνιττόμενοι
636 991 690 1058 καὶ
702 989 955 1074 ἐπιμελούμεναι
967 995 1110 1075 μνῆμαι,
1125 996 1177 1064 τίς

170 1084 321 1172 ἀνδρεῖος
335 1083 424 1172 ήρως
440 1083 462 1172 ἡ
477 1093 525 1166 τίς
541 1089 592 1154 ἐπὶ
608 1087 769 1172 φρονήσει
784 1086 1057 1171 μαρτυρούμενος
1074 1081 1094 1170 ἡ
1110 1078 1177 1150 οἷοι

170 1183 389 1269 δικαιοσύνην
400 1188 454 1252 καὶ
466 1185 692 1270 σωφροσύνην
701 1182 901 1268 ἠσπάσαντο.
918 1183 1085 1260 τοιαύταις
1095 1178 1178 1262 α’ρε-

169 1296 238 1359 ταῖς
256 1279 388 1367 άπαλὴν
412 1287 459 1350 ἔτι
480 1280 541 1367 τήν
557 1279 667 1366 ψυχήν
683 1279 852 1364 ἐπάρδων,
873 1278 955 1346 όταν
976 1280 1096 1362 ἑσπέρα
1111 1275 1177 1363 τὴν

169 1383 289 1463 πρᾶξιν
299 1376 405 1465 ὁρίσῃ,
413 1387 452 1466 τῇ
461 1378 740 1466 ναστρὸςάνάνκη
748 1377 808 1446 τόν
817 1375 1036 1464 ὀφειλόμενον
1045 1374 1175 1461 δασμόν

170 1475 388 1561 ἐπιμετρήσας
407 1473 522 1560 ἡδίους
542 1475 670 1553 ύιινους
690 1475 850 1543 καθεύδει
866 1490 934 1553 τοῖς
950 1473 1029 1561 μεθ’
1046 1471 1175 1559 ἡμέραν

170 1572 327 1655 καμάτοις
341 1574 514 1658 έπήρεμῶυ
535 1576 732 1658 ἐπίφθονον.
762 1578 812 1641 46.
830 1579 878 1651 τίς
895 1570 956 1638 ούκ
976 1567 1020 1638 άν
1037 1567 1175 1655 ἐραστής

170 1669 298 1754 ἐφήβου
321 1673 450 1754 γένοιτο
471 1671 642 1750 τοιούτους
670 1676 735 1736 τίνι
755 1668 786 1735 δ’
805 1667 893 1737 οὕτω
913 1671 1036 1753 τυφλαὶ
1058 1667 1119 1753 μὲν
1140 1669 1176 1732 αλ

170 1771 238 1830 τῶν
254 1761 411 1849 ὀμμάτων
427 1772 539 1852 βολαί,
562 1768 662 1851 πηροὶ
675 1763 711 1832 δὲ
724 1769 758 1833 οί
771 1772 828 1850 τής
843 1770 990 1842 διανοίας
1005 1769 1161 1849 λογισμοί
1165 1791 1176 1841 ;

170 1872 239 1941 πῶς
255 1862 287 1930 δ’
300 1862 361 1932 ούκ
376 1861 419 1933 άν
434 1865 600 1954 άγαπήσαι
615 1863 675 1934 τόν
689 1867 726 1932 ἐν
740 1871 952 1951 παλαίστραις
966 1865 1027 1950 μὲν
1038 1861 1175 1948 Ἑρμῆν,

100 1974 151 2028 449
167 1959 359 2028 Ἀπόλλωνα
371 1962 406 2030 δέ
419 1965 454 2030 έν
466 1965 598 2050 λύραις,
614 1961 780 2047 ίππαστὴν
792 1961 828 2030 δέ
838 1960 882 2040 ῶς
895 1962 1064 2046 Κάστορα,
1079 1967 1177 2036 θείας

171 2059 205 2126 δὲ
221 2057 341 2143 άρετάς
357 2059 410 2128 διά
423 2069 553 2148 θνητοῦ
565 2063 727 2130 διάκοντα
743 2061 909 2146 σάματος;
931 2058 1003 2127 ἀλλ’
1019 2061 1089 2145 ἐμοὶ
1100 2061 1176 2142 μέν,

133 2209 134 2212 ¹
171 2161 325 2245 δαίμονες
339 2157 507 2245 ούράνιοι,
531 2167 602 2247 βίος
619 2170 668 2246 εἴη
684 2157 839 2246 διηνεπὴς
852 2152 965 2242 οὗτος,
987 2156 1174 2240 άπαντικρυ

171 2264 230 2323 τοῦ
243 2264 343 2342 φίλου
355 2262 555 2339 καθέζεσθαι
569 2261 623 2326 καὶ
638 2264 779 2343 πλησίον
794 2255 858 2344 ἡδύ
874 2265 1054 2334 λαλοῦντος
1068 2252 1176 2321 ιἀιού-

172 2379 237 2439 ειν,
257 2355 375 2432 ἐξιόντι
386 2353 422 2422 δὲ
436 2353 524 2444 αύτῷ
537 2358 722 2434 συνεξιέναι
733 2360 788 2424 καὶ
800 2353 924 2434 παντὸς
938 2361 1039 2441 ἔργον
1053 2378 1156 2420 κοινω
1192 2418 1196 2424 .

171 2457 247 2517 νίαν
263 2456 357 2535 ἔχειν.
386 2451 514 2532 εύξαιτο
534 2455 596 2539 μὲν
613 2445 676 2519 ούν
691 2458 777 2537 ἐρῶν
791 2481 839 2532 τις
855 2451 901 2521 δι’
917 2451 1098 2520 άπταίστον
1119 2457 1176 2516 καὶ

171 2546 327 2624 άιιλινούς
344 2553 420 2634 βίον
434 2546 494 2616 τόν
509 2549 731 2635 στεργόμενον
745 2550 880 2628 ἀλύπως
895 2557 940 2629 είς
954 2559 1057 2636 γήρας
1074 2547 1155 2616 ὁδεύ

170 2667 224 2714 σαι
242 2650 401 2732 μηδεμιᾶς
421 2647 519 2734 τύχης
536 2647 740 2734 πειράσαντα
759 2649 930 2736 βάσκανον
951 2651 1115 2735 ἐπήρειαν.
1145 2668 1175 2714 ει

170 2743 205 2812 δέ
220 2751 292 2831 καί,
309 2740 377 2824 οἷος
391 2743 607 2831 άνθρωπίνης
624 2747 757 2831 φύσεως
774 2747 892 2834 νόμος,
914 2747 1014 2824 νόσος
1030 2744 1175 2826 ἐπιψαύ-

170 2864 258 2911 σειεν
274 2840 393 2927 αὐτοῦ,
410 2843 571 2928 κάμνοντι
583 2847 781 2930 συννοσήσω
792 2848 846 2912 καὶ
858 2843 913 2912 διὰ
927 2851 1094 2930 χειμερίου
1106 2854 1175 2912 θα-

170 2941 287 3027 λάττης
309 2938 503 3032 άναμομένφ
530 2944 796 3029 συμπλεύσομαι·
826 2938 890 3009 κάν
912 2939 1094 3029 τυραννική
1118 2947 1176 3029 βία

170 3040 273 3125 δεσμά
295 3042 458 3130 περιάύη,
486 3041 546 3110 τόν
569 3052 643 3110 ἴσον
668 3045 798 3131 ἐμαυτῷ
821 3041 993 3126 περιθήσω
1019 3045 1173 3124 σίδηρον·

169 3136 288 3224 ἐχθρός
299 3137 385 3218 άπας
397 3136 414 3206 ὁ
426 3147 534 3225 μισῶν
544 3142 672 3207 ἐκεῖνον
682 3137 760 3224 ἐμὸς
771 3145 871 3221 ἔσται,
887 3140 942 3206 καὶ
953 3138 1084 3222 φιλήσω
1095 3136 1175 3214 τούς

170 3233 252 3317 πρδς
267 3233 370 3303 αὐτόν
387 3235 544 3314 εὐνοϊκῶς
560 3243 708 3321 ἔχοντας·
732 3243 762 3304 εί
771 3239 807 3304 δὲ
824 3232 945 3323 λῃστάς
958 3232 979 3321 ἡ
994 3241 1174 3320 πολεμίους

169 3339 356 3418 θεασαίμην
379 3331 430 3400 ἐπ’
454 3331 557 3402 αὐτόν
577 3333 765 3419 ὁρμῶντας,
788 3332 988 3418 δπλισαίμην
1007 3336 1060 3400 καὶ
1082 3333 1172 3414 παρά
