2575 3842
174 181 216 248 12
536 184 826 242 AOYKIANOY
850 175 854 183 ’

174 369 291 426 τατου,
317 339 360 420 ύς
375 339 471 432 η’ίετο·
494 344 531 411 τδ
550 343 585 412 δέ
600 345 634 420 ές
652 343 784 426 ἐχθρῶν
800 341 948 426 κεφαλάς
962 340 1187 423 δ’όλεξίκακος
1276 336 1284 349 ”

175 444 319 525 τρέψειε·
342 441 485 527 τοσαύτη
497 440 665 526 ψυχρότης
676 443 756 524 ἐνῆν
774 437 859 526 ὑπὲρ
874 438 936 526 τὴν
947 446 1103 508 Κασπίαν
1113 441 1179 526 χιό,

175 563 217 606 να
234 540 289 605 καὶ
309 535 369 605 τόν
383 540 592 623 κρύσταλλον
613 536 674 606 τὸν
694 540 866 606 Κελτικόν.
898 537 1023 624 ἡμοῦν
1046 535 1186 623 άσπίςὴ

174 642 234 702 τοῦ
250 631 496 721 αὐτοκράτορος
511 636 578 726 όλφ
590 643 708 725 βιβλίφ
722 636 818 720 μόγις
835 637 1067 724 ἐξηρμηνεύθη
1082 635 1185 726 αύτῷ,

174 736 228 800 καὶ
244 730 385 817 Γοργοδν
401 735 453 801 ἐπὶ
473 743 535 800 τοῦ
552 732 708 818 ὀμφαλοῦ
721 736 776 800 καὶ
795 739 830 801 oc
844 732 1016 821 ὀφθαλμοὶ
1032 734 1134 820 αὐτῆς
1149 737 1187 800 ἐκ

175 837 304 897 κυανοῦ
320 834 374 897 καὶ
396 838 519 898 λευκοῦ
540 834 594 897 καὶ
615 832 758 915 μέλανος
773 835 827 898 καὶ
849 831 934 916 ζύμη
958 829 1115 916 ἰριοειδὴς
1130 831 1187 897 καί

175 927 354 1011 δράκοντες
370 925 524 1013 ἑλικηδὸν
535 931 590 996 καὶ
601 929 841 1014 βοστρυχηδόν.
864 926 884 1014 ἡ
899 924 1037 1014 μὲνγὰρ
1052 923 1185 996 Οὐολο-

174 1032 276 1115 γέσου
292 1025 485 1115 άναξυρὶςῆ
503 1027 520 1096 ὁ
536 1028 669 1115 χαλινὸς
685 1033 746 1095 τοῦ
759 1031 883 1114 ἵππου,
901 1027 1090 1111 Ἡράκλεις,
1107 1025 1184 1094 ὅσαι

175 1125 334 1210 μυριάδες
356 1129 446 1192 ἐπιόν
463 1125 603 1194 ἕκαστον
621 1126 774 1211 τούτων,
796 1128 851 1194 καὶ
868 1129 922 1192 οἵα
938 1118 983 1212 ἦν
1004 1123 1023 1211 ἡ
1042 1122 1185 1209 Ὀσρόου

175 1228 277 1312 κόμη,
294 1230 484 1305 διανέοντος
499 1224 558 1294 τόν
576 1234 737 1313 Τίγρητα,
754 1229 810 1295 καὶ
820 1229 853 1305 ἐς
868 1222 941 1294 οἷον
953 1224 1077 1309 ἄντρον
1088 1227 1186 1291 κατέ-

176 1349 279 1409 φυγε,
300 1333 414 1391 κιττοῦ
428 1327 483 1393 καί
497 1332 660 1410 μυρρίνης
675 1328 730 1393 καὶ
746 1325 877 1410 δάφνης
893 1327 926 1403 ές
939 1321 1040 1391 ταῦτό
1055 1343 1184 1408 συμπε·

176 1413 333 1507 φυκότων
346 1413 403 1489 καὶ
418 1422 559 1489 σύσκιον
575 1420 721 1508 ἀκριβῶς
737 1421 927 1488 ποιούντων
944 1418 1034 1487 αύτό.
1067 1418 1184 1486 σκόπει

125 1535 159 1588 θ8
179 1516 223 1600 ὥς
238 1515 401 1606 άυαχκαία
413 1527 451 1607 τῇ
462 1524 590 1608 ίστορία
599 1527 720 1603 ταῦτα
736 1521 790 1586 καὶ
801 1510 849 1584 οἷν
860 1516 944 1585 άνευ
959 1516 1020 1584 ούκ
1035 1512 1080 1582 άν
1093 1513 1183 1603 ᾔδει·
1282 1540 1283 1549 ’

178 1619 239 1700 μέν
255 1631 287 1682 Ιτι
301 1624 368 1683 τῶν
384 1619 452 1684 ἐκεῖ
463 1622 691 1704 πραχθέντων
714 1614 801 1684 202
783 1613 850 1682 υπό
861 1613 926 1701 γάρ
939 1613 1114 1690 άσθενείας
1127 1638 1187 1729 της

178 1716 237 1780 έν
228 1729 296 1792 τοίς
309 1721 479 1800 χρησιμοις
493 1741 513 1800 η
500 1713 666 1832 ’άμνοίας
681 1721 749 1780 τῶν
764 1717 906 1781 λεκτέων
926 1709 1030 1779 ἐπὶ
995 1737 1053 1787 τας
1068 1708 1186 1776 τοιαύ-

177 1837 234 1889 τας
254 1819 321 1877 τάν
340 1819 471 1896 χωρίων
487 1809 584 1880 καὶ”
562 1835 695 1896 αντρων
715 1810 892 1897 ἐκφράσεις
913 1811 1105 1894 τρέπονται,
1129 1807 1186 1873 καὶ

178 1906 304 1974 ὁπόταν
316 1911 348 1987 ές
359 1908 465 1977 πολλὰ
480 1912 534 1978 καί
546 1910 673 1996 μεγάλα
684 1909 861 1993 πράγματα
871 1907 1092 1993 έμπέσωσιν,’
1076 1910 1187 1971 εοίκοι-

177 2025 231 2072 σιν
246 2008 354 2094 οίκέτη
367 2005 619 2098 νεοπλούτῳ,’
597 2033 671 2091 αρτι
687 2004 975 2090 κληρονομήσαντι
988 2029 1048 2070 του
1034 2000 1187 2070 ’δεσπό-

175 2128 252 2186 του,
271 2101 307 2182 δς
319 2103 395 2172 ούτε
405 2104 467 2192 τὴν
480 2109 604 2190 ἐσθῆτα
618 2104 709 2173 οἶδεν
717 2100 768 2180 ’ὡς
782 2100 844 2188 χρὴ
855 2105 1095 2188 περιβαλέσθαι
1107 2098 1187 2165 οὔτε

176 2206 350 2287 δειπνῆσαι
371 2203 454 2271 κατὰ
476 2205 600 2288 νόμον,
627 2199 700 2269 ἀλλ’
718 2201 923 2287 ἐμπηδήσας,
947 2199 1106 2322 πολλάκις
1125 2195 1187 2282 όρ-

177 2306 286 2366 νίθων
307 2302 362 2367 καὶ
382 2309 504 2368 συείων
526 2305 581 2368 καὶ
603 2299 745 2388 λαγῴων
765 2301 1010 2384 προκειμένων,
1038 2296 1186 2382 ὑπερεμ-

176 2405 333 2464 πίπλαται
362 2403 477 2477 ἔτνους
498 2397 589 2478 τινός
611 2426 631 2485 η
657 2405 829 2484 ταρίχους,
859 2397 927 2465 ἔστ’
949 2394 993 2463 άν
1020 2401 1188 2482 διαρραγῇ

177 2498 311 2562 ἐσθίων
335 2487 474 2588 οῦτοςδ
492 2491 566 2590 οὖν,
582 2494 622 2564 δν
638 2509 810 2583 προειπον,
828 2499 912 2564 καὶ
897 2495 1068 2582 τραύματα
1084 2497 1186 2561 συνέ-

176 2602 301 2677 γράψε
298 2593 390 2678 πάνυ
406 2593 557 2663 ’άπίθαυα
577 2599 632 2665 καί
648 2595 819 2673 θανάτους
834 2593 1052 2678 άλλοκότους,
1076 2589 1120 2670 ὡς
1139 2598 1186 2669 είς
1282 2618 1283 2649 ;

177 2683 344 2758 δάκτυλον
360 2699 420 2759 τοῦ
429 2689 593 2771 ποδός
560 2720 620 2762 τον
640 2697 747 2780 μέγαν
761 2701 902 2779 τρωθείς
917 2721 966 2772 τις
981 2691 1098 2760 αὐτίκα
1115 2693 1186 2758 έτε-
1282 2716 1283 2723 “

176 2789 331 2875 λεύτησε,
349 2787 441 2856 καῖ’
421 2816 469 2868 ως
479 2789 704 2888 έμβοησαντος
718 2793 825 2877 μόνον
841 2798 1015 2889 Πρίσκου
1008 2799 1068 2859 τοῦ
1082 2811 1187 2874 στρα-

160 2893 280 2974 Ι’τηχιοῦ
294 2893 373 2956 ἑπτα
361 2889 446 2957 καί
458 2899 561 2980 είκοσι
573 2899 642 2958 τῶν
652 2898 822 2977 πολεμίων
830 2877 1001 2971 ἐξέθανον
1020 2897 1070 2958 δτι
1076 2882 1119 2956 66
1130 2891 1186 2954 καί

176 2991 280 3079 ἐντῷ
288 2996 503 3082 τῦννεκρων
522 2971 673 3078 ἀριθμῷ,
698 2989 876 3087 τοῦτομὲν
894 2992 949 3055 καὶ
964 3011 1054 3071 παρα
1069 3013 1110 3054 τα
1127 3011 1186 3072 με·
1282 3032 1284 3056 ι

124 3107 158 3161 29
177 3090 349 3173 γραμμένα
370 3089 407 3154 έν
418 3075 497 3165 ταίς
519 3095 587 3154 τῦν
608 3081 783 3170 άρχόντωῦ
797 3091 982 3163 ἐπιστολαῖς
1005 3084 1185 3165 ἐψεύσατο

175 3187 226 3252 ἐπὶ
247 3182 312 3270 χόίρ
327 3183 484 3276 Εὐρώπῳ
503 3191 571 3250 τῶν
591 3185 654 3277 μὲν
668 3173 838 3268 πολεμίων
855 3182 1045 3250 ἀποθανεῖν
1061 3180 1186 3270 μυριά-

177 3285 270 3359 δας
254 3307 333 3350 επτα
322 3280 403 3348 καὶ
412 3307 596 3366 τριακοντα
607 3294 663 3349 και
652 3283 724 3361 ἓξ
726 3279 810 3368 πρὸς
812 3293 889 3360 τοῖςΙ
893 3285 1095 3363 διακοσίοις,
1106 3277 1188 3346 ‘me

176 3385 288 3464 μαίων
299 3379 335 3446 δε
354 3379 481 3465 μόνους
502 3369 578 3460 δύο,
606 3365 661 3449 καὶ
682 3379 881 3468 τραυματίας
900 3382 1060 3465 γενέσθαι
1077 3380 1185 3447 ἐννέα.
1282 3366 1283 3393 ¹
