2575 3842
198 177 260 240 256
547 177 849 263 Λοναελαον

198 344 235 410 ἐν
256 351 325 417 ταῖς
345 338 513 416 τοιαύταις
535 336 662 404 εἰκόσιν
679 334 740 421 ούχ
759 333 866 414 οὕτως
886 333 1067 420 ἅνθρωπος
1089 339 1209 421 μείζων
1280 344 1282 421 1

197 444 334 525 γίνεται,
351 431 395 522 ἥν
405 461 454 513 τις
469 432 573 502 αύτδν
591 441 662 524 θεῷ
674 432 843 522 ἀπεικόζη,
859 431 904 511 ὡς
919 431 956 501 τό
970 443 1068 502 θείου
1078 429 1209 518 ἀνάγκη
1281 440 1282 455 ’

198 538 416 603 ἐλαττοῦσθαι
440 531 523 620 πρὸς
543 529 580 599 τό
605 534 722 599 ἐνδέον
743 531 985 617 ἐπικλώμενον·
1017 525 1159 614 καὶγὰρ
1182 535 1211 596 εἰ
1282 512 1284 643 J

198 633 260 720 μέν
277 628 343 698 ὑπό
366 628 506 714 ἀπορίας
525 637 593 697 τῶν
611 632 766 714 ἐπιγείων
782 631 835 697 ἐπὶ
854 626 894 696 τὰ
910 626 1052 713 ούράνια
1069 629 1209 696 ἐκτείνοι

198 758 247 809 τις
258 728 318 797 τὸν
333 728 447 814 λόγον,
462 726 585 813 ἥττονα
600 722 644 794 ἀν
659 725 677 794 ὁ
692 734 842 805 τοιοῦτος
853 732 963 795 αἰτίαν
974 731 1041 812 ἐχοι
1052 721 1119 792 ὑπό
1131 723 1210 792 ἀσε-

200 836 290 916 βείας
306 823 387 894 αύτδ
404 829 504 911 δρᾶν
535 822 578 892 σύ
597 827 633 892 δὲ
650 832 795 892 τοσαῦτα
813 830 896 910 ἔχων
914 823 1019 911 κάλλη
1038 827 1210 908 γυναικῶν

197 925 374 1014 Ἀφροδίτη
385 922 534 1013 καίἭρᾳ
550 922 680 991 εἰκάσαι
694 920 801 1009 αὐτὴν
815 923 995 1008 ἐτόλμησας
1006 916 1108 987 οὐδὲν
1122 922 1209 986 δέου.

202 1029 250 1091 14.
265 1022 349 1089 ὥστε
358 1019 395 1089 τό
408 1019 494 1108 ἀγαν
502 1027 601 1089 τοῦτο
610 1023 666 1089 καί
678 1023 867 1106 ἐπίφθονον
875 1016 1022 1106 ἀφαίρει,
1032 1010 1060 1084 ὦ
1067 1026 1208 1084 Λυκῖνε·
1283 1020 1285 1030 “

201 1119 243 1190 ού
256 1119 322 1208 γὰρ
338 1117 422 1205 πρὸς
437 1126 499 1186 τοῦ
516 1125 579 1186 σού
597 1120 726 1204 τρόπον
745 1115 782 1185 τό
799 1126 969 1202 τοιοῦτον,
995 1113 1032 1196 δς
1050 1113 1131 1184 οὐδὲ
1150 1113 1210 1183 ἀλ-

202 1230 266 1298 λως
277 1219 392 1308 ῥᾴδιος
407 1216 491 1303 πρὸς
501 1215 580 1294 τούς
593 1219 751 1295 ἐπαίνους
761 1217 815 1283 καὶ
829 1215 1003 1301 πρόχειρος
1014 1209 1063 1281 τόν
1073 1213 1210 1298 ἐτύγχα-

201 1342 271 1395 νες·
294 1313 378 1385 ἀλλὰ
393 1323 460 1382 νύν
474 1312 536 1382 οὐκ
551 1311 615 1382 οἶδ’
630 1313 721 1393 ὅπως
734 1312 870 1398 ἀθρόαν
880 1319 1057 1399 πεποίησαι
1071 1307 1135 1396 τὴν
1151 1336 1209 1394 με·

201 1412 347 1503 ταβολὴν
368 1411 685 1498 ἐπιδαψιλευόμενος
704 1416 760 1484 καί
781 1411 817 1481 ἐκ
832 1420 893 1481 τοῦ
912 1415 992 1491 τέως
1009 1413 1210 1498 φειδομένου

202 1510 328 1587 ἄσωτος
342 1512 379 1576 ἐν
392 1525 460 1589 τοῖς
475 1513 621 1588 ἐπαίνοις
640 1508 866 1598 ἀναπέφηνας.
897 1507 981 1579 ἀλλά
1003 1510 1086 1596 μηδὲ
1103 1510 1209 1577 ἐκεῖνο

203 1612 403 1693 αἰσχυνθῇς,
426 1613 456 1675 εἰ
470 1617 729 1693 μεταρρυθμιεῖς
743 1607 803 1677 τόν
818 1609 922 1694 λόγου
936 1608 1001 1694 ἤδη
1017 1610 1211 1692 διαδεδομέ-
1285 1660 1286 1689 ,

202 1729 279 1771 νον·
302 1704 372 1770 ἐπεὶ
388 1704 442 1770 καί
456 1707 596 1772 Φειδίαν
607 1706 710 1788 φασὶν
725 1703 814 1772 οὕτω
829 1712 979 1792 ποιησαι,
995 1703 1096 1773 ὁπότε
1107 1707 1204 1787 ἐξειρ
1285 1696 1286 1709 ’

202 1799 327 1886 γύσατο
337 1813 405 1878 τοίς
416 1796 554 1879 Ἠλείοις
563 1798 624 1868 τόν
635 1810 719 1869 Δία·
741 1803 865 1870 στάντα
878 1800 943 1888 γὰρ
955 1799 1059 1870 αὐτόν
1069 1799 1210 1868 κατόπιν

203 1903 270 1965 τῶν
292 1907 429 1983 θυρων,
452 1894 552 1965 ὁπότε
573 1895 609 1965 τδ
632 1905 767 1982 πρῶτον
789 1897 999 1979 ἀναπετάσας
1020 1902 1209 1966 ἐπεδείκνυε

204 1994 241 2064 τό
259 2002 375 2082 ἔργον,
391 1998 570 2065 ἐπακούειν
580 2005 648 2065 τῶν
664 2004 870 2086 αἰτιωμένων
884 2027 915 2069 τι
928 1997 951 2086 ἢ
963 1998 1210 2067 ἐπαινούντων·

202 2091 315 2182 ᾐτιᾶτο
330 2092 399 2163 δέὁ
420 2095 482 2180 μέν
502 2094 563 2181 τὴν
579 2099 656 2184 ῥῖνα
672 2094 716 2176 ὡς
730 2114 884 2185 παχεῖαν,
905 2096 923 2165 ὁ
944 2098 981 2167 δέ
997 2095 1041 2175 ως
1057 2099 1212 2181 ἐπιμηκέ-

134 2214 185 2268 493
206 2214 324 2277 στερον
344 2190 380 2259 τό
404 2193 602 2279 πρόσωπον,
628 2192 646 2261 ὁ
672 2194 708 2261 δέ
730 2193 829 2274 ἀλλος
846 2194 926 2265 ἀλλο
943 2222 985 2264 τι.
1018 2192 1077 2264 εἰτ’
1099 2191 1210 2279 ἐπειδη

204 2290 443 2377 ἀπηλλάγησαν
458 2295 492 2358 οἰ
501 2299 636 2377 θεαταί,
653 2285 754 2371 αὖθις
768 2292 828 2360 τόν
843 2298 981 2363 Φειδίαν
997 2291 1212 2379 ἐγκλεισάμε-

203 2414 266 2457 υον
281 2386 402 2455 ἑαυτόν
423 2388 639 2473 ἐπανορθοῦν
661 2393 716 2458 καί
732 2394 906 2479 ῥυθμίζειν
921 2389 958 2459 τό
980 2390 1112 2477 ἄγαλμα
1128 2385 1212 2474 πρός

203 2484 239 2552 τό
256 2499 324 2562 τοῖς
344 2491 508 2562 πλείστοις
530 2489 675 2554 δοκοῦν·
707 2487 749 2555 ού
769 2489 834 2576 γὰρ
850 2489 961 2577 ἡγεῖτο
982 2486 1106 2576 μικρόν
1127 2485 1212 2555 εἰναι

204 2579 400 2670 συμβουλὴν
416 2583 526 2669 δήμου
540 2583 720 2672 τοσούτου,
745 2586 818 2656 ἀλλ’
837 2586 888 2656 ἀεί
902 2585 1086 2673 ἀναγκαῖον
1101 2582 1212 2669 ὑπόρ-

203 2708 274 2770 χειν
287 2679 365 2758 τούς
377 2680 522 2760 πολλούς
536 2683 769 2770 περιττότερον
780 2683 866 2772 ὁρᾶν
877 2693 938 2754 τοῦ
949 2687 1039 2769 ἑνός,
1054 2680 1120 2752 κόίν
1131 2691 1212 2752 Φει-

204 2787 275 2861 δίας
285 2775 316 2870 ᾗ.
340 2780 443 2848 ταῦτά
455 2799 508 2847 σοι
519 2780 600 2865 παρ’
614 2784 741 2868 ἐκείνης
750 2790 870 2870 κομίζω
881 2787 937 2852 καί
948 2780 1048 2861 αύτός
1059 2788 1212 2866 παραινῶ

204 2878 330 2964 ἑταῖρός
343 2905 378 2946 τε
392 2881 446 2948 καί
461 2879 581 2959 εύνονς
597 2878 654 2947 όίν.

289 2983 338 3046 15.
362 2985 576 3048 ΛῬΚΙΝΟΣ,
599 2979 832 3066 Πολύστρατε,
854 2976 923 3059 οἷος
943 2976 992 3048 οδν
1013 2981 1122 3068 ῥητωρ
1140 2980 1211 3044 ἐλε-

203 3079 319 3164 λήθεις
332 3104 388 3164 με·
410 3081 509 3164 ῥῆσιν
522 3085 607 3164 γοῦν
619 3075 708 3145 ούτω
725 3075 858 3163 μακρὰν
872 3079 926 3145 καὶ
940 3083 1141 3163 κατηγορίαν
1154 3102 1212 3142 το-

204 3175 332 3262 σαύτην
349 3177 541 3263 ἐξενήνοχας
555 3173 639 3244 κατά
656 3183 718 3242 τοῦ
733 3177 1005 3262 συγγράμματος,
1030 3175 1114 3243 ὥστε
1128 3174 1212 3260 μηδὲ

204 3277 321 3341 ἐλπίδα
344 3300 399 3360 μοι
428 3271 608 3361 ἀπολογίας
632 3280 680 3343 ἐτι
708 3280 976 3343 καταλείπεσθαι.
1015 3272 1103 3362 πλην
1126 3270 1208 3340 ἀλλὰ

205 3371 313 3438 ἐκεῖνό
328 3398 366 3459 γε
384 3369 425 3439 ού
442 3370 635 3441 δικαστικόν
650 3374 839 3461 ἐποιήσατε,
856 3374 911 3440 καί
924 3374 1065 3460 μάλιστα
1078 3370 1121 3439 σύ
1132 3371 1210 3459 ἐρή-
