2575 3842
177 151 239 216 248
532 151 839 211 AOTKIANOY

177 311 197 399 ἡ
212 310 311 380 είκῶν
321 310 559 397 κεκοσμήσθω,
576 307 639 377 ούκ
652 307 727 394 άχρι
742 317 802 376 τοῦ
815 311 1057 395 ἐπικεχρῶσθαι
1069 310 1187 393 μόνον,

178 407 252 477 ἀλλ’
266 412 298 486 ἐς
309 409 418 496 βάθος
430 415 638 485 δευσοποιοῖς
650 426 715 474 τισι
726 407 915 493 φαρμάκοις
927 409 959 484 ἐς
969 407 1075 493 κόρον
1086 433 1188 475 κατα-

177 515 329 594 βαφεῖσα.
363 507 418 573 καί
436 505 634 591 συγγνώμη,
661 510 692 573 εί
709 505 813 590 μηδὲν
832 502 1018 590 άρχίτυπον
1032 507 1188 584 ἐπιδείξαι

177 605 298 690 ταύτης
320 608 487 690 δυναίμην
506 610 564 688 τής
577 608 727 687 γραφῆς·
756 599 798 668 ού
813 602 877 687 γάρ
894 599 969 668 ἔσθ’
993 600 1013 668 δ’
1028 627 1059 668 τι
1076 609 1189 669 τοιοῦ-

108 721 159 774 476
178 727 238 769 τον
260 705 297 769 ἐν
318 716 386 779 τοῖς
412 700 515 768 πάλαι
541 704 691 777 παιδείας
714 701 790 785 κε’ρι
814 701 1068 786 μνημονεύεται.
1100 698 1190 786 πλὴν

75 845 77 853 ·
179 799 279 883 άλλά,
296 805 329 866 εί
335 825 373 884 γε
385 802 492 883 δοκεῖ,
508 795 700 866 άνακείσθω
719 800 773 866 καὶ
788 796 889 884 αὕτη·
913 796 955 865 ού
969 797 1098 885 μεμπτή
1111 799 1189 884 γάρ,

180 896 224 975 ῶς
236 897 308 982 ἐμοί
323 903 485 978 φαίνεται.

262 1001 362 1062 AYK.
385 1001 553 1080 Καλλίστη
571 995 632 1079 μὲν
649 987 728 1078 ούν,
752 986 779 1059 ῶ
795 992 1028 1077 Πολύστρατε,
1050 995 1105 1060 καὶ
1122 993 1189 1060 πά-

180 1112 252 1170 σαις
266 1104 336 1169 ταῖς
349 1105 514 1178 γραμμαῖς
528 1088 796 1178 ἀπηκριβωμένη.
1245 1159 1249 1167 ,

266 1193 313 1258 17.
332 1196 444 1279 ΠΟΛ.
458 1187 554 1257 Μετά
575 1189 610 1257 δὲ
628 1189 753 1275 ταύτην
769 1187 789 1275 ή
807 1195 863 1275 της
879 1195 998 1274 σοφίας
1018 1189 1074 1255 καὶ
1087 1189 1190 1255 συνί-

180 1263 262 1365 δεως
287 1285 386 1355 είκῶν
407 1290 563 1374 γραπτέα.
598 1288 709 1371 δεήσει
730 1288 767 1354 δὲ
789 1284 869 1372 ἡμῖν
889 1287 1039 1354 ἐνταῦθα
1054 1292 1191 1354 πολλῶν

178 1393 246 1453 τῶν
263 1387 559 1471 παραδειγμάτων,
580 1383 727 1468 ἀρχαίων
741 1391 808 1451 τῶν
825 1389 1007 1468 πλείστων,
1032 1381 1107 1461 ε’νδς
1126 1384 1190 1467 μὲν

180 1485 233 1549 καί
255 1480 360 1549 αύτοῦ
376 1479 541 1549 Ἰωνικοῦ·
572 1497 713 1566 γραφεῖς
737 1484 773 1549 δὲ
792 1483 847 1549 καὶ
863 1482 1061 1567 δημιουργοὶ
1082 1477 1190 1547 αὐτοῦ

179 1587 335 1666 Αἰσχίνης
347 1580 550 1665 Σωκράτους
564 1585 691 1667 ἑταῖρος
701 1584 757 1650 καί
767 1580 867 1660 αὐτὸς
876 1581 1070 1666 Σωκράτης,
1086 1605 1190 1664 μιμη-

178 1679 310 1746 λότατοι
328 1687 484 1765 τεχνιτῶν
499 1678 674 1764 ἁπάντων,
698 1679 766 1770 ὅσῳ
789 1682 843 1748 καί
863 1678 934 1765 μετ’
952 1687 1072 1764 ἔρωτος
1087 1683 1190 1762 ἔγρα-

179 1801 256 1861 φον.
281 1772 342 1860 τήν
358 1775 394 1844 δὲ
408 1779 443 1843 ἐκ
458 1784 515 1863 της
531 1776 687 1864 Μιλήτου
705 1780 836 1863 ἐκείνην
846 1775 1043 1859 Ἀσπασίαν,
1057 1767 1079 1863 η’
1095 1776 1151 1842 καί
1168 1769 1187 1840 ὁ

176 1871 353 1958 Ὀλύμπιος
366 1875 643 1960 θαυμασιῶτατος
660 1878 714 1942 καὶ
735 1872 835 1954 αὐτὸς
850 1882 974 1960 συνῆν,
995 1871 1037 1940 ού
1053 1878 1189 1957 φαῦλον

179 1972 345 2048 συνέσεως
376 1973 584 2059 παράδειγμα
612 1975 834 2058 προθέμενοι,
867 1969 994 2038 ὁπόσον
1019 1972 1189 2055 ἐμπειρίας

111 2081 159 2135 477
180 2069 384 2154 πραγμάτων
405 2074 460 2141 καί
482 2069 638 2157 ὀξύτητος
658 2073 691 2148 ἐς
710 2067 750 2137 τά
766 2067 918 2137 πολιτικά
943 2071 998 2135 καί
1018 2063 1195 2151 ἀγχινοίας

179 2170 233 2234 καί
250 2168 449 2253 δριμύτητος
466 2172 576 2257 ἐκείνη
590 2175 736 2252 προσῆν,
760 2173 857 2235 τούτο
878 2172 948 2232 πᾶν
962 2167 1014 2232 ε’πί
1027 2161 1090 2250 τήν
1104 2160 1187 2249 ήμε-

178 2267 278 2348 τίραν
301 2264 414 2332 είκόνα
440 2267 679 2351 μεταγάγωμεν
700 2264 833 2352 άκριβεί
852 2271 891 2352 τή
917 2259 1064 2350 στάθμη·
1098 2257 1188 2345 πλὴν

178 2359 261 2428 ὅσον
276 2366 385 2446 ἐκείνη
403 2363 465 2446 μὲν
479 2365 516 2429 ἐν
537 2371 646 2451 μικρῷ
665 2371 807 2454 πινακίῳ
824 2365 1022 2447 ἐγέγραπτο,
1044 2356 1128 2443 αύτη
1150 2361 1188 2424 δὲ

178 2465 370 2525 κολοσσιαία
388 2457 425 2525 τύ
444 2460 585 2544 μέγεθός
599 2461 677 2526 ἐστι.
703 2525 708 2534 ,

261 2563 361 2623 AYK.
385 2564 462 2634 Πῶς
479 2563 576 2624 τοῦτο
595 2555 677 2642 φής;
916 2598 925 2608 ·

263 2661 365 2723 HOA.
380 2652 467 2738 Ὅτι,
491 2647 518 2722 ῶ
532 2663 674 2738 Λυκῖνε,
698 2652 761 2723 ούκ
776 2659 982 2742 ἰσομεγέθεις
1000 2654 1087 2724 εἷναί
1100 2680 1186 2740 φημι

177 2751 235 2832 τάς
254 2752 384 2832 είκόνας
401 2750 516 2840 ὁμοίας
527 2752 643 2832 ούσας·
667 2753 708 2822 ού
722 2753 787 2841 γάρ
798 2766 873 2824 ίσον
884 2753 963 2824 ούδδ
974 2753 1072 2842 ἐγγύς
1082 2752 1187 2840 Ἀθη-

178 2859 283 2920 ναίων
299 2850 320 2939 ή
335 2853 408 2920 τότε
425 2859 572 2922 πολιτεία
587 2851 677 2940 καλή
695 2863 848 2937 παροῦσα
863 2862 930 2922 τῶν
941 2853 1108 2939 Ῥωμαίων
1123 2852 1187 2919 δύ·

177 2978 284 3037 ναμις.
318 2950 400 3018 ῶστε
416 2956 446 3019 εί
459 2953 515 3019 καὶ
530 2959 569 3040 τῇ
586 2952 755 3039 ὁμοιότητι
769 2952 790 3039 ή
807 2952 907 3040 αύτή,
930 2951 1013 3020 άλλά
1028 2960 1073 3040 τῷ
1089 2953 1186 3037 μεγί-

177 3061 232 3118 θει
248 3077 286 3135 γε
300 3047 446 3136 άμείνων
458 3049 547 3136 -αύτη
564 3047 606 3128 ῶς
621 3047 665 3117 άν
679 3053 730 3119 ἐπὶ
745 3053 955 3120 πλατυτάτου
970 3058 1110 3128 πίνακος
1123 3076 1186 3116 κα-

177 3151 437 3235 ταγεγραμμένη.
468 3153 517 3216 18.
539 3149 700 3232 δεύτερον
719 3150 755 3217 δὲ
775 3152 829 3218 καλ
846 3156 958 3235 τρίτον
974 3149 1186 3233 παράδειγμα

178 3247 295 3313 Θεανῶ
309 3272 344 3313 τε
355 3248 467 3332 ε’κείνη
482 3248 536 3314 καί
551 3243 708 3335 ήΛεσβία
723 3244 898 3334 μελοποιὸς
912 3251 966 3316 καί
978 3254 1120 3332 Διοτίμα
1132 3248 1186 3315 ἐπὶ

177 3344 327 3428 ταύταις,
347 3341 368 3430 ἡ
385 3344 446 3430 μὲν
466 3343 503 3411 τὸ
526 3345 738 3430 μεγαλόνουν
752 3343 773 3433 ή
790 3345 907 3416 Θεανῶ
928 3346 1186 3433 συμβαλλομένη
