2575 3842
191 175 253 238 352
541 172 843 235 AOYKIANOT

120 354 174 409 650
276 341 305 404 7.
323 344 447 404 ΖΕΥΣ.
472 328 523 404 Εύ
537 360 591 420 χε,
609 326 768 420 ύἙρμῆ,
790 332 908 416 ἀριστα
923 335 1131 419 κεκήρυκταί
1142 355 1205 419 σοι,

190 438 244 502 καὶ
260 437 441 514 ξυνθέονσι
452 430 516 519 γάρ
530 430 608 518 ἤδη·
629 429 711 498 όόστε
724 433 998 518 παραλαμβάνων
1010 425 1130 512 κάθιζε
1142 430 1204 497 αύ·
1270 444 1271 477 ¹

190 528 268 608 τούς
283 528 365 596 κατά
383 529 444 616 τὴν
458 528 554 609 ἀξίαν
568 530 724 615 ἕκαστον,
742 527 786 606 ὡς
800 525 844 595 ἀν
859 527 940 614 ὕλης
954 525 975 614 ἢ
991 532 1110 614 τέχνης
1124 534 1202 613 ἔχοι,

191 631 227 695 ἐν
241 632 401 716 προεδρίᾳ
412 628 474 712 μὲν
483 622 562 704 τοῦς
573 635 735 711 χρυσοῦς,
755 625 822 693 εἶτα
836 629 888 694 ἐπὶ
902 628 1034 704 τούτοις
1044 626 1130 722 ’τοῦς
1142 625 1202 707 άρ-

189 732 331 812 γυροῦς,
350 725 416 792 εἶτα
430 726 500 810 ἑξῆς
514 722 632 791 ὁπόσοι
644 723 869 809 ἐλεφάντινοι,
887 722 955 791 εἶτα
966 723 1046 803 τοῦς
1056 731 1202 810 χαλκοῦς
1271 738 1272 747 ’

189 821 210 911 ἢ
226 833 395 910 λιθίνους,
413 825 467 889 καὶ
484 827 520 889 έν
536 820 649 899 αὐτοῖς
663 822 793 900 τούτοις
809 827 844 889 οί
852 827 989 890 Φειδίου
1005 818 1025 908 ἢ
1042 820 1202 906 ’Λλκαμέ-
1271 850 1272 919 χ

190 947 271 999 νους
286 915 308 1006 ἦ
324 923 495 1003 Μύρωνος
512 916 533 1006 ἢ
547 918 771 1005 Εὐφράνορος
785 915 886 1004 ἦτων
900 918 1026 1004 ὁμοίων
1042 927 1202 1004 τεχνιτῶν

191 1017 486 1106 προτετιμησθων,
514 1021 548 1084 οί
568 1017 793 1102 συρφετώδεις
819 1017 853 1084 δὲ
878 1009 970 1084 ούτοι
992 1017 1046 1082 καὶ
1068 1013 1202 1101 ἄτεχνοι

189 1117 305 1201 πόρρω
326 1140 393 1182 που
408 1117 635 1195 ξυνωσθέντες
656 1123 765 1202 σιωπῇ
784 1113 1071 1199 ἀναπληρούντων
1092 1114 1202 1198 μόνον

191 1211 253 1298 τὴν
269 1216 454 1299 ἐκκλησίαν.

273 1318 377 1378 ΕΡΜ.
395 1309 506 1380 Ἔσται
528 1321 630 1380 ταῦτα
652 1313 706 1377 καὶ
724 1314 947 1378 καθεδοῦνται
964 1307 1007 1388 ὡς
1027 1310 1199 1394 προσήκει.

189 1405 262 1476 ἀλλ’
282 1411 387 1475 έκεῖνο
403 1406 444 1475 οῦ
459 1422 570 1492 χεῖρον
582 1411 721 1489 εἰδέναι,
738 1406 781 1491 ἥν
794 1433 843 1485 τις
855 1405 968 1474 αὐτόν
978 1413 1126 1492 χρυσοῦς
1136 1406 1200 1491 μὲν
1273 1442 1274 1493 η

188 1499 278 1594 ᾖκαί
292 1505 539 1583 πολυτάλαντος
558 1502 620 1589 τὴν
638 1502 756 1590 ὁλκήν,
782 1504 843 1571 ούκ
860 1502 998 1592 ἀκριβὴς
1014 1506 1049 1571 δὲ
1064 1502 1128 1590 την
1143 1508 1201 1587 έρ-

189 1607 325 1686 χασίαν,
343 1597 426 1667 ἀλλά
439 1604 558 1694 κομιδῇ
570 1598 736 1679 ίδιωτικδς
747 1603 800 1669 καὶ
813 1599 1037 1686 ἀσύμμετρος,
1052 1601 1118 1682 πρὸ
1130 1607 1200 1666 τιῦν
1272 1570 1276 1695 ἀ

190 1703 322 1783 χαλκῶν
337 1703 403 1762 τῶν
419 1696 588 1779 Μύρωνος
599 1702 653 1766 καὶ
664 1706 892 1767 Πολυκλείτου
909 1702 965 1766 καὶ
980 1705 1047 1765 τῶν
1058 1702 1201 1765 Φειδίου
1274 1698 1276 1707 '

119 1814 168 1868 651
191 1796 245 1863 καὶ
259 1792 479 1879 Ἀλκαμένους
489 1802 557 1862 τῶν
572 1803 714 1864 λιθίνων
724 1803 913 1866 καθεδεῖται
924 1793 945 1882 ἢ
957 1800 1199 1882 προτιμοτέραν

189 1888 250 1979 χρη
266 1897 411 1978 νομίζειν
425 1891 485 1978 τὴν
503 1894 635 1980 τέχνην;
1275 1910 1277 1949 ί

273 2001 398 2061 ΖΕΥΣ.
415 1991 529 2079 Ἐχρῆν
542 1994 604 2080 μὲν
621 1993 737 2080 οὕτως,
757 1994 829 2064 ἀλλ’
845 1993 998 2083 ὁχρυσδς
1009 1992 1098 2080 ὅμως
1114 2020 1198 2076 προ-

188 2097 344 2180 τιμητέος.

273 2201 376 2262 ΕΡΜ.
399 2191 580 2259 Μανθάνω
596 2190 646 2259 ότι
658 2198 861 2279 πλουτίνδην
875 2193 1037 2275 κελεύεις,
1055 2191 1141 2260 ἀλλὰ
1153 2192 1200 2279 μὴ

189 2290 384 2376 ἀριστίνδην
398 2296 548 2370 καθίζειν
568 2294 621 2359 καὶ
637 2288 703 2358 ἀπδ
726 2293 926 2377 τιμημάτων.
955 2288 1046 2378 ἥκετ’
1066 2283 1132 2357 ούν
1153 2297 1200 2368 είς

188 2388 250 2474 την
270 2393 451 2470 προεδρίαν
468 2392 502 2454 οί
519 2403 640 2473 χρυσοῖ
652 2387 753 2474 ὑμεῖς.
786 2398 816 2460 8.
833 2396 996 2477 ἐοίκασιν,
1016 2382 1144 2475 άΖεῦ,
1167 2393 1202 2456 οί

189 2488 386 2574 βαρβαρικοὶ
409 2487 647 2568 προεδρεύσειν
669 2488 784 2573 μόνοι·
818 2486 861 2567 όις
882 2489 961 2567 τούς
983 2514 1022 2574 χε
1036 2485 1200 2574 Ἕλληνας

189 2582 270 2672 ὁρᾷς
284 2580 397 2650 ὁποῖοί
408 2589 487 2667 είσι,
504 2591 672 2668 χαρίεντες
682 2588 744 2671 μὲν
755 2588 810 2655 καὶ
821 2584 1033 2672 εὐπρόσωποι
1048 2589 1102 2654 καὶ
1113 2585 1201 2654 κατά

188 2687 307 2768 τέχνην
319 2683 600 2766 ἐσχηματισμένοι,
612 2691 738 2752 λίθινοι
750 2682 816 2770 δὲῆ
827 2695 946 2772 χαλκοῖ
954 2682 1075 2772 ὁμοίως
1086 2684 1200 2752 ἅπαν-

187 2808 242 2859 τες
262 2776 283 2866 ἢ
308 2781 343 2846 οἵ
363 2806 401 2866 χε
422 2785 694 2850 πολυτελέστατοι
715 2781 827 2851 αὐτῶν
846 2784 1059 2871 ’ἐλεφάντινοι
1081 2782 1201 2870 ὀλίγον

188 2877 272 2946 όσον
292 2883 353 2943 τοῦ
373 2885 500 2963 χρυσοῦ
520 2876 789 2966 ἀποστίλβοντες,
815 2879 859 2961 ὡς
877 2885 1120 2968 ἐπικεχρῶσθαι
1143 2885 1198 2950 καί

189 2977 421 3062 ἐπηλυφάσθαι
442 2977 564 3063 μόνον,
591 2978 632 3045 τά
654 2981 689 3046 δὲ
708 2985 808 3047 ἐνδον
830 2978 991 3060 ὑπόξυλοι
1013 2981 1068 3047 καὶ
1090 2972 1199 3064 οῦτοι,

187 3082 285 3161 μυῶν
301 3072 418 3159 ἀγέλας
431 3074 509 3155 ὅλοις
520 3080 818 3164 ἐμπολιτευομένας
829 3083 1024 3156 σκέποντες·
1047 3073 1067 3163 ἡ
1080 3082 1200 3154 Βενδῖς

17 3227 135 3299 X»
188 3173 225 3239 δὲ
242 3172 325 3257 αὕτη
342 3175 396 3241 καὶ
411 3171 596 3261 δ”Ανονβις
611 3179 751 3246 ἐκεινοσὶ
772 3180 826 3246 καὶ
843 3176 921 3260 παρ’
939 3173 1045 3244 αὐτόν
1061 3174 1199 3254 δ”Αττις

188 3277 241 3336 καὶ
258 3267 275 3336 ὁ
290 3276 428 3356 Μίθρης
447 3275 502 3338 καὶ
524 3270 541 3337 ὁ
558 3270 640 3358 Μὴν
653 3272 726 3341 δ’λοι
747 3272 924 3361 ὁλόχρυσοι
941 3276 995 3340 καὶ
1016 3279 1129 3360 βαρεῖς
1143 3276 1197 3341 καὶ

187 3373 401 3452 πολυτίμητοι
417 3366 461 3445 ἀς
475 3367 618 3453 άληθῶς.
