2575 3842
182 221 290 277 ΠΩΣ
309 222 399 277 ΔΕΙ
417 220 661 279 ΙΣΤΟΡΓΑΝ
679 220 1008 278 ΣΤΓΓΡΑΦΕΙΝ.
1057 215 1097 278 21

16 349 28 468 ξ)
91 377 192 456 διδους
207 406 299 457 τινας
316 377 437 463 ὀρθάς,
461 383 492 445 εί
505 377 545 463 δὴ
560 385 712 445 τοιαῦται
728 386 922 464 φαίνονται,
947 373 998 457 αἷς
1011 377 1100 464 χρώ·

89 503 190 562 μενος
205 484 331 545 θᾶττον
347 473 391 543 άν
411 477 466 542 καὶ
487 473 729 560 εὐμαρέστερον
744 478 906 543 τελέσειεν
927 476 1001 561 άχρι
1016 472 1099 560 πρδς

88 573 150 641 τὸν
163 575 302 642 σκοπόν.
336 581 387 642 36.
411 578 517 640 καίτοι
531 571 573 637 ού
592 570 657 657 γάρ
676 569 720 639 άν
738 579 837 658 φαίης
854 570 1021 658 άπροσδεη
1039 570 1099 639 τὸν

16 707 17 710 “
90 671 235 739 σννετδν
247 671 331 739 εἶναι
343 679 401 757 τῆς
412 673 526 756 τέχνης
536 673 589 736 καί
601 675 814 748 διδασκαλίας
826 661 875 736 ιδν
886 668 1013 754 άγνοελ’
1031 673 1100 736 ἐπεὶ

90 765 155 836 κάν
176 769 343 856 ἐκιθάριζε
364 767 408 854 μὴ
427 765 550 854 μαθών
570 769 624 835 καὶ
644 766 741 853 ηύλει
757 771 812 837 καὶ
832 769 941 835 πάντα
960 762 1004 833 άν
1023 766 1100 851 ἠπί-

91 888 200 934 στατο.
231 873 297 932 νῦν
318 868 354 932 δέ
371 864 415 951 μὴ
437 863 559 950 μαθών
579 862 641 932 ούιι
658 863 702 933 άν
723 892 754 934 τι
775 863 886 932 αὐτῶν
903 865 1101 951 χειρουργή-

90 983 199 1048 σειεν,
221 961 456 1042 ὑποδείξαντος
474 965 512 1029 δέ
523 988 613 1040 τινος
628 962 734 1051 ῥᾷστά
752 989 788 1030 τε
804 959 848 1029 άν
864 964 969 1048 μάθοι
986 964 1041 1029 καὶ
1058 955 1096 1029 εὖ
1115 972 1150 1027 49

90 1069 353 1148 μεταχειρίσαιτο
367 1059 420 1146 ἐφ’
439 1059 553 1128 αὑτοῦ.

176 1164 227 1228 37.
251 1161 315 1227 Καὶ
329 1167 445 1227 τοίνυν
459 1161 513 1226 καὶ
526 1156 605 1244 ἡμίν
616 1159 768 1237 τοιοῦτός
778 1158 855 1237 τιςὸ
870 1156 1022 1244 μαθητής
1033 1166 1099 1225 νῦν

91 1258 356 1342 παραδεδόσθω,
372 1263 526 1324 συνεῖναί
538 1283 572 1322 τε
587 1258 640 1323 καὶ
657 1263 760 1324 εἰπεῖν
772 1255 834 1324 ούκ
848 1255 1006 1342 ἀγεννής,
1024 1254 1097 1324 ἀλλ’

91 1352 152 1432 ύξδ
169 1355 353 1439 δεδορκώς,
369 1349 437 1432 οἷος
450 1356 503 1421 καὶ
518 1355 688 1439 πράγμασι
703 1355 890 1442 χρήσασθαι
908 1354 966 1438 άν,
983 1361 1013 1422 εί
1027 1357 1099 1422 έπι-

91 1460 248 1538 τραπείη,
265 1456 318 1520 καὶ
329 1451 467 1539 γνώμην
480 1451 735 1538 στρατιωτικήν,
750 1450 833 1521 άλλά
843 1450 924 1539 μετά
936 1459 992 1538 τῆς
1003 1463 1099 1521 πολι-

91 1557 187 1636 τικῆς
200 1551 255 1617 καὶ
267 1552 438 1636 ἐμπειρίαν
450 1549 673 1635 στρατηγικὴν
684 1556 780 1635 ἔχειν,
797 1554 850 1618 καί
861 1549 903 1637 νὴ
914 1557 981 1619 Δία
996 1552 1051 1617 καὶ
1062 1553 1098 1618 ἐν

91 1649 305 1737 στρατοπέδω
316 1648 462 1732 γεγονώς
474 1673 552 1714 ποτε
567 1650 619 1713 καὶ
630 1644 932 1734 γυμναζομένονςῆ
943 1650 1099 1735 ταττομέ-

92 1771 176 1822 νους
193 1743 394 1828 στρατιώτας
415 1742 569 1827 ἑωρακώς
585 1747 638 1812 καὶ
660 1745 746 1813 ὅπλα
767 1743 861 1824 είδώς
881 1749 935 1813 καὶ
950 1747 1099 1832 μηχανή-

91 1867 197 1926 ματα,
216 1842 309 1910 ἔτιδὲ
324 1843 378 1910 καὶ
392 1849 426 1909 τί
437 1845 488 1909 ἐπὶ
502 1844 606 1927 κέρως
621 1845 674 1910 καὶ
688 1850 722 1911 τί
734 1846 784 1910 ἐπὶ
799 1844 968 1929 μετώπου,
983 1853 1053 1923 πώς
1068 1850 1101 1911 οἱ

91 1940 203 2024 λόχοι,
227 1945 296 2016 πῶς
311 1943 344 2006 οί
357 1943 465 2016 ίππεϊς
482 1941 536 2006 καὶ
558 1941 667 2006 πόθεν
684 1941 737 2005 καὶ
754 1946 788 2006 τί
800 1940 988 2018 ἐξελαύνειν
1003 1937 1024 2025 ἢ
1039 1965 1099 2008 πε-

92 2035 304 2122 ριελαύνειν,
325 2038 379 2104 καί
394 2035 495 2121 ὅλως,
515 2035 557 2104 ού
571 2043 638 2103 τών
652 2039 861 2103 κατοικιδίων
875 2064 923 2114 τις
939 2035 1013 2103 οὐδ’
1031 2032 1099 2115 οἷος

91 2131 266 2200 πιστεύειν
280 2132 386 2216 μόνον
400 2147 467 2210 τοῖς
481 2131 734 2218 άπαγγέλλουσι.
765 2138 815 2200 38.
839 2134 978 2217 μάλιστα
995 2133 1031 2198 δέ
1045 2134 1101 2199 καὶ

91 2227 158 2314 πρὸ
175 2236 244 2296 τῶν
262 2228 397 2296 πάντων
414 2231 592 2316 ἐλεύθερος
608 2236 692 2298 ἔστω
711 2229 772 2315 τὴν
787 2230 925 2316 γνώμην
946 2232 1000 2298 καὶ
1019 2230 1100 2315 μήτε

92 2335 270 2416 φοβείσθω
280 2330 406 2412 μηδένα
416 2329 497 2413 μήτε
510 2331 661 2409 ἐλπιζέτω
672 2335 789 2415 μηδέν,
802 2332 871 2397 ἐπεὶ
884 2328 996 2415 ὅμοιος
1008 2336 1097 2397 ἔσται
1113 2337 1148 2389 5⁰

90 2440 162 2504 τοῖς
179 2426 322 2510 φαύλοις
336 2431 503 2506 δικασταῖς
517 2425 599 2515 πρὸς
614 2429 712 2512 χάριν
727 2424 747 2514 ἢ
759 2427 842 2513 πρὸς
856 2428 1037 2514 ἀπέχθειαν
1048 2430 1100 2498 ἐπὶ

93 2531 210 2614 μισθῷ
225 2524 426 2605 δικάζουσιν.
450 2524 534 2594 άλλά
545 2525 589 2613 μὴ
601 2530 725 2612 μελέτω
740 2523 829 2615 αὐτῷ
845 2527 925 2612 μήτε
937 2533 1100 2605 Φίλιππος

94 2623 336 2706 ἐκκεκομμένος
352 2619 413 2689 τὸν
429 2619 609 2709 ὀφθαλμὸν
623 2622 690 2690 ύπδ
704 2622 852 2710 Ἀστέρος
867 2633 927 2693 τού
937 2624 1099 2712 Ἀμφιπο-

94 2730 189 2790 λίτον
210 2727 271 2788 τοῦ
291 2720 430 2799 τοξότου
446 2724 483 2788 ἐν
503 2720 672 2811 Ὀλύνθῳ,
699 2719 783 2789 άλλά
802 2732 951 2803 τοιοῦτος
968 2722 1037 2804 οἶος
1056 2718 1100 2811 ἦν

96 2818 324 2904 δειχθήσεται·
346 2817 423 2905 μήτ’
442 2827 471 2888 εί
482 2818 693 2906 Ἀλέξανδρος
707 2819 879 2890 άνιάσεται
889 2826 941 2892 ἐπὶ
952 2832 990 2912 τῇ
1002 2831 1100 2891 Κλεί-

97 2946 156 2987 τον
173 2925 287 3005 σφαγῇ
310 2913 406 3003 ώμώς
426 2921 463 2985 ἐν
479 2925 524 3008 τῷ
543 2926 716 3009 συμποσίω
733 2925 913 3010 γενομένη,
935 2929 965 2990 εί
985 2930 1100 3007 σαφῶς

96 3016 345 3102 ἀναγράφοιτο·
368 3012 446 3083 οὐδὲ
455 3020 572 3084 Κλέων
584 3016 688 3085 αύτόν
698 3020 839 3105 φοβήσει
850 3024 933 3106 μέγα
945 3023 981 3086 έν
995 3030 1035 3108 τῇ
1046 3023 1102 3086 έκ-

96 3123 215 3204 κλησίᾳ
237 3115 426 3200 δυνάμενος
445 3119 500 3182 καὶ
523 3119 669 3202 κατέχων
684 3115 720 3185 τδ
736 3125 841 3203 βῆμα,
868 3115 912 3195 ὡς
932 3114 976 3203 μὴ
998 3124 1102 3186 είπετν

95 3212 146 3282 ὅτι
167 3211 323 3297 ὀλέθριος
338 3214 392 3280 καὶ
413 3211 551 3297 μανικὸς
568 3213 750 3298 ἄνθρωπος
771 3207 868 3293 οὖτος
887 3207 947 3300 ἦν·
981 3212 1101 3300 ούδδὴ

95 3312 254 3398 σύμπασα
275 3311 372 3389 πόλις
388 3319 455 3378 τῶν
474 3310 676 3399 Ἀθηναίων,
698 3307 743 3398 ἢν
758 3309 797 3379 τά
814 3316 850 3380 έν
866 3320 1002 3403 Σικελία
1016 3312 1101 3381 κακά

94 3415 211 3498 ἱστορῇ
226 3410 281 3477 καὶ
301 3404 364 3493 τὴν
380 3415 623 3496 Δημοσθένους
637 3417 740 3497 λῆψιν
754 3414 809 3479 καὶ
827 3414 889 3497 τὴν
904 3419 1025 3480 Νικίου
1046 3437 1102 3478 τε·
1116 3425 1149 3477 51
