2575 3842
311 185 554 280 ΑΛΗεονΣ
572 222 811 283 ιΣνοΡιΑΣ
829 227 867 283 A.
1049 222 1085 287 51

82 375 287 445 ἀπελύοντο·
309 383 344 448 οί
355 376 420 465 γάρ
435 381 488 447 ἐπὶ
501 386 558 464 τῆς
573 377 708 469 πρῴρας
723 386 1004 470 παρατεταγμένοι
1025 391 1092 452 πᾶ-

82 495 144 540 σαν
154 477 390 544 ἐπεδείκνυντο
400 483 595 561 προθυμίαν
604 479 829 563 ἐπιβαίνοντες
840 483 895 548 καὶ
908 479 1091 566 ἀναιρούν-

80 596 147 648 τες·
172 571 305 657 ἐζώγρει
320 574 356 642 δέ
370 572 488 651 ούδείς.
511 571 583 641 ἀντὶ
596 574 632 641 δέ
642 581 764 660 χειροῖν
779 579 926 663 σιδηρῶν
939 578 1090 646 πολύπο-
1155 583 1159 590 ’

81 670 141 744 δας
156 669 326 753 μεγάλους
340 672 573 756 ἐκδεδεμένους
584 667 739 757 ἀλληλοις
753 670 995 759 ἀπερρίπτουν,
1011 678 1044 740 οί
1054 674 1090 741 δὲ

15 781 16 816 ³
81 766 361 852 περιπλεκόμενοι
372 774 411 856 τῇ
422 765 487 856 ὕλη
498 782 649 852 κατεῖχον
667 766 773 855 αὐτὴν
782 768 845 856 τὴν
859 777 972 856 νῆσον.
989 775 1090 856 ἐβαλ-

81 871 141 930 λον
166 867 282 948 μέντοι
302 866 358 932 καὶ
380 868 578 949 έτίτρωσκον
600 861 761 948 ὀστρείοις
780 893 816 934 τε
840 865 1089 952 ἁμαξοπληθέσι

82 963 134 1027 καὶ
155 961 315 1046 σπόγγοις
329 969 547 1047 πλεθριαίοις.
569 965 620 1029 42.
637 959 748 1047 ’ἡγεῖτο
764 965 801 1030 δέ
815 971 883 1030 τόν
895 964 1089 1049 μὲνΑίολο-

81 1060 280 1144 κένταυρος,
296 1066 365 1126 τῶν
379 1060 416 1128 δὲ
430 1059 703 1143 Θαλασσοπότης·
725 1062 780 1128 καλ
791 1061 877 1146 μάχη
892 1059 1004 1137 αὐτοῖς
1017 1063 1089 1144 έγε-

82 1159 219 1241 γένητο,
240 1153 284 1235 ὡς
298 1157 422 1242 ἐδόκει,
443 1163 531 1234 λείας
552 1158 667 1223 ἕνεκα·
695 1159 822 1242 ἐλέγετο
839 1155 904 1242 γάρ
921 1154 940 1223 ὁ
955 1163 1088 1224 Θαλασ-

83 1251 229 1337 σοπότης
244 1252 370 1332 πολλάς
391 1252 509 1339 ἀγέλας
529 1257 698 1339 δελφίνων
720 1262 781 1321 τού
797 1254 1088 1340 Αίολοκενταύρον

82 1351 294 1436 ἐληλακέναι,
319 1348 364 1429 ὡς
379 1344 424 1438 ἦν
440 1348 577 1418 ἀκούειν
593 1351 843 1418 ἐπικαλούντων
858 1348 1013 1436 ἀλλήλοις
1033 1352 1089 1417 καὶ

81 1448 120 1516 τά
137 1448 286 1535 ὀνόματα
302 1457 370 1516 τῶν
384 1453 548 1537 βασιλέων
562 1450 807 1535 ἐπιβοωμένων.
829 1452 921 1526 τέλος
935 1449 971 1516 δέ
985 1455 1089 1516 νικά-

82 1566 137 1613 σιν
152 1549 187 1614 oc
196 1553 258 1612 τοῦ
265 1547 558 1632 Αίολοκενταύρου
571 1547 625 1613 καὶ
635 1546 761 1632 νήσους
770 1552 839 1612 των
849 1553 1017 1631 πολεμίων
1027 1571 1089 1611 κα-

82 1642 267 1709 ταδύουσιν
281 1640 366 1729 ἀμφὶ
385 1642 444 1722 τάς
463 1643 670 1730 πεντήκοντα
693 1645 748 1710 καλ
770 1640 888 1710 ἑκατόν
910 1645 965 1711 καλ
988 1641 1089 1720 ἀλλας

82 1756 170 1827 τρεῖς
179 1742 410 1830 λαμβάνουσιν
419 1742 532 1822 αύτοίς
539 1741 712 1830 ἀνδράσιν,
721 1747 758 1810 οιί
765 1743 801 1811 δέ
809 1745 922 1811 λοιπαὶ
930 1743 1089 1828 πρύμναν

83 1840 310 1926 κρουσάμεναι
322 1847 476 1929 ἔφευγον.
498 1848 532 1910 ολ
541 1841 577 1911 δὲ
588 1845 682 1928 μέχρι
692 1840 784 1919 τινός
798 1844 982 1925 διώξαντες,
998 1847 1088 1912 ἐπει-

82 1937 122 2025 δὴ
137 1940 259 2024 ἑσπέρα
275 1930 336 2025 ἦν,
351 1942 563 2027 Ιτραπόμενοι
586 1938 669 2024 πρὸς
688 1936 728 2005 τά
749 1940 895 2023 ναυάγια
911 1947 979 2006 των
997 1948 1090 2008 πλεί-

82 2055 172 2104 στων
192 2037 420 2123 ἐπεκράτησαν
441 2042 496 2106 καὶ
516 2035 556 2104 τά
580 2039 709 2104 έαυτων
729 2033 914 2103 ἀνείλοντο·
946 2037 1002 2104 καὶ
1022 2034 1086 2122 γάρ
1106 2056 1157 2110 104
1233 2065 1237 2074 ’

82 2137 221 2201 ἐκείνων
235 2137 421 2202 κατέδυσαν
435 2141 531 2221 νῆσοι
546 2130 608 2200 ούκ
620 2131 775 2209 ἐλάττους
788 2137 856 2197 τόν
871 2127 1087 2216 ἀγδοήκοντα.

82 2239 225 2317 ἔστησαν
238 2232 275 2300 δὲ
288 2234 343 2301 καὶ
364 2234 526 2317 τρόπαιον
545 2238 603 2317 τῆς
622 2236 823 2316 νησομαχίας
837 2231 888 2296 έπλ
903 2237 944 2317 τῇ
960 2235 1090 2317 κεφαλῇ

81 2338 141 2398 τοῦ
152 2330 277 2416 κη’τους
288 2337 368 2417 μίαν
377 2341 446 2401 των
457 2339 624 2418 πολεμίων
634 2329 748 2415 νήσων
759 2327 1085 2415 ἀνασταυρώσαντες.

82 2433 214 2514 ἐκείνην
234 2427 297 2514 μέν
319 2422 382 2497 οὖν
398 2429 460 2517 τὴν
480 2431 586 2498 νύκτα
609 2429 684 2512 περὶ
704 2425 742 2495 τό
763 2436 888 2515 θηρίον
907 2425 1087 2515 ηύλίσαντο

81 2526 262 2608 ἐξάψαντες
279 2525 384 2596 αὐτοῦ
405 2527 445 2596 τά
463 2527 602 2614 ἀπόγεια
621 2529 676 2593 καὶ
697 2524 747 2593 ἐπ’
771 2523 930 2612 ἀγκυρῶν
946 2534 1087 2613 πλησίον

81 2623 319 2712 ὁρμισάμενοι·
341 2628 395 2695 καὶ
406 2624 471 2713 γάρ
483 2624 644 2713 ἀγκύραις
654 2629 797 2712 ἐχρῶντο
810 2627 977 2712 μεγάλαις,
993 2625 1088 2696 δολί·

82 2750 171 2809 ναις,
183 2736 368 2809 καρτεραῖς.
391 2731 431 2812 τῇ
442 2721 600 2814 ὑστεραίᾳ
610 2725 647 2793 δέ
656 2726 823 2804 θύσαντες
834 2729 886 2794 έπλ
894 2734 955 2794 τοῦ
966 2728 1089 2812 κη’τους

82 2825 135 2890 καὶ
150 2819 232 2899 τούς
252 2825 395 2899 οἰκείους
410 2822 581 2903 θάψαντες
594 2822 647 2892 ἐπ’
664 2823 770 2892 αὐτοῦ
785 2820 951 2892 ἀπέπλεον
964 2821 1087 2909 ἡδόμε-

81 2947 134 2989 νοι
149 2923 204 2990 καὶ
224 2918 336 3002 ὥσπερ
347 2927 490 2998 παιᾶνας
505 2920 649 3010 ᾅδοντες.
678 2930 781 2991 ταῦτα
799 2921 862 3009 μέν
874 2921 914 2989 τά
929 2918 1011 2989 κατά
1025 2919 1088 3005 τὴν

84 3024 287 3107 νησομαχίαν
299 3017 473 3105 γενόμενα.

492 3259 688 3270 ...ι-ιι-
