2575 3842
423 176 544 234 ΠΕΡΙ
564 176 836 234 ΟΡΧΗΣΕΩΣ.
1069 173 1128 236 147

124 359 182 418 μοι
196 338 320 421 δοκεῖς,
338 331 382 411 ὡς
393 332 434 399 ού
444 332 609 416 νεώτερον
622 331 659 400 τό
675 342 732 419 τῆς
749 332 913 419 ὀρχήσεως
930 335 1130 422 ἐπιτήδευμα

123 433 225 498 τοῦτό
239 436 327 500 ἐστιν
342 429 421 498 οῦδὲ
435 432 514 516 χθὲς
528 434 583 497 καί
600 431 718 521 πρώην
733 430 936 517 ἀρξάμενον,
958 428 1031 499 οἷον
1046 431 1129 499 κατὰ
1172 513 1177 523 .

123 525 205 605 τοῦς
219 528 430 613 προπάτορας
450 523 583 612 ημώνῆ
602 525 681 605 τοῦς
698 530 849 609 ἐκείνων,
874 524 946 594 ἀλλ’
962 529 997 591 οί
1014 553 1053 611 γε
1069 524 1128 593 τά-

125 627 311 708 ληθέστατα
326 622 491 710 ὀρχήσεως
502 626 576 707 πέρι
586 630 863 708 γενεαλογοῦντες
878 622 945 709 ἅμα
960 631 999 712 τῃ
1013 623 1128 709 πρώτῃ

125 724 253 806 γενέσει
264 730 332 789 τών
346 720 436 789 ὅλων
448 734 547 806 φαῖεν
560 718 603 785 ἀν
616 740 670 786 σοι
685 722 740 788 καὶ
751 718 886 807 ὄρχησιν
901 718 1071 805 ἀναφῦναι
1082 726 1129 807 τῷ

125 816 249 909 ἀρχαίφ
266 824 380 909 ἐκείνφ
390 818 510 902 Ἔρωτι
532 832 841 902 συναναφανεῖσαν·
872 814 893 903 ἡ
912 825 997 902 γοῦν
1017 822 1128 901 χορεία

125 923 193 983 τών
209 914 358 1002 ἀστέρων
378 914 468 1000 καὶὴ
490 912 574 1001 πρὸς
588 911 667 992 τοῦς
688 913 843 992 ἀπλανεῖς
862 921 929 981 τών
951 912 1129 997 πλανήτων

126 1011 300 1099 συμπλοκὴ
317 1015 372 1079 καὶ
391 1010 562 1096 εὔρυθμος
582 1008 694 1077 αύτών
717 1016 876 1077 κοινωνία
898 1012 952 1077 καλ
974 1002 1129 1084 εὔτακτος

125 1109 269 1196 ἁρμονία
283 1117 340 1194 τῆς
360 1108 577 1193 πρωτογόνου
594 1105 760 1192 ὀρχήσεως
775 1108 931 1192 δείγματά
954 1112 1031 1173 ἐστι.
1053 1102 1125 1173 κατ’

125 1206 239 1294 ὀλίγον
249 1207 284 1274 δὲ
293 1204 502 1290 αὐξανομένη
511 1206 629 1290 καὶτῆς
638 1202 723 1289 πρὸς
731 1202 767 1270 τό
777 1206 908 1289 βέλτιον
917 1202 967 1272 ἀεὶ
976 1202 1128 1287 προσδη-

125 1330 184 1389 κης
202 1304 414 1388 τυγχάνουσα
436 1308 502 1368 νῦν
523 1306 630 1368 ἔοικεν
650 1303 682 1377 ἐς
709 1297 745 1366 τό
768 1298 953 1381 ἀκρότατον
974 1296 1129 1365 ἀποτετε-

125 1404 243 1467 λέσθαι
257 1402 311 1467 καί
331 1406 533 1486 γεγενῆσθαι
549 1404 700 1465 ποικίλον
714 1423 745 1463 τι
760 1399 814 1463 καλ
830 1396 1061 1482 παναρμόνιον
1074 1396 1129 1461 καὶ

125 1500 342 1584 πολύμουσον
356 1496 496 1584 ἀγαθόν.

208 1602 237 1664 8.
260 1603 401 1680 Πρῶτον
411 1598 451 1662 δέ
462 1614 544 1679 φασι
551 1593 642 1661 Ῥέαν
653 1591 816 1679 ἡσθεῖσαν
826 1601 865 1681 τῃ
877 1597 972 1680 τέχνῃ
984 1596 1021 1661 ἐν
1032 1600 1127 1678 Φρυ-
1147 1609 1198 1665 272

124 1702 180 1783 γίηι
196 1694 258 1778 μὲν
271 1691 350 1770 τούς
366 1693 599 1779 Κορύβαντας,
622 1694 658 1759 ἐν
672 1692 788 1779 Κρήτῃ
808 1694 844 1757 δὲ
862 1690 941 1769 τοῦς
954 1697 1129 1777 Κουρῆτας

125 1789 295 1876 ὀρχεῖσθαι
313 1796 483 1872 κελεῦσαι,
504 1792 558 1857 καὶ
572 1786 615 1855 οῦ
629 1786 668 1854 τά
684 1792 798 1873 μέτρια
820 1786 926 1853 ώνατο
942 1795 999 1873 τῆς
1014 1790 1128 1873 τέχνης

125 1885 254 1972 αύτῦν,
271 1888 306 1953 οί
319 1912 357 1971 γε
371 1885 645 1971 περιορχούμενοι
661 1886 861 1953 διεσώσαντο
876 1882 960 1971 αύτῃ
974 1881 1034 1951 τόν
1049 1890 1126 1968 Δία,

125 1982 211 2051 ώστε
225 1984 278 2049 καὶ
294 1989 424 2067 σῶστρα
442 1980 576 2059 είκότως
591 1976 635 2047 ἀν
650 1978 668 2047 ὁ
685 1978 768 2058 Ζεύς
784 1976 933 2063 ὀφείλειν
949 1977 1126 2064 ὁμολογοίη

125 2078 236 2157 αὐτοῖς
249 2076 407 2163 ἐκφυγών
418 2076 473 2145 διδ
488 2075 550 2164 τὴν
560 2082 696 2146 ἐκείνων
707 2075 844 2163 ὄρχησιν
859 2073 938 2154 τοῦς
954 2076 1128 2163 πατρῴους

124 2176 277 2256 ὀδόντας·
299 2177 451 2255 ἐνόπλιος
465 2178 501 2245 δέ
516 2174 628 2245 αῦτῦν
646 2174 666 2264 ἡ
682 2174 813 2263 ὀρχησις
831 2168 892 2262 ἦν,
915 2172 955 2243 τά
976 2178 1053 2261 ξίφη
1068 2199 1127 2260 με-

123 2272 205 2355 ταξῦ
224 2272 438 2360 κροτούντων
456 2272 540 2360 πρός
559 2272 617 2353 τάς
637 2274 776 2354 ἀσπίδας
796 2278 850 2343 καί
869 2274 1055 2361 πηδώντων
1072 2277 1127 2341 ἐν·

123 2373 210 2443 θεόν
230 2400 260 2441 τι
280 2377 334 2441 καὶ
360 2372 550 2459 πολεμικόν.
581 2373 662 2459 μετά
685 2376 721 2441 δέ
740 2380 883 2461 Κρητῦν
908 2379 942 2442 οἱ
958 2373 1127 2461 κράτιστοι

125 2478 268 2559 ἐνεργῶς
278 2469 548 2557 ἐπιτηδεύσαντες
559 2470 639 2539 αύτδ
656 2472 783 2559 ἀριστοι
798 2468 951 2559 ὀρχησταὶ
963 2474 1125 2557 ἐγένοντο,

125 2569 186 2657 ούχ
197 2576 231 2639 οί
240 2575 366 2638 ίδιώται
376 2569 493 2654 μόνον,
508 2567 591 2638 ἀλλά
602 2573 657 2639 καὶ
668 2576 701 2639 ολ
709 2572 959 2658 βασιλικώτεροι
969 2572 1024 2638 καὶ
1035 2595 1127 2654 πρω-

124 2671 235 2739 τεύειν
249 2668 425 2749 ἀξιοῦντες.
448 2666 465 2735 ὁ
482 2667 718 2756 γοῦνὍμηρος
734 2667 794 2737 τόν
805 2670 984 2754 Μηριόνην
998 2664 1060 2733 ούκ
1075 2672 1128 2733 αί-

126 2775 244 2855 σχῦναι
255 2767 479 2853 βουλόμενος,
494 2765 577 2835 ἀλλά
589 2775 768 2855 κοσμῆσαι,
785 2764 948 2852 ὀρχηστὴν
959 2778 1126 2849 προσεῖπε,

126 2869 181 2935 καὶ
196 2865 303 2945 οὕτως
317 2864 381 2951 ἀρα
404 2872 506 2932 πᾶσιν
526 2869 683 2951 ἐπίσημος
698 2858 742 2951 ἦν
763 2865 819 2931 καὶ
836 2861 1001 2948 γνώριμος
1022 2862 1073 2927 ἐπὶ
1088 2866 1128 2947 τῇ

125 2963 317 3054 ὀρχηστικῇ,
334 2962 417 3031 ώστε
427 2962 487 3050 ούχ
502 2968 536 3031 oc
543 2961 698 3049 Ἕλληνες
712 2964 819 3049 μόνον
832 2967 934 3026 ταῦτα
948 2957 1126 3044 ἠπίσταντο

125 3065 200 3147 περὶ
217 3061 337 3145 αὐτοῦ,
362 3059 445 3130 ἀλλά
468 3062 523 3128 καὶ
547 3066 581 3128 οί
600 3068 713 3147 Τρώες
734 3058 827 3128 αῦτολ
847 3065 952 3126 καίτοι
977 3058 1126 3142 πολέμιοι

48 3171 54 3182 ’
127 3162 234 3240 ὄντες·
257 3160 371 3246 ἑώρων
384 3161 465 3247 γάρ,
483 3158 588 3245 οἶμαι,
604 3162 659 3227 καί
673 3158 735 3245 τὴν
745 3162 782 3227 ἐν
796 3164 841 3246 τῷ
853 3163 1007 3241 πολεμεῖν
1023 3152 1128 3221 αὐτοῦ

127 3262 319 3347 κουφότητα
343 3262 397 3327 καὶ
419 3257 626 3345 εὐρυθμίαν,
651 3256 694 3344 ἢν
719 3259 751 3336 ἐξ
777 3252 941 3341 ὀρχήσεως
964 3255 1125 3339 ἐκέκτητο.

127 3362 207 3445 φησὶ
221 3361 260 3426 δέ
272 3382 340 3436 πως
355 3349 420 3425 ὦδε
435 3354 475 3425 τά
490 3362 567 3443 ἐπη·
926 3442 991 3505 w*
