2575 3842
168 178 211 241 90
522 180 831 240 ΛΟΤΚΙΑΝΟΤ

168 337 289 418 ἀδίκως
300 338 381 408 αῦτδ
391 340 555 426 πάσχωσι·
570 340 625 406 καὶ
636 335 692 429 διά
701 345 798 405 τοῦτο
810 336 872 405 ούκ
882 341 1065 423 ἐλευθέραν
1074 340 1174 421 ἐφήκε

168 444 345 522 γίγνεσθαι
360 435 439 504 οῦδὲ
454 435 592 520 ἀκριτον
607 432 670 520 τήν
685 443 863 521 τιμωρίαν,
879 433 952 503 ἀλλ’
972 437 1004 514 ές
1019 432 1176 517 δικαστή-

169 559 243 620 ριον
258 536 393 603 ἐκάλεσε
408 536 463 602 καὶ
474 529 674 618 δοκιμαστὰς
688 533 826 600 ἐκάθισε
836 530 916 611 τούς
926 533 1007 619 μήτε
1022 528 1106 617 πρός
1117 526 1176 612 ὀρ-

166 631 232 717 γήν
242 634 323 717 μήτε
334 628 418 715 πρὸς
429 628 590 718 διαβολήν
599 627 635 697 τό
650 634 780 697 δίκαιον
791 636 1006 715 κρινοῦντας·
1028 623 1175 717 ήδειγὰρ

167 737 302 805 πολλοῖς
325 729 483 806 πολλάκις
506 726 650 812 ἀλόγους
673 734 777 806 αἰτίας
798 728 898 814 ὀργῆς
920 728 1176 812 παρισταμένας,

168 822 296 892 καὶτὸν
312 827 374 910 μὲν
388 830 507 906 ψευδεῖ
517 852 584 891 τινι
600 831 740 913 διαβολῇ
754 825 975 911 πειθόμενον,
995 821 1057 891 τόν
1075 820 1111 889 δέ
1125 825 1174 887 ολ·

167 924 245 1010 κέτη
258 924 454 989 πιστεύοντα
471 918 494 1008 ή
509 929 637 1012 γυναίῳ
654 924 773 1011 ἐχθρῷ.
797 920 1044 1007 οῦκοννήγεῖτο
1059 917 1176 985 ἀδίκα-

168 1040 247 1086 στον
261 1028 438 1106 γίγνεσθαι
457 1019 495 1088 τό
511 1029 648 1106 πρᾶγμα
670 1018 743 1087 οὐδ’
766 1024 798 1101 ἐξ
818 1019 940 1107 ἐρήμης
957 1015 1036 1095 τούς
1057 1019 1176 1090 παῖδας

168 1115 273 1195 εῦθύς
284 1116 490 1205 ἁλίσκεσθαι,
502 1115 585 1186 ἀλλά
597 1120 652 1187 καὶ
661 1116 753 1205 ῦδωρ
765 1122 902 1204 ἐγχεῖται
914 1119 969 1185 καὶ
980 1116 1079 1199 λόγος
1090 1110 1175 1179 ἀπο·

168 1217 293 1281 δίδοται
305 1217 360 1283 καὶ
371 1215 587 1296 ἀνεξέταστον
598 1214 699 1284 οῦδὲν
714 1224 951 1285 καταλείπεται.
975 1220 1004 1282 9.
1023 1213 1093 1281 ἐπεὶ
1106 1215 1175 1277 τοί-

166 1336 232 1376 νυν
248 1315 368 1397 ἔξεστι,
385 1316 440 1380 καὶ
454 1321 515 1379 τοῦ
529 1315 591 1398 μὲν
606 1315 758 1398 ἐγκαλεῖν
767 1315 877 1401 μόνου
894 1311 912 1380 ὁ
927 1309 1035 1396 πατὴρ
1046 1310 1175 1395 κύριος,

166 1414 226 1474 τοῦ
241 1422 352 1489 κρῖναι
368 1412 420 1494 δέ,
443 1416 475 1477 εί
488 1409 609 1495 εὔλογα
630 1417 790 1494 αἰτιᾶται,
812 1408 906 1494 ὑμεῖς
927 1414 960 1477 οἱ
976 1407 1173 1488 δικάζοντες,

166 1499 247 1569 αύτδ
264 1502 326 1589 μέν
344 1504 365 1570 ὅ
380 1531 437 1591 μοι
452 1508 600 1592 ἐπιφέρει
621 1510 676 1575 καὶ
693 1506 746 1594 ἐφ’
768 1500 796 1597 ᾧ
810 1514 877 1574 νῦν
896 1505 1090 1592 ἀγανακτεῖ,
1110 1529 1175 1589 μη-

167 1604 255 1666 δέπω
270 1616 437 1687 σκοπεῖτε,
453 1604 617 1690 πρότερον
635 1606 672 1671 δὲ
687 1608 792 1672 έκεῖνο
808 1604 994 1689 ἐξετάσατε,
1010 1608 1040 1670 εί
1054 1607 1101 1669 ἔτι
1116 1604 1176 1666 δο-

166 1699 242 1762 τέον
257 1694 500 1783 ἀποκηρύττειν
515 1699 605 1792 αὐτῷ
622 1699 709 1780 ἀπαξ
721 1699 969 1787 ἀποκηρύξαντι
984 1702 1038 1766 καὶ
1049 1717 1174 1785 χρησαυ

166 1795 255 1882 μένῳ
270 1799 310 1881 τῇ
331 1793 422 1879 παρὰ
442 1806 503 1864 τοῦ
526 1800 635 1884 νόμον
659 1802 790 1887 ἐξουσίᾳ
814 1800 869 1866 καὶ
895 1796 1176 1882 ἀποπληρώσαντι

99 1906 148 1963 167
168 1888 229 1976 τήν
240 1891 404 1980 πατρικήν
419 1897 544 1982 ταύτην
555 1901 771 1982 δυναστείαν,
790 1894 847 1963 εἶτ’
861 1887 962 1973 αὖθις
972 1892 1176 1978 ἀναλαβόντι

165 1988 221 2054 καὶ
240 1988 380 2056 λύσαντι
401 1991 463 2076 τήν
477 1989 692 2079 ἀποκήρυξιν,
726 1988 790 2077 έγοδ
807 1988 950 2077 μὲνγὰρ
971 1988 1175 2057 ἀδικώτατον

165 2082 252 2152 εἷναί
266 2111 351 2171 φημι
368 2084 405 2153 τό
421 2097 590 2176 τοιοῦτον,
617 2088 824 2176 ἀπεράντους
839 2095 995 2174 γίνεσθαι
1014 2094 1083 2155 τῶν
1096 2092 1171 2153 παί-

165 2189 234 2250 δων
248 2182 306 2262 τὰς
320 2193 477 2271 τιμωρίας
492 2192 546 2255 καὶ
563 2186 688 2265 πολλάς
701 2185 760 2265 τάς
774 2190 951 2264 καταδίκας
965 2183 1094 2253 καὶτὸν
1109 2184 1174 2270 φό-

164 2289 228 2368 βον
243 2280 353 2350 ἀίδιον
366 2286 421 2351 καὶ
436 2282 497 2352 τόν
511 2286 618 2370 νόμον
634 2284 710 2366 ἀρτι
724 2286 786 2370 μέν
803 2290 1075 2370 συνοργίζεσθαι,
1092 2279 1174 2369 μετά

164 2375 286 2464 μικρὸν
302 2381 339 2445 δὲ
358 2380 502 2447 λύεσθαι
518 2384 572 2449 καὶ
590 2382 693 2449 πάλιν
708 2380 828 2468 ὁμοίως
844 2380 982 2467 ἰσχυρόν
997 2378 1096 2462 εἶναι,
1118 2380 1173 2446 καὶ

165 2475 250 2553 όλως
270 2474 342 2543 ἀνω
359 2480 414 2546 καλ
433 2479 523 2547 κάτω
544 2483 749 2566 στρέφεσθαι
768 2479 808 2549 τά
826 2485 936 2548 δίκαια
958 2478 1043 2565 πρὸς
1061 2475 1097 2546 τό
1121 2479 1174 2544 ἐπὶ

163 2580 284 2658 καιροῦ
311 2579 437 2644 δοκοῦν
455 2580 629 2663 πατράσιν.
664 2577 748 2647 ἀλλά
775 2577 811 2646 τδ
838 2578 899 2665 μὲν
923 2584 1057 2662 πρῶτον
1079 2574 1174 2656 ἀξιον

163 2675 293 2757 ἐφιέναι
310 2674 365 2739 καὶ
380 2671 624 2758 ἀγανακτοῦντι
637 2692 904 2763 συναγανακτεῖν
918 2678 972 2745 καὶ
983 2676 1104 2761 κύριον
1116 2680 1174 2758 τη”ς

162 2777 320 2855 τιμωρίας
336 2786 443 2838 ποιεῖν
461 2770 521 2840 τόν
539 2775 778 2861 γεγεννηκότα,
799 2772 843 2862 ήν
860 2777 896 2843 δὲ
914 2772 1000 2853 ἅπαξ
1016 2771 1174 2860 ἀναλύση

163 2868 225 2956 τήν
239 2873 393 2949 ἐξουσίαν
413 2873 468 2939 καὶ
488 2874 730 2959 καταχρήσηται
748 2880 795 2964 τῷ
815 2873 907 2963 νόμφ
927 2873 981 2940 καὶ
997 2873 1174 2957 ἐμπλησθῇ

162 2977 219 3055 τῆς
233 2966 349 3056 όργής,
367 2968 435 3038 εἶτα
445 2967 526 3055 μετά
541 2978 644 3037 ταῦτα
657 2969 809 3059 άναλάβη
819 2968 963 3057 χρηστόν
978 2967 1062 3037 εἶναι
1073 2994 1174 3054 μετα-

164 3074 329 3151 πεισθείς,
345 3070 397 3136 ἐπὶ
411 3069 541 3135 τούτων
555 3066 684 3154 ἀνάγκη
700 3072 814 3154 μένειν
824 3069 879 3135 καλ
893 3070 1008 3153 μηκέτι
1025 3091 1174 3152 μεταπη-

164 3169 228 3232 δᾶν
244 3165 327 3250 μηδὲ
342 3166 649 3252 μεταβουλεύεσθαι
660 3169 743 3253 μηδὲ
758 3180 949 3252 μεταποιεῖν
966 3164 1028 3251 τήν
1044 3173 1172 3250 κρίσιν·

163 3270 224 3329 τοῦ
237 3265 299 3348 μὲν
313 3260 376 3347 γάρ
388 3261 448 3331 τόν
459 3269 667 3350 γεννηθέντα
683 3263 834 3351 πονηρόν
848 3260 869 3351 ή
883 3263 1028 3352 χρηστόν
1042 3262 1174 3351 ἀποβή-

163 3370 282 3428 σεσθαι
298 3358 415 3446 οὐδέν,
430 3360 536 3450 οἶμαι,
560 3366 735 3450 γνώρισμα
751 3358 810 3451 ήν,
833 3366 887 3431 καὶ
905 3362 960 3432 διά
975 3372 1074 3433 τοῦτο
1092 3360 1175 3444 τοὺς
