2575 3842
175 243 238 305 160
522 244 822 303 ΛΟΤΚΙΛΝΟΥ

174 410 346 488 Γλαῦκον,
365 400 427 489 τήν
444 407 613 471 Πολυίδου
627 402 809 489 μαντικήν,
825 399 885 469 τόν
902 405 1016 488 Τάλω,
1030 400 1091 469 τόν
1103 412 1189 488 χαλ·

105 515 157 570 297
177 507 262 567 κοῦν
272 509 329 587 τῆς
339 500 471 587 Κρήτης
482 506 674 584 περίπολον.
693 504 744 566 50.
761 496 826 566 κάν
838 505 883 578 εἰς
892 506 1058 569 Αἰτωλίαν
1069 505 1188 587 μετέλ-

175 607 250 684 θης,
266 596 363 667 κάκεϊ
373 595 509 684 πολλάή
523 596 656 682 ὄρχησις
666 598 925 684 καταλαμβάνει,
940 596 1001 683 τήν
1012 595 1185 681 Ἀλθαίαν,

174 693 234 762 τόν
251 699 466 783 Μελέαγρον,
483 693 545 780 τήν
565 693 780 780 Ἀταλάντην,
794 692 855 762 τόν
870 695 990 780 δαλόν,
1008 697 1063 763 καὶ
1079 719 1186 762 ποτα-

175 800 242 878 μοῦ
252 795 308 860 καὶ
316 790 516 884 ’ῌρακλέους
528 791 637 878 πάλην
649 792 703 859 καὶ
711 792 888 877 Σειρήνων
896 796 1029 878 γένεσιν
1038 795 1093 861 καὶ
1103 791 1186 877 Ἐχι-

175 889 290 956 νάδων
311 888 472 957 ἀνάδοσιν
490 891 544 957 καὶ
558 889 638 976 μετά
655 889 717 975 τήν
731 896 854 976 μανίαν
871 887 1075 976 Ἀλκμέωνος
1089 899 1186 974 οίκη-

175 1010 246 1056 σιν·
270 988 337 1057 εἶτα
353 993 487 1058 Νέσσον
500 992 554 1057 καὶ
566 995 768 1074 Δηϊανείρας
782 995 996 1075 ζηλοτυπίαν,
1012 987 1067 1075 ἐφ’
1085 981 1186 1077 ήτήν

103 1153 106 1160 .
175 1091 212 1156 έν
223 1097 305 1175 Οἴτη
316 1089 437 1170 πυράν.
462 1094 511 1156 51.
528 1094 592 1173 ἔχει
603 1090 658 1155 καὶ
670 1087 786 1177 Θρᾴκη
797 1085 903 1156 πολλά
913 1095 958 1178 τῷ
970 1086 1184 1176 ὀρχησομένῳ

175 1183 356 1271 ἀναγκαῖα,
377 1184 437 1252 τόν
452 1183 592 1270 Ὀρφέα,
609 1183 675 1259 ,τόν
690 1187 820 1252 ἐκείνου
835 1182 1033 1269 σπαραγμόν
1052 1185 1107 1251 καὶ
1120 1180 1185 1267 τήν

175 1283 279 1350 λάλον
293 1278 398 1350 αύτοῦ
413 1279 563 1368 κεφαλήν
577 1280 638 1367 τήν
650 1285 872 1350 ἐπιπλέουσαν
885 1288 925 1370 τῇ
936 1281 1038 1372 λύρηι,
1053 1282 1108 1348 καὶ
1122 1278 1184 1346 τόν

174 1375 284 1464 Αἶμον
308 1381 362 1446 καλ
383 1377 445 1463 τήν
465 1376 625 1463 Ῥοδόπην
646 1382 701 1446 καὶ
726 1376 787 1464 τὴν
805 1379 1009 1464 Λυκούργου
1032 1379 1182 1446 κόλασιν.

174 1482 224 1544 52.
240 1478 295 1544 καὶ
308 1481 472 1543 Θεσσαλία
484 1477 520 1541 δὲ
531 1481 578 1543 ἔτι
589 1482 690 1542 πλείω
701 1480 887 1561 παρέχεται,
900 1473 960 1543 τόν
969 1482 1106 1560 Πελίαν,
1121 1471 1183 1542 τόν

105 1589 157 1644 298
171 1570 317 1656 Ἰάσονα,
339 1570 600 1658 τήνἈλκηστιν,
621 1569 762 1641 πόντων
777 1573 983 1658 πεντήκοντα
1000 1576 1086 1641 νέων
1103 1571 1185 1640 στό-

174 1679 252 1754 λον,
281 1667 344 1754 τήν
364 1666 487 1754 Ἀργιό,
514 1666 575 1754 τήν
596 1667 701 1736 λάλον
719 1666 820 1754 αὐτῆς
840 1670 968 1756 τρόπιν.
1006 1675 1056 1738 53.
1081 1668 1121 1736 τοὶ
1143 1673 1180 1736 ἐι

174 1767 309 1857 Λήμνῳ,
327 1764 531 1853 τόνΑίήτην,
547 1764 606 1833 τόν
616 1770 767 1852 Μηδείας
781 1765 925 1852 ὄνειρον,
943 1765 1003 1835 τόν
1013 1765 1182 1851 Ἀψύρτου

174 1862 372 1951 σπαραγμόν
389 1867 444 1933 καὶ
461 1861 500 1932 τά
518 1866 615 1952 ἐντῷ
637 1863 801 1953 παράπλῳ
816 1865 998 1950 γενόμενα,
1024 1867 1079 1933 καλ
1098 1862 1180 1951 μετά

173 1968 276 2031 ταῦτα
290 1961 350 2030 τόν
360 1969 594 2049 Πρωτεσίλαον
606 1963 661 2029 καλ
672 1957 734 2046 τήν
745 1961 966 2048 Λαοδάμειαν.
989 1966 1041 2029 54.
1058 1957 1123 2030 κάν
1133 1969 1182 2041 είς

173 2059 236 2149 τήν
249 2059 360 2129 Ἀσίαν
375 2062 478 2128 πάλιν
494 2064 629 2146 διαβῇς,
652 2056 758 2125 πολλοὶ
774 2055 871 2125 κάκεῖ
883 2058 1048 2145 δράματα·
1075 2056 1096 2145 ή
1114 2058 1180 2147 γάρ

173 2161 289 2246 Σάμος
304 2156 409 2236 εύθύς
423 2159 478 2226 καὶ
496 2155 532 2224 τό
550 2155 790 2239 Πολυκράτους
803 2157 914 2234 πάθος
927 2159 982 2224 καὶ
997 2163 1054 2242 τῆς
1068 2167 1181 2243 θυγα-

172 2255 250 2342 τρός
265 2256 369 2323 αὐτοῦ
384 2257 477 2341 μέχρι
491 2261 633 2336 Περσων
647 2252 774 2338 πλάνη,
792 2250 896 2321 καὶτὰ
911 2259 958 2321 ἔτι
970 2252 1179 2341 ιἰρχαιότερα,

171 2353 192 2439 ή
208 2362 270 2419 τοῦ
285 2352 458 2420 Ταντάλου
474 2358 621 2437 φλυαρία
638 2353 693 2419 καὶ
708 2349 820 2437 ήπαρ’
833 2348 923 2442 αύτῷ
932 2359 1026 2420 θεῶν
1037 2354 1179 2433 ἑστίασις

173 2451 228 2517 καὶ
242 2447 262 2534 ή
275 2451 425 2526 Πέλοπος
438 2456 617 2534 κρεουργία
635 2452 690 2518 καλ
704 2447 722 2518 ὁ
737 2450 950 2536 ἐλεφάντινος
961 2443 1048 2536 ὦμος
1061 2450 1177 2521 αὐτοῦ.

173 2552 223 2616 55.
240 2548 295 2613 καὶ
310 2548 349 2612 ἐν
359 2544 477 2634 Ἰταλίᾳ
493 2548 529 2614 δὲ
546 2545 562 2613 ὁ
584 2545 758 2630 Ἠριδανός
772 2552 826 2617 καὶ
841 2552 987 2617 Φαέθων
1003 2553 1056 2618 καλ
1072 2560 1177 2636 αίγει-

173 2672 227 2731 ροι
238 2642 380 2729 ἀδελφαὶ
391 2652 579 2731 θρηνοῦσαι
591 2645 818 2734 καὶήλεκτρον
828 2648 1043 2732 δακρύουσαι.
1062 2652 1111 2716 56.
1127 2658 1177 2716 εί-

172 2767 264 2812 σεται
280 2743 316 2810 δὲ
333 2741 350 2810 ὁ
364 2751 515 2823 τοιοῦτος
528 2745 654 2824 καὶτὰς
669 2744 861 2831 Ἑσπερίδας
875 2750 931 2816 καὶ
945 2745 1006 2814 τόν
1022 2743 1178 2832 φρουρὰν

100 2862 155 2926 299
173 2851 231 2930 τῆς
243 2849 367 2929 χρυσῆς
383 2839 516 2928 ὀπωρας
531 2844 697 2925 δράκοντα
711 2848 766 2912 καὶ
779 2844 839 2912 τόν
850 2843 1028 2924 ’Ἀτλαντος
1046 2846 1177 2931 μόχθον

172 2945 226 3011 καὶ
237 2940 296 3009 τὸν
306 2941 485 3028 Γηρυόνην
497 2943 551 3011 καὶ
561 2940 623 3028 τήν
638 2946 670 3023 ἐξ
687 2941 860 3031 Ἐρυθείας
870 2951 984 3013 ἔλασιν
996 2952 1063 3013 τῶν
1074 2953 1175 3032 βοῶν.

171 3045 221 3109 57.
234 3037 296 3108 ούκ
305 3038 460 3127 ἀγνοήσει
471 3043 507 3107 δὲ
517 3043 571 3108 καὶ
580 3039 639 3121 τάς
649 3041 797 3128 μυθικὰς
807 3045 1079 3131 μεταμορφώσεις
1087 3042 1176 3112 ἁπά-

171 3158 247 3223 σας,
274 3135 352 3205 όσαι
373 3142 419 3215 είς
435 3139 557 3221 δένδρα
574 3135 596 3226 ή
615 3149 720 3227 θηρία
739 3138 761 3227 ή
784 3141 885 3227 όρνεα
906 3143 1101 3231 ήλλάγησαν
1121 3148 1176 3212 καὶ

171 3234 248 3304 όσαι
259 3239 295 3302 ἐκ
309 3243 481 3320 γυναικοῖν
492 3237 611 3324 ἄνδρες
626 3243 796 3326 ἐγένοντο,
811 3238 871 3308 τόν
881 3247 1008 3311 Καινέα
1020 3246 1105 3329 λέγω
1120 3245 1177 3310 καὶ

170 3331 231 3400 τόν
249 3341 421 3420 Τειρεσίαν
436 3338 491 3405 καὶ
504 3335 583 3415 τούς
596 3337 775 3416 τοιούτους.
799 3343 849 3407 58.
865 3345 920 3407 καὶ
934 3344 971 3408 ἐν
982 3347 1123 3429 Φοινίκη
1139 3342 1176 3409 δὲ

171 3431 322 3515 Μύρραν
333 3434 387 3499 καὶ
394 3430 432 3500 τό
445 3430 619 3520 Ἀσσύριον
630 3439 737 3504 έκεῖνο
748 3438 874 3515 πένθος
883 3441 1109 3526 μεριζόμενον,
1120 3465 1175 3508 και
