2575 3842
171 142 232 204 τεο
509 139 832 220 [Λουκιλνου]

170 301 374 386 Σωκράτους
395 302 502 369 έκεῖνο
523 305 671 387 ἔγκλημα
691 309 815 368 παθεῖν
842 296 887 367 ἀν
907 298 951 379 ὥς
972 305 1183 386 διαφθείρων

169 398 210 468 τά
221 398 385 485 μειράκια.
401 400 469 467 ἐπεὶ
481 396 517 465 δὲ
525 400 580 465 καὶ
591 402 636 476 είς
646 396 682 465 τό
693 396 846 484 ἀγένειον
854 398 996 486 μάλιστα
1007 396 1182 482 ἐσκώφθη,

169 498 347 584 χαριέντως
360 504 476 582 τοῦτο,
501 492 544 574 ὡς
560 502 647 581 γοῦν
662 493 761 582 ᾤετο,
783 497 1025 582 προσέρριψεν·
1057 500 1101 563 Εἰ
1117 491 1182 580 γάρ

101 615 153 670 358
172 593 237 663 ἀπὸ
253 596 431 681 πώγωνος,
448 601 529 680 ἔφη,
543 597 668 682 βαθέος
678 600 855 678 κρίνεσθαι
866 595 936 662 δέοι
947 591 1027 672 τούς
1041 601 1183 679 φιλοσο-

172 700 337 781 φοῦντας,
351 689 412 759 τδν
429 691 554 780 τράγον
569 687 613 759 ἀν
628 691 837 778 δικαιότερον
852 697 1078 778 προκριθῆναι
1094 690 1183 756 πάν-

170 818 247 860 των.
271 796 321 858 10.
337 792 374 857 ἐν
388 789 496 880 τούτῳ
510 796 618 874 τρίτος
629 788 729 869 ἀλλος
742 790 965 875 παρεστύς-
974 786 1013 856 τὰ
1027 789 1064 857 δὲ
1074 787 1184 874 ὄνομα

172 894 209 958 ἐν
224 886 350 974 ἀφανεῖ
359 893 486 955 κείσθω
499 927 541 938 -
558 890 623 956 Καὶ
637 887 722 974 μήν,
741 893 821 974 ἔφη,
841 878 868 954 ιά
884 883 1004 972 ἀνδρες
1018 891 1182 970 δικασταί,

172 983 284 1054 οῦτοσὶ
306 983 398 1063 ὁτάς
418 986 571 1071 γνάθους
587 994 674 1064 λεῖος
691 989 746 1054 καὶ
766 983 803 1053 τδ
826 983 971 1072 φάνημα
990 997 1183 1069 γυναικεῖος

170 1087 225 1153 καὶ
233 1080 273 1150 τά
283 1081 367 1152 ἀλλα
377 1081 528 1174 εὐνούχῳ
539 1082 655 1162 έοικάς
664 1090 695 1152 εί
702 1081 918 1169 ἀποδύσαιτο,
928 1083 1021 1151 πάνυ
1029 1081 1184 1166 ἀνδρεῖος

170 1181 251 1269 ὑμῖν
268 1197 436 1268 φανεῖται·
460 1188 490 1250 εί
505 1183 541 1250 δὲ
552 1181 597 1269 μή
609 1184 792 1265 ψεύδονται
807 1186 843 1250 ολ
854 1183 930 1269 περὶ
943 1179 1048 1249 αῦτοῦ
1062 1182 1184 1265 λέγον-

170 1307 238 1366 τες,
255 1281 308 1348 καὶ
327 1277 441 1366 μοιχὸς
456 1282 542 1349 ἑάλω
557 1283 652 1365 ποτέ,
673 1278 719 1359 ὥς
735 1279 753 1348 ὁ
770 1278 859 1361 ἀξων
874 1287 993 1366 φησίν,
1016 1276 1129 1365 ἀρθρα
1144 1278 1183 1342 έν

171 1376 312 1463 άρθροις
329 1384 430 1464 ἔχων·
457 1376 541 1446 ἀλλά
557 1378 632 1445 τότε
652 1379 714 1464 μὲν
734 1380 768 1456 ές
787 1374 847 1444 τάν
865 1373 1029 1461 εὐνοῦχον
1046 1370 1181 1459 ἀναφυ-

170 1472 242 1559 γῦν
259 1477 313 1541 καὶ
324 1483 423 1542 τοῦτο
437 1472 672 1560 κρησφύγετον
687 1471 868 1561 εὑρόμενος
879 1470 1022 1558 ἀφείθη,
1038 1469 1182 1556 ἀπιστη-

170 1571 303 1638 σάντων
314 1575 353 1657 τῇ
364 1575 546 1656 κατηγορίᾳ
560 1574 627 1634 τάν
639 1569 714 1635 τότε
730 1573 897 1638 δικαστῶν
910 1568 978 1638 ἀπό
992 1596 1030 1657 γε
1045 1575 1102 1654 τῆς
1113 1595 1182 1654 φα-

170 1673 271 1749 νεράς
291 1665 413 1747 ὄψεως·
445 1674 512 1733 νῦν
535 1664 570 1734 δὲ
592 1660 658 1732 κάν
678 1671 910 1758 παλιυφδήσαί
929 1695 986 1755 μοι
1007 1672 1101 1734 δοκεῖ
1119 1670 1180 1732 τοῦ

171 1766 394 1850 προκειμένου
409 1771 537 1850 μισθοῦ
559 1767 664 1832 ἕνεκα.
701 1769 751 1832 11.
775 1766 904 1832 τούτων
926 1762 967 1852 δή
991 1767 1179 1850 λεγομένων

171 1859 262 1949 παρά
277 1862 413 1930 πάντων
426 1862 489 1949 μὲν
502 1866 605 1949 γέλως
622 1863 786 1950 ἐγίγνετο,
806 1859 849 1941 ὡς
865 1860 903 1930 τὸ
921 1860 1017 1942 είκός.
1040 1861 1182 1948 Βαγώας

171 1960 207 2028 δὲ
221 1966 349 2046 μᾶλλον
360 1961 553 2047 ἐταράττετο
565 1963 620 2029 καὶ
629 1975 785 2038 παντοῖος
795 1953 840 2046 ἦν
851 1963 883 2038 ές
897 1966 1000 2046 μυρία
1013 1959 1184 2045 τραπόμε-

170 2086 229 2138 νος
248 2060 403 2147 χριόματα
421 2063 476 2129 καὶ
492 2066 609 2150 ψυχρῷ
628 2066 675 2150 τῷ
695 2063 809 2147 ίδρῦτι
830 2058 1005 2146 ῥεόμενος,
1028 2058 1084 2125 καὶ
1103 2057 1183 2123 οὔτε

172 2165 478 2245 συγκατατίθεσθαι
492 2166 538 2248 τῷ
553 2160 628 2242 περὶ
642 2167 701 2243 τῆς
713 2165 859 2245 μοιχείας
880 2155 1055 2243 ἐγκλήματι
1072 2161 1183 2233 καλῶς

171 2263 256 2343 ἔχειν
274 2257 355 2348 ᾤετο
371 2255 448 2325 οῦτε
463 2255 596 2342 ἀχρεῖον
610 2254 701 2348 αὑτῷ
713 2254 775 2343 τήν
789 2261 992 2346 κατηγορίαν
1007 2254 1133 2340 ταύτην
1146 2257 1183 2334 ἐς

169 2353 230 2421 τόν
246 2356 396 2440 παρόντα
411 2353 526 2440 ἀγῶνα
540 2351 651 2441 ἡγεῖτο
666 2353 761 2422 εἶναι.

254 2459 401 2520 ΠΑΜΦ.
424 2459 560 2539 Γελοῖα,
585 2444 768 2536 ἀΛυκῖνε,
794 2448 839 2529 ὡς
856 2448 991 2537 ἀληθοῦς
1008 2458 1111 2520 ταῦτα
1126 2454 1185 2519 καὶ

171 2555 280 2618 ἔοικεν
294 2547 336 2617 οῦ
348 2548 409 2636 τήν
420 2556 588 2635 τυχοῦσαν
600 2547 680 2637 ύμῖν
695 2547 870 2638 διατριβήν
881 2557 1120 2636 παρεσχῆσθαι.
1142 2549 1182 2616 τὸ

170 2645 202 2716 δ’
219 2641 283 2716 οὖν
297 2649 389 2726 τέλος
402 2655 435 2716 τί
448 2650 578 2734 ἐγένετο
594 2651 649 2717 καὶ
667 2657 736 2728 πῶς
751 2654 904 2734 ἔγνωσαν
918 2645 1004 2735 ὑπὲρ
1019 2644 1131 2715 αὐτῶν
1149 2654 1186 2715 οί

170 2751 323 2816 δικασταί
327 2777 336 2830 ;

100 2867 152 2922 359
256 2852 305 2916 12.
328 2852 428 2914 AYK.
454 2843 522 2931 Ούχ
540 2843 712 2933 ὁμόψηφοι
728 2845 850 2924 πάντες
862 2839 968 2931 ἦσαν,
984 2842 1058 2913 ἀλλ’
1073 2849 1107 2913 οί
1119 2849 1183 2931 μὲν

168 2943 286 3033 ἠξίουν
307 2941 541 3024 ἀποδύσαντας
561 2941 666 3012 αῦτδν
687 2943 798 3029 ὥσπερ
821 2942 900 3023 τοῦς
920 2941 1183 3030 ἀργυρωνήτους

170 3047 378 3128 ἐπισκοπεῖν,
403 3048 434 3112 εί
452 3043 590 3111 δύναιτο
607 3052 806 3131 φιλοσοφεῖν
823 3045 863 3112 τά
884 3071 923 3130 γε
937 3042 1021 3129 πρὸς
1034 3050 1103 3111 τῶν
1120 3042 1184 3129 ὄρ-

168 3169 273 3231 χεων·
296 3148 331 3212 οί
344 3143 381 3211 δὲ
396 3147 443 3210 ἔτι
456 3141 665 3230 γελοιότερον
676 3145 992 3229 μεταστειλαμένους
1005 3140 1099 3220 τινάς
1112 3150 1183 3210 τῶν

170 3246 203 3324 ἐξ
236 3243 413 3328 οἰκήματος
439 3248 611 3327 γυναικῶν
639 3240 790 3309 κελεύειν
815 3236 921 3308 αῦτὸν
948 3255 1099 3310 συνεῖναι
1125 3245 1183 3310 καὶ

169 3336 317 3422 ὀπυίειν,
333 3343 393 3405 καί
403 3364 478 3405 τινα
492 3346 560 3405 τῶν
575 3342 741 3406 δικαστῶν
754 3334 815 3405 τὸν
828 3338 1061 3426 πρεσβύτατόν
1076 3365 1111 3407 τε
1125 3345 1181 3409 καὶ
