2575 3842
160 150 223 212 164
513 148 824 207 ΑΟῬΚΙΑΝΟΥ

158 336 218 394 ρας
232 307 307 390 ἇρτι
320 308 382 394 μὲν
393 306 540 392 Ἀθάμας
554 307 726 393 μεμηνώς,
741 304 816 387 ἇρτι
832 306 870 372 δὲ
881 303 954 374 Ἰνῶ
969 306 1167 391 φοβουμένη

157 410 344 490 δείκνυται,
361 410 416 473 καὶ
432 405 549 473 ἄλλοτε
561 401 694 488 Ἀτρεύς
708 402 727 470 ὁ
742 401 860 488 αύτύς,
877 406 932 471 καὶ
948 401 1030 488 μετά
1043 398 1167 487 μικρὸν

159 507 323 590 Θυέστης,
351 502 420 570 εἶτα
441 513 603 588 Αἴγισθος
624 499 646 586 ἢ
665 501 821 586 Ἀερόπη·
857 504 1037 568 καὶταῦτα
1056 499 1167 564 πάντα

158 598 204 682 εἷς
225 601 408 686 ἅνθρωπός
431 604 508 668 ἐστι.
544 607 596 670 68.
620 598 661 666 τὰ
681 600 744 686 μὲν
765 591 830 666 ούν
843 597 928 666 ἄλλα
942 599 1095 683 θεάματα
1113 597 1168 667 καὶ

158 697 352 784 ἀκούσματα
367 695 441 775 ἑνὸς
455 698 596 764 ἑκάστου
607 703 710 782 ε’ργον
721 695 783 781 τὴν
796 699 954 773 ἐπίδειξιν
964 701 1044 780 ἔχει·
1065 691 1087 779 ἢ
1102 690 1168 779 γὰρ

158 793 261 874 αύλύς
281 791 406 881 έστινῆ
424 790 589 880 κνθάραῆ
612 791 668 860 διά
685 801 801 880 φωνης
821 797 966 882 μελῳδία
986 788 1007 877 ἦ
1027 788 1167 876 τραγικὴ

159 888 441 981 δραματουργίαῆ
456 890 584 977 κωμικὴ
599 898 834 977 γελωτοποιία·
861 888 880 957 ὁ
897 887 1110 976 δὲύρχηστὴς
1125 886 1167 954 τά

158 991 268 1058 πάντα
283 995 348 1075 ἔχει
364 988 556 1075 ξυλλαβών,
580 991 634 1056 καὶ
650 995 758 1055 ἔνεστι
773 997 929 1073 ποικίλην
943 989 997 1054 καὶ
1016 991 1167 1071 παμμιγῆ

157 1085 221 1175 τὴν
241 1084 459 1173 παρασκευὴν
480 1084 585 1153 αὐτοῦ
603 1091 703 1172 ἰδεῖν,
725 1085 849 1170 αύλόν,
872 1087 1032 1172 σύριγγα,
1053 1087 1169 1150 ποδῶν

158 1185 305 1268 κτύπον,
319 1186 495 1271 κυμβάλου
512 1185 642 1269 ψόφον,
660 1183 846 1269 ὑποκριτοῦ
861 1183 1049 1269 εὐφωνίαν,
1059 1179 1169 1268 ,ᾀδόν-

159 1310 227 1351 των
243 1281 449 1369 ὁμοφωνίαν.
472 1288 523 1350 69.
542 1288 589 1350 ἔτι
604 1280 695 1349 δὲτὰ
712 1282 774 1368 μὲν
790 1280 874 1349 ἄλλα
887 1283 1035 1362 θατέρου
1049 1286 1118 1346 τῶν
1132 1281 1170 1344 έν

160 1390 206 1472 τῷ
222 1379 395 1469 ἀνθρώπῳ
410 1387 489 1464 ἔργα
507 1382 577 1446 ἐστί
581 1432 590 1464 ,
613 1378 730 1464 τὰμὲν
745 1387 866 1464 ψυχῆς,
887 1376 927 1445 τὰ
944 1379 980 1445 δὲ
1001 1377 1169 1462 σώματος·

160 1484 198 1548 έν
220 1479 256 1546 δὲ
271 1485 311 1566 τῇ
332 1476 465 1563 ὀρχήσει
486 1474 660 1562 ἀμφύτερα
677 1478 907 1562 συμμέμικται.
939 1478 995 1543 καὶ
1014 1473 1078 1559 γὰρ
1095 1478 1173 1540 δια-

161 1584 254 1654 νοίας
269 1580 426 1654 ἐπίδειξιν
446 1572 487 1640 τὰ
505 1574 689 1659 γιγνόμενα
705 1580 769 1659 ἔχει
785 1576 840 1642 καὶ
859 1579 1047 1658 σωματικῆς
1062 1569 1172 1656 άσκή-

162 1692 245 1750 σεως
263 1674 448 1758 ἐνέργειαν,
470 1669 507 1738 τδ
526 1671 562 1740 δὲ
581 1673 738 1757 μέγιστον
752 1672 773 1758 ἡ
789 1681 890 1758 σοφία
904 1679 972 1739 τῶν
988 1674 1172 1756 δρωμένων

161 1769 216 1836 καὶ
232 1770 336 1854 μηδὲν
354 1774 415 1849 ἔξω
434 1769 548 1854 λόγου.
581 1776 762 1856 Λεσβῶναξ
782 1777 868 1855 γοῦν
887 1769 905 1838 ὁ
928 1777 1171 1854 Μυτιληναῖος,

161 1863 248 1952 ἀνὴρ
260 1864 360 1944 καλὸς
375 1870 429 1935 καὶ
441 1865 579 1952 ἁγαθός,
595 1869 816 1953 χειροσόφους
826 1865 906 1947 τοὺς
917 1864 1077 1956 ὀρχηστὰς
1088 1864 1168 1932 ἀπε·

162 1964 256 2035 κάλει
268 1965 321 2032 καὶ
332 1962 383 2052 ᾔει
395 1966 447 2033 ἐπὶ
459 1964 520 2051 τὴν
530 1969 615 2032 θέαν
625 1964 737 2032 αὐτῶν
750 1962 793 2044 ὡς
803 1972 943 2052 βελτίων
952 1963 1169 2049 ἀναστρέψων

93 2084 144 2140 306
164 2062 228 2132 άπδ
247 2071 307 2130 τοῦ
327 2064 485 2152 θεάτρου.
524 2064 731 2150 Τιμοκράτης
753 2061 824 2133 δὲὸ
846 2066 1043 2142 διδάσκαλος
1064 2062 1170 2130 αύτού

163 2162 245 2232 ίδῶν
267 2186 346 2229 ποτε
367 2160 469 2247 άπαξ,
496 2161 557 2229 οὐκ
573 2164 756 2247 ἐξεπίτηδες
777 2163 926 2249 ἐπιστάς,
948 2161 1112 2250 ὀρχηστὴν
1130 2160 1170 2228 τῶ

163 2259 269 2327 αὑτοῦ
284 2267 462 2344 ποιοῦντα,
480 2263 564 2327 Οἴου
581 2285 637 2344 με,
663 2266 743 2345 ἔφη,
758 2261 925 2346 θεάματος
939 2259 960 2348 ἡ
975 2259 1057 2346 πρὸς
1071 2269 1171 2346 φιλο-

163 2367 287 2445 σοφίαν
303 2356 402 2437 αἰδῶς
417 2357 650 2445 ἀπεστέρηκεν.
675 2365 724 2428 70.
742 2367 771 2428 εί
784 2359 814 2427 δ’
833 2368 923 2428 ἔστιν
937 2359 1047 2447 άληθῆ
1064 2359 1172 2442 άπερὶ

164 2465 270 2542 ψυχῆς
288 2455 304 2524 δ
320 2457 464 2524 Πλάτων
477 2461 582 2542 λέγει,
597 2456 637 2524 τά
652 2467 726 2544 τρία
742 2462 825 2545 μέρη
840 2458 941 2546 αὐτῆς
954 2467 1062 2537 καλῶς
1077 2456 1095 2526 ὁ
1112 2457 1172 2542 ὀρν

163 2551 283 2641 χηστὴς
298 2557 464 2640 δείκνυσι,
480 2553 699 2640 ιδ’θυμικύν,
721 2555 802 2623 ὅταν
820 2553 1034 2643 ὀργιζόμενον
1049 2559 1168 2622 έπιδει-

164 2649 321 2736 παύηται,
342 2647 379 2717 τδ
396 2652 657 2737 ἐπιθυμητικόν,
679 2650 761 2720 ὅταν
778 2657 922 2743 ἐρῶντας
941 2652 1170 2740 ὑποκρίνηται,

163 2747 199 2818 τὸ
224 2746 429 2831 λογιστικόν,
455 2747 536 2816 ὅταν
560 2751 679 2816 ἕκαστα
707 2757 775 2818 τῶν
796 2759 918 2820 παθῶν
945 2757 1172 2839 χαλιναγωγῇ·

164 2853 262 2916 τοῦτο
278 2847 339 2932 μέν
356 2872 393 2932 γε
415 2848 451 2914 έν
472 2845 593 2916 ἅπαντι
611 2850 702 2933 μέρει
723 2856 780 2935 τῆς
796 2846 962 2936 ὀρχήσεως
981 2850 1136 2933 καθάπερ
1152 2842 1174 2934 ἡ

164 2939 232 3028 ἁφὴ
246 2945 283 3012 έν
294 2958 363 3022 ταῖς
375 2944 549 3031 αἰσθήσεσι
562 2947 793 3031 κατέσπαρται.
814 2949 957 3025 κάλλους
969 2949 1005 3014 δὲ
1016 2952 1173 3032 προνοῶν

164 3043 291 3127 καὶτῆς
312 3045 349 3110 έν
363 3057 430 3122 τοῖς
449 3039 630 3129 ὀρχήμασιν
645 3041 845 3130 εὐμορφίας,
870 3051 903 3112 τί
915 3043 996 3112 ἄλλο
1015 3040 1088 3130 ἢτὸ
1112 3048 1173 3109 τοῦ

161 3135 406 3221 Ἀριστοτέλους
429 3141 647 3225 ἐπαληθεύει,
677 3137 713 3207 τὸ
739 3142 860 3219 κάλλος
881 3145 1096 3217 ἐπαινοῦντος
1118 3140 1174 3205 καὶ

149 3413 153 3420 ι
166 3332 206 3397 δέ
213 3355 303 3408 τινος
317 3334 371 3398 καὶ
383 3334 614 3416 περιττότερόν
624 3362 655 3403 τι
672 3339 932 3422 νεανιευομένου
943 3335 1026 3421 ὑπὲρ
1038 3345 1094 3420 τῆς
1106 3341 1169 3402 τῶν
