2575 3842
184 178 245 240 378
537 180 841 240 AOYKIANOY

270 346 401 408 ΑΛΕΚ.
425 340 479 405 Σύ
498 365 554 424 μοι
570 342 694 420 δοκεῖς,
717 329 930 421 ῶΜίκυλλε,
952 345 1074 426 κομιδή
1094 337 1206 406 ἀπαί-

185 442 301 514 δευτος
317 435 401 503 εἶναι
416 438 498 522 μηδὲ
513 435 738 522 ἀνεγνωκέναι
751 435 791 504 τά
801 435 948 523 Ὁμήρου
962 437 1152 523 ποιήματα,
1169 441 1210 504 έν

185 532 233 613 οἷς
249 538 303 602 καὶ
324 532 341 601 ὁ
358 541 419 601 τοῦ
437 532 604 619 Ἀχιλλέως
626 538 726 612 ἵππος
746 533 764 601 ὁ
780 536 915 612 Ξάνθος
935 535 1044 622 μακρά
1067 543 1208 622 χαίρειν

185 632 315 718 φράσας
332 640 378 719 τῷ
391 636 589 716 χρεμετίζειν
605 633 742 715 ἕστηκεν
758 634 795 698 ἐν
812 634 900 720 μέσην
911 639 958 720 τῷ
973 636 1109 723 πολέμφ
1125 637 1206 700 δια-

115 746 166 801 705
186 729 364 817 λεγόμενος
379 733 440 813 ἔπη
456 727 516 796 ὅλα
535 732 716 818 ῥαψῳδῶν,
739 727 800 814 οῦχ
816 727 927 813 ῶσπερ
947 727 1012 814 ἐγῶ
1028 739 1095 797 νῦν
1111 729 1206 796 ἄνευ
1266 754 1268 814 χ

184 835 253 895 τῶν
269 830 414 913 μέτρων,
438 825 521 894 ἀλλά
543 829 597 893 καὶ
618 824 815 912 ἐμαντεύετο
838 831 963 905 ἐκεῖνος
983 829 1038 894 καὶ
1057 825 1100 892 τὰ
1116 831 1204 912 με’λ-

184 935 286 994 λοντα
300 927 518 1008 προεθέσπιζε
529 926 583 992 καὶ
595 922 696 992 οῦδέν
709 952 740 992 τι
751 925 942 1008 παράδοξον
952 924 1059 991 ε’δόκει
1072 939 1198 1008 ποιεῖν,

184 1022 263 1091 οὐδὲ
276 1021 293 1089 ὁ
306 1020 443 1090 ἀκούων
453 1026 641 1091 ἐπεκαλεῖτο
655 1021 766 1108 ῶσπερ
777 1022 821 1090 οῦ
830 1021 892 1090 τὸν
901 1021 1100 1102 ἀλεξίκακον
1110 1021 1199 1089 ἀπο-
1266 1034 1267 1107 λ

184 1121 346 1207 τρόπαιον
359 1119 547 1207 ἡγούμενος
564 1119 602 1187 τό
620 1120 783 1206 ἄκουσμα.
804 1127 910 1188 καίτοι
925 1127 958 1187 τί
969 1115 1012 1184 ἀν
1026 1122 1196 1204 ἐποίησας,

185 1215 317 1302 είσοιὴ
340 1225 396 1303 τῆς
414 1217 549 1304 Ἀργοῦς
565 1220 681 1300 τρόπις
703 1219 863 1304 ἐλάλησεν
883 1214 1071 1302 ήΔωδῶνη
1093 1216 1197 1284 αῦτό-
1266 1230 1267 1299 λ

184 1340 297 1399 φωνος
321 1317 563 1402 ἐμαντεύσατο,
591 1313 613 1402 ή
640 1323 671 1383 εί
693 1317 821 1402 βύρσας
844 1314 926 1394 εἶδες
950 1317 1117 1402 ἑρπούσας
1140 1319 1195 1383 καὶ
1266 1318 1267 1355 ³

183 1419 275 1497 βοῶν
286 1417 366 1498 κρέα
378 1415 569 1498 μυιιῶμενα,
581 1412 743 1499 ἡμίεφθα,
755 1417 1025 1499 περιπεπαρμένα
1035 1428 1105 1492 τοῖς
1116 1411 1194 1499 όβε-
1266 1446 1267 1497 ι

184 1517 270 1589 λοῖς;
299 1507 362 1592 έγῶ
386 1512 422 1575 δὲ
442 1507 563 1596 Ἑρμοῦ
584 1510 750 1595 πάρεδρος
771 1507 820 1576 ῶν
839 1510 1036 1578 λαλιστάτου
1056 1512 1112 1577 καὶ
1135 1518 1194 1576 λο-
1266 1526 1267 1597 ἰ

184 1609 349 1692 γιωτάτου
363 1617 456 1676 θεῶν
471 1607 629 1678 ἁπάντων
645 1613 699 1677 καὶ
719 1603 823 1678 τάλλα
838 1608 1025 1696 ὁμοδίαιτος
1041 1607 1125 1694 ὑμῖν
1138 1611 1193 1676 καὶ

48 1706 376 1790 μ«κ·’”’“σύντροφος
391 1705 432 1773 οὐ
451 1716 599 1792 χαλεπῶς
621 1714 759 1794 ἔμελλον
776 1708 1027 1794 ἐκμαθήσεσθαι
1047 1705 1111 1792 τήν
1131 1705 1189 1773 ἀν·

184 1802 335 1889 θρῶπων
347 1805 475 1891 φωνήν.
500 1813 531 1874 εί
541 1806 577 1874 δέ
590 1805 809 1892 ἐχεμυθήσειν
819 1804 980 1890 ὑπόσχοιό
993 1830 1060 1890 μοι,
1076 1801 1140 1870 οῦκ
1150 1799 1190 1869 ἀι

117 1918 167 1974 706
187 1899 368 1987 ὀκνήσαιμί
379 1923 431 1970 σοι
449 1902 511 1990 τήν
530 1903 758 1990 ἀληθεστέραν
779 1908 888 1971 αἰτίαν
908 1908 1012 1969 εἰπεῖν
1031 1908 1088 1986 τῆς
1110 1898 1192 1985 πρὸς

185 1996 271 2084 ὑμᾶς
288 1996 479 2085 ὁμοφωνίας
493 2003 549 2070 καὶ
566 2000 650 2070 ὅθεν
663 1999 803 2086 ῦπάρχει
817 2027 873 2087 μοι
889 1997 976 2067 οὕτω
993 2008 1115 2066 λαλεῖν.

258 2102 287 2163 3.
301 2103 400 2165 ΜΙΚ.
411 2096 507 2167 Ἀλλά
517 2098 561 2184 μή
573 2099 702 2186 όνειρος
712 2101 767 2165 καὶ
775 2098 880 2164 ταῦτά
891 2100 990 2181 ἐστιν,
1000 2094 1193 2183 ἀλεκτρνῶν

186 2193 275 2262 οῦτω
285 2195 366 2279 πρός
377 2221 417 2281 με
429 2196 681 2282 διαλεγόμενος;
696 2197 765 2264 εἰπέ
775 2195 807 2261 δ’
820 2189 884 2262 οῦν
894 2193 1049 2282 πρόςτοῦ
1058 2194 1192 2280 Ἑρμοῦ,

187 2287 213 2360 ῶ
228 2298 391 2380 βέλτιστε,
416 2293 434 2361 ὅ
450 2321 481 2362 τι
503 2298 558 2363 καὶ
579 2295 659 2364 ἀλλο
676 2317 728 2362 σοι
743 2302 800 2379 τῆς
817 2303 932 2380 φωνῆς
946 2303 1063 2362 αῖτιον.
1094 2291 1138 2370 ῶς
1154 2295 1193 2360 δὲ

186 2393 394 2477 σιωπήσομαι
408 2397 462 2460 καὶ
478 2394 561 2478 πρὸς
575 2393 698 2462 οὐδένα
710 2399 790 2481 ἐρῶ,
804 2403 838 2462 τί
846 2416 883 2462 σε
896 2392 957 2480 χρὴ
971 2397 1129 2472 δεδιέναι;
1144 2401 1192 2472 τίς

186 2486 250 2573 γάρ
266 2484 309 2554 ἀν
325 2489 513 2556 πιστεύσειέ
525 2517 597 2577 μοι,
616 2501 650 2558 εῖ
660 2519 692 2559 τι
709 2497 886 2578 διηγοίμην
905 2487 951 2569 ῶς
970 2489 1192 2572 ἀλεκτρυόνος

186 2582 267 2652 αὐτὸ
282 2585 433 2662 εἰπόντος
448 2585 614 2673 ἀκηκοιός;

269 2690 401 2759 ΑΛΕΚ.
421 2683 542 2752 ’Ἄκουε
564 2694 690 2756 τοίνυν.
722 2687 991 2773 παραδοξότατόν
1015 2706 1068 2752 σοι
1089 2686 1191 2771 λόγον

187 2777 226 2851 εὖ
247 2782 310 2851 οἷδ’
339 2782 388 2850 ὅτι
411 2787 514 2871 λέγω,
543 2779 570 2852 ῶ
591 2794 764 2855 Μίκυλλε·
797 2785 910 2853 οὑτοσὶ
926 2783 990 2871 γὰρ
1013 2781 1030 2851 ὁ
1051 2791 1117 2850 νῦν
1138 2803 1191 2850 σοι

187 2881 379 2971 ἀλεκτρυῶν
394 2883 598 2969 φαινόμενος
613 2883 654 2952 οῦ
670 2882 736 2967 πρό
754 2890 880 2952 πολλοῦ
894 2883 1074 2969 ἀνθρωπος
1089 2875 1141 2968 ἦν.

272 2987 370 3050 ΜΙΚ.
391 2980 543 3049 ’Ἠκονσά
563 3010 595 3050 τι
615 2985 670 3050 καὶ
690 2981 791 3049 πόλει
812 2990 965 3049 τοιοῦτον
986 2980 1098 3067 ἀμέλει
1118 2985 1189 3067 περὶ

186 3078 282 3164 ὑμῶν
292 3077 335 3156 ῶς
346 3078 552 3166 Ἀλεκτρνῶν
561 3109 609 3158 τις
619 3087 793 3158 νεανίσκος
802 3087 899 3164 φίλος
909 3084 1039 3166 γένοιτο
1049 3078 1187 3169 τῶ’Ἀρει

186 3178 241 3242 καὶ
257 3181 412 3261 ξυμπίνοι
426 3186 471 3266 τῷ
488 3187 559 3268 θεῷ
575 3181 629 3245 καὶ
644 3178 849 3261 ξυγκωμάζοι
862 3181 917 3243 καὶ
932 3182 1110 3260 κοινωνοίη
1125 3183 1188 3242 τῶν

187 3276 369 3352 ἐρωτικῶν·
392 3270 491 3341 ὁπότε
506 3281 591 3361 γοῦν
607 3273 699 3342 ἀπίοι
719 3273 808 3359 παρὰ
826 3270 888 3358 τὴν
900 3271 1099 3358 Ἀφροδίτην
1116 3299 1186 3359 μοι-

185 3367 315 3450 χεύσων
335 3365 485 3455 ὁ”Αρης,
512 3371 695 3456 ἐπείγεσθαι
723 3373 777 3437 καὶ
798 3369 858 3437 τὸν
875 3372 1109 3454 Ἀλεκτρυόνα,
1137 3373 1186 3437 καὶ
