2575 3842
187 174 249 236 υο
529 170 855 249 [Λουκικαοη

272 340 442 400 ΘΕΟΜΝ.
467 333 532 398 Καὶ
552 328 619 417 μὴν
636 336 740 415 ἔγωγε
762 329 945 409 ἐπαναστάς
965 337 1066 398 ἐνθεν
1086 328 1193 399 άπαν-

187 428 283 515 τικρύ
301 434 511 514 καθεδούμαί
522 449 595 511 σου,
619 451 621 458 ’

314 530 470 612 δέγμενος
487 529 651 609 Αἰακίδην
668 522 766 592 ὁπότε
781 523 908 608 λήξειεν
923 523 1051 592 ἀείδων.

141 690 146 697 ,
186 625 229 694 σύ
248 625 278 691 δ’
294 622 373 711 ἡμίν
389 622 428 690 τά
445 623 545 690 πάλαι
561 627 638 690 κλέα
658 630 715 708 τῆς
733 623 890 706 ἐρωτικῆς
910 627 1072 707 διαφορᾶς
1086 633 1192 712 μελῳ-

187 728 241 810 δία
256 730 435 807 περαίνειν.

271 829 301 888 6.
324 826 421 887 ΛΤΚ.
442 815 510 887 Ἐπ’
526 817 664 886 Ἰταλίαν
675 842 731 902 μοι
746 825 841 884 πλεῖν
855 822 1082 908 διανοουμένῳ
1095 845 1193 903 ταχν-

187 925 336 986 ναντοῦν
352 915 480 1001 σκάφος
497 914 688 999 εὐτρέπιστο
707 915 838 980 τούτων
854 921 922 982 τῶν
942 914 1121 1000 δικρότων,
1147 909 1195 991 οἷς

187 1017 328 1103 μάλιστα
342 1022 487 1100 χρῆσθαι·
503 1015 666 1098 Λιβυρνολ
681 1017 840 1078 δοκοῦσιν
854 1018 955 1090 ἔθνος
966 1011 1068 1103 Ἰονίῳ
1080 1012 1194 1098 ’κόλπῳ

188 1113 450 1201 παρῳκισμένον.
485 1107 528 1186 ὡς
552 1107 583 1176 δ’
609 1111 707 1193 ἐνῆν,
729 1109 856 1186 πάντας
878 1112 1072 1194 ἐπιχωρίους
1092 1105 1194 1184 θεούς

116 1231 170 1284 404
190 1208 424 1296 προσκυνήσας
434 1211 560 1274 καλΔία
571 1209 679 1284 ξένιον
690 1209 767 1272 ἵλεω
777 1207 1038 1292 συνεφάψασθαι
1047 1215 1103 1291 τῆς
1113 1203 1193 1272 άπο-

188 1307 297 1394 δήμου
309 1311 477 1388 στρατείας
490 1303 766 1388 ἐπικαλεσάμενος
776 1300 833 1369 ἐπ’
845 1304 960 1382 άστεος
972 1302 1074 1393 όρικῳ
1089 1303 1194 1386 ζεύγει
1286 1300 1287 1367 3

188 1404 321 1491 κατῄειν
336 1404 386 1469 έπλ
401 1404 586 1469 θάλατταν·
611 1399 678 1466 εἶτα
695 1398 774 1478 τούς
791 1401 1069 1486 παραπέμποντας
1083 1425 1123 1484 με
1140 1403 1195 1464 δε·
1286 1394 1287 1415 ’

189 1502 391 1584 ξιωσάμενος
410 1539 455 1548 --
466 1497 648 1584 ἠκολούθει
663 1498 699 1564 δὲ
715 1501 864 1576 παιδείας
881 1494 1021 1582 λιπαρὴς
1036 1494 1146 1580 όχλος,
1163 1502 1197 1562 οἳ

189 1597 323 1680 συνεχὲς
332 1593 410 1680 ἡμῖν
422 1596 679 1680 ἐντυγχάνοντες
689 1591 835 1679 ἀνιαρῶς
847 1595 1078 1679 διεζεύγνυντο
1088 1634 1125 1643 -
1138 1600 1195 1677 τῆς

189 1694 343 1777 πρύμνης
360 1691 474 1779 ἐπιβάς
489 1692 587 1779 ἐγγύς
603 1689 748 1778 ἐμαυτόν
762 1694 882 1775 ἵδρνσα
897 1700 958 1758 τοῦ
975 1691 1192 1778 κυβερνήτου.

182 1793 244 1857 ,καί
261 1791 366 1878 ῥοθίῳ
388 1799 434 1879 τῷ
454 1797 522 1857 τῶν
542 1789 711 1874 ἐλατήροιν
731 1786 812 1873 μετά
828 1787 950 1874 μικρόν
973 1786 1037 1855 άπό
1061 1795 1117 1873 τῆς
1137 1795 1196 1872 γης

191 1886 408 1972 ἀναχθέντες,
431 1885 542 1974 ἐπειδὴ
558 1887 646 1972 μάλα
664 1888 719 1952 καὶ
739 1884 881 1952 κατόπιν
900 1883 985 1971 ἡμᾶς
1002 1888 1196 1971 ἐποίμαινον

191 1978 309 2069 αὖραι,
331 1982 391 2050 τόν
413 1981 506 2052 ίστόν
527 1988 562 2052 ἐκ
578 1992 645 2050 τῶν
659 1989 862 2069 μεσοκοίλων
879 1981 1016 2068 ἄραντες
1030 1989 1195 2071 καρχησίῳ

191 2081 227 2150 τό
242 2084 339 2165 κέρας
356 2089 647 2167 προσεστείλαμεν·
678 2078 735 2146 εἶτ’
753 2078 882 2164 άθρόας
898 2078 979 2146 κατά
1002 2088 1068 2146 τῶν
1083 2082 1197 2146 κάλων

189 2179 246 2258 τὰς
259 2177 383 2256 ὀθόνας
395 2181 562 2264 ἐκχέαντες
576 2177 681 2264 ἠρέμα
693 2180 925 2265 πιμπλαμένου
939 2185 1000 2245 τοῦ
1013 2186 1109 2246 λίνον
1122 2177 1194 2245 κατ’

190 2275 290 2345 οὐδέν
307 2276 395 2362 οἶμαι
412 2282 530 2364 βέλους
544 2278 691 2366 ἐλάττονι
706 2278 801 2365 ῥοίζῳ
818 2277 1018 2363 διιπτάμεθα
1032 2275 1120 2364 βαρύ
1135 2285 1196 2344 τού

190 2376 335 2460 κύματος
353 2373 637 2462 ὑποβρνχωμένον
654 2377 729 2458 περὶ
745 2373 806 2460 τὴν
823 2379 996 2459 σχίζουσαν
1011 2373 1091 2441 αὐτὸ
1104 2383 1196 2464 πρῳ-

190 2499 262 2557 ραν.
287 2477 314 2539 7.
332 2469 405 2538 ἀλλ’
428 2471 503 2557 άχε
524 2471 591 2559 μὴν
611 2476 647 2540 έν
664 2479 709 2561 τῳ
724 2470 844 2557 μεταξύ
865 2474 1027 2562 παράπλῳ
1048 2477 1196 2559 σπονδῆς
1286 2496 1287 2561 χ

188 2567 210 2656 ἢ
227 2573 359 2647 παιδιᾶς
371 2572 509 2655 ἐχόμενα
522 2574 723 2657 συνηνέχθη,
741 2569 856 2656 καιρός
869 2569 909 2637 ού
921 2571 1012 2637 πάνυ
1023 2571 1195 2657 μηκύνειν.
1286 2570 1287 2573 “

120 2697 172 2749 405
192 2667 235 2746 ὡς
251 2667 285 2735 δὲ
300 2676 356 2754 τῆς
371 2674 522 2748 Κιλικίας
538 2667 598 2755 τὴν
615 2676 739 2754 ἔφαλον
754 2667 951 2754 ἀμείψαντες
966 2670 1121 2754 εἰχόμεθα
1137 2677 1196 2735 τοῦ

189 2773 392 2852 Παμφυλίου
402 2767 746 2852 κόλπου,Χελιδονέας
756 2763 976 2849 ύπερθέοντες
985 2766 1046 2834 ούκ
1057 2765 1198 2853 άμοχθεὶ

189 2865 267 2942 τούς
286 2862 431 2948 εύτυχείς
448 2871 505 2949 τῆς
521 2873 663 2944 παλαιᾶς
678 2863 832 2942 Ἑλλάδος
849 2863 965 2949 ὅρους,
989 2865 1108 2954 ἑκάστη
1130 2874 1197 2933 τῶν

111 2993 116 3002 ’
191 2969 370 3030 Λυκιακῶν
386 2961 517 3029 πόλεων
533 2964 779 3048 ἐπεξενούμεθα
798 2961 923 3046 μύθοις
942 2959 981 3027 τά
1003 2962 1108 3031 πολλὰ
1124 2971 1197 3048 χαί-

192 3085 320 3148 ροντες·
341 3059 521 3147 οὐδὲνγὰρ
542 3064 578 3128 ἐν
599 3059 713 3138 αύταίς
732 3057 836 3142 σαφὲς
857 3057 1067 3146 εὐδαιμονίας
1081 3057 1195 3145 δρᾶται

191 3166 365 3239 λείψανον·
390 3158 462 3242 άχρι
474 3157 692 3244 τῆςἩλιάδος
703 3154 869 3241 ἁψάμενοι
880 3155 995 3225 Ῥόδον
1009 3158 1044 3226 τό
1062 3161 1197 3246 συνεχὲς

190 3263 250 3323 τοῦ
274 3253 395 3339 μεταξύ
416 3262 501 3321 πλοῦ
523 3259 745 3322 διαναπαῦσαι
768 3251 851 3339 πρὸς
874 3251 988 3340 ὀλίγον
1009 3260 1196 3345 ἐκρίναμεν.

191 3359 220 3420 8.
237 3357 272 3421 οί
282 3354 343 3440 μὲν
354 3347 416 3420 ούν
429 3355 534 3438 ἐρέται
545 3351 581 3420 τό
595 3353 723 3438 σκάφος
734 3358 850 3432 έξαλον
861 3355 893 3431 ές
904 3360 968 3438 γῆν
980 3353 1196 3424 ἀνασπάσαν-
