2575 3842
384 223 512 281 ΖΕΥΣ
533 223 818 284 ΤΡΑΓΩιΔΟΣ.
1043 221 1104 286 357

98 389 134 454 ἐν
147 391 191 476 τῷ
207 381 392 473 ὑπαιθρίῳ,
417 389 474 449 καί
486 407 577 460 τινας
599 387 748 468 βοῶντας
768 385 822 451 καὶ
839 387 1106 471 διατεινομένους

98 485 150 551 ἐπὶ
164 489 232 549 τῶν
243 472 362 547 θάκων
373 480 594 566 καθημένους.
619 479 752 558 εἰκάσας
764 473 826 569 ούυ
838 478 920 568 ὅπερ
932 475 990 569 ῆν,
1007 492 1105 570 φιλο-

98 581 226 666 σόφους
238 577 322 647 εἶναι
336 583 405 644 τῶν
419 578 591 662 ἐριστικῶν
602 577 748 663 τούτων,
765 579 957 665 ἐβουλήθην
972 578 1105 659 ἐπιστάς

97 676 239 745 άκοῦσαι
255 673 366 765 αύτῶν
384 672 405 741 ό
418 702 449 741 τι
469 676 524 742 καὶ
538 676 688 761 λέγουσι·
712 678 823 743 καλ-
838 675 1033 762 ἐτυχονγάρ
1049 705 1105 746 νε-

97 779 281 862 φέληντῶυ
292 780 437 859 παχειῶν
447 776 777 860 περιβεβλημένος-
792 781 991 860 σχηματίσας
1002 780 1106 861 ἐμαυ-

97 871 156 940 τὸν
174 878 219 951 είς
235 870 295 938 τόν
315 873 453 939 ἐκείνων
467 871 593 956 τρόπον
608 873 662 939 καλ
680 868 741 938 τόν
756 872 900 956 πῶγωνα
921 872 1105 939 ἐπισπασά-

97 997 196 1058 μενος
212 963 250 1037 εύ
267 970 354 1055 μάλα
369 967 485 1060 ἐρύκειν
503 969 694 1060 φιλοσόφῳ·
717 970 772 1036 καὶ
789 966 829 1055 δῆ
845 971 1105 1057 παραγκωνισά-

98 1093 197 1154 μενος
217 1065 294 1144 τούς
315 1063 459 1146 πολλούς
481 1069 666 1153 εἰσέρχομαι
687 1064 913 1153 ἀγνοούμενος
934 1065 1024 1146 ὅστις
1045 1060 1089 1152 ῆν

99 1163 243 1253 εὑρίσκω
258 1165 294 1230 δὲ
309 1162 369 1231 τόν
379 1162 607 1249 Ἐπικούρειον
618 1172 743 1251 Δάμιν,
759 1162 818 1232 τόν
834 1168 1033 1251 ἐπίτριπτον,
1051 1192 1106 1233 κατ

102 1263 264 1348 Τιμοκλέα
274 1259 334 1329 τόν
341 1261 504 1348 Στωϊκόν,
514 1259 649 1347 ἀνδρῶν
657 1264 837 1349 βέλτιστον,
848 1263 1003 1350 ἐκθύμως
1013 1263 1105 1330 πάνυ
1123 1274 1174 1329 661

98 1363 277 1446 ἐρίζοντας·
307 1358 323 1426 ὁ
348 1367 432 1446 γοῦν
456 1365 620 1445 Τιμοκλῆς
641 1361 696 1427 καὶ
716 1364 815 1447 ἵδρου
832 1364 887 1429 καὶ
907 1359 968 1448 τῆν
985 1359 1105 1448 φωνὴν

98 1458 159 1544 ῆδη
172 1460 363 1537 ἐξεκέκοπτο
378 1455 443 1524 ὑπὸ
456 1466 513 1544 τῆς
526 1464 622 1544 βοῆς,
638 1456 656 1525 ὁ
672 1465 781 1544 Δᾶμις
793 1457 829 1527 δέ
843 1457 904 1526 τόν
915 1458 1105 1546 σαρδάνιον

100 1555 315 1642 ἐπιμωκεύων
331 1562 377 1623 ἐτι
388 1562 515 1642 μᾶλλον
529 1557 705 1639 παρώξυνε
720 1553 780 1623 τόν
798 1562 969 1643 Τιμοκλέα.
996 1562 1044 1627 17.
1061 1551 1105 1644 ῆν

100 1656 134 1722 δὲ
148 1653 212 1739 άρα
228 1656 302 1735 περὶ
316 1651 411 1739 ῆμῶυ
428 1650 445 1719 ὁ
462 1660 527 1732 πάς
543 1656 640 1739 λόγος
655 1651 781 1733 αὐτοῖς·
806 1653 823 1722 ὁ
843 1658 904 1742 μὲν
922 1655 985 1743 γάρ
1003 1655 1105 1724 κατά-

101 1778 196 1837 ρατος
210 1759 319 1836 Δάμις
335 1749 410 1819 ούτε
421 1767 578 1836 προνοεῖν
589 1751 675 1840 ῆμάς
689 1759 813 1838 ἔφασκε
827 1762 894 1822 τῶν
910 1754 1104 1842 άυθρῶπωυ

100 1847 171 1917 οὔτ’
189 1852 380 1916 ἐπισκοπεῖν
396 1846 436 1916 τά
452 1847 612 1935 γινόμενα
628 1849 708 1936 παρ’
726 1851 853 1936 αὐτοῖς,
871 1851 973 1922 ούδέν
988 1853 1068 1924 άλλο
1084 1851 1106 1941 ῆ

98 1948 181 2034 μηδὲ
199 1944 283 2023 ὅλως
298 1943 382 2032 ῆμάς
399 1945 483 2014 εἶναι
496 1949 619 2032 λέγων·
642 1955 740 2015 τοῦτο
755 1946 820 2034 γάρ
837 1948 926 2039 αὐτῷ
943 1950 1067 2037 δηλαδῆ
1087 1951 1104 2018 ὁ

97 2048 196 2133 λόγος
210 2045 360 2113 ἐδύνατο.
390 2048 443 2115 καὶ
466 2038 553 2132 ῆσάυ
573 2073 661 2125 τινες
678 2053 713 2114 οἳ
731 2046 878 2136 ἐπῄνουν
900 2046 1012 2116 αύτόν.
1037 2047 1054 2116 ό
1073 2047 1104 2116 δ’

97 2147 208 2232 ἔτερος
228 2141 268 2211 τά
289 2141 430 2231 ἡμέτερα
450 2141 468 2211 ὁ
492 2150 658 2231 Τιμοκλῆς
673 2146 810 2231 ἐφρόνει
831 2148 886 2213 καὶ
907 2144 1106 2232 ὑπερεμάχει

97 2247 150 2314 καὶ
165 2242 344 2332 ῆγαυάκτει
362 2246 416 2312 καὶ
436 2243 545 2312 πάντα
560 2245 687 2330 τρόπον
703 2249 940 2332 ξυνηγωυίζετο
956 2243 1018 2330 τῆν
1035 2246 1107 2312 ἐπι-

99 2350 232 2431 μέλειαν
245 2341 341 2430 ῆμῶν
356 2346 502 2411 ἐπαινῶν
519 2345 574 2412 καὶ
591 2345 739 2431 διεξιόν,
762 2342 806 2423 ῶς
821 2347 857 2411 ἐν
874 2345 989 2435 κόσμῳ
1004 2347 1108 2412 τεκαὶ

98 2443 185 2523 τάξει
201 2449 240 2532 τῆ
260 2441 475 2532 προσηκούσῃ
493 2443 701 2532 ἐξηγούμεθα
722 2444 777 2512 καὶ
797 2444 1014 2530 διατάττομεν
1028 2446 1107 2510 ἕκα-

99 2563 174 2608 στα·
209 2543 263 2610 καὶ
285 2540 348 2628 εἶχε
369 2547 430 2629 μέν
452 2569 545 2622 τινας
566 2543 622 2611 καὶ
650 2540 749 2621 αύτὸς
776 2542 855 2622 τούς
877 2545 1106 2621 ἐπαινοῦντας.

99 2637 187 2726 πλῆν
199 2644 369 2727 ἐκεκμήκει
380 2641 445 2728 γάρ
455 2642 520 2728 ἤδη
532 2644 588 2711 καὶ
599 2643 754 2729 πονῆρως
766 2642 890 2727 ἐφῶνει
904 2645 958 2711 καὶ
972 2640 1009 2710 τό
1022 2649 1109 2726 πλῆ-

98 2749 162 2817 θος
172 2741 204 2815 ἐς
217 2736 276 2805 τόν
286 2747 399 2825 Δάμιν
414 2740 585 2827 άπέβλεπε.
610 2742 721 2816 συνεὶς
733 2740 768 2806 δὲ
781 2736 844 2824 ἐγῶ
857 2739 893 2806 τό
906 2739 1107 2807 κινδυνευό-
1126 2751 1178 2807 662

100 2862 203 2924 μενον
219 2834 280 2922 τῆν
299 2837 403 2904 νύκτα
418 2841 576 2907 ἐκέλευσα
596 2847 836 2923 περιχυθεῖσαν
850 2835 911 2923 τῆν
927 2841 1109 2917 ξυνουσίαν

100 2941 262 3004 διαλῦσαι.
286 2933 440 3022 ἀπῆλθον
456 2930 519 3004 ούν
535 2939 568 3014 ἐς
582 2934 644 3021 τῆν
661 2932 840 3020 ὑστεραίαν
862 2939 1060 3020 ξυνθέμενοι
1076 2937 1108 3013 ἐς

98 3040 190 3113 τέλος
216 3035 432 3120 ἐπισκοτῆσαι
454 3031 514 3101 τόν
534 3033 656 3119 λόγον,
680 3030 772 3118 κάγῶ
796 3041 1018 3119 παρομαρτῶν
1040 3046 1107 3111 τοῖς

99 3141 233 3212 πολλοῖς
250 3133 417 3219 ἐπῆκουον
433 3131 555 3218 μεταξύ
570 3130 740 3200 άπιόντων
757 3137 869 3199 οίκαδε
885 3130 967 3215 παρ’
985 3127 1108 3209 αύτούς

99 3233 330 3304 ἐπαινούντων
344 3228 383 3299 τά
399 3237 460 3298 τοῦ
472 3232 623 3317 Δάμιδος
635 3234 689 3300 καὶ
704 3233 767 3318 ῆδη
783 3229 871 3316 παρά
888 3227 974 3298 πολύ
991 3235 1108 3315 αίρου-

11 3349 13 3418 g
98 3337 210 3420 μένων
231 3330 272 3401 τά
298 3327 432 3398 ’κείνου
461 3323 549 3416 ῆσαν
570 3327 606 3398 δέ
629 3332 684 3399 καλ
710 3335 744 3398 οί
766 3328 810 3416 μῆ
833 3328 1001 3409 ἀξιοῦντες
1024 3354 1109 3414 προ-

12 3485 14 3492 .
100 3433 343 3517 κατεγνωκέναι
360 3436 427 3498 τῶν
445 3432 606 3498 ἐναυτίων
620 3424 703 3498 άλλά
723 3431 912 3517 περιμένειν
930 3438 963 3497 εί
971 3457 1002 3496 τι
1018 3431 1072 3497 καὶ
1089 3424 1108 3495 ὁ
