2575 3842
439 189 752 257 ΛΕΞΙΦΑΝΗΣ.
1041 192 1101 257 175

91 357 202 436 γελτοι
219 348 474 433 Μεγαλώνυμός
487 374 521 414 τε
535 349 553 416 6
570 353 744 436 δικοδίφης
758 353 813 420 καί
827 356 970 439 Χαιρέας
984 350 1003 422 6
1018 355 1102 439 χ’ρυ-

91 448 257 514 σοτέκτων
273 442 290 511 6
309 443 392 512 κατὰ
407 444 518 512 νοότου
536 453 685 526 ποικίλος
705 449 760 514 καί
781 445 798 514 6
816 445 1014 528 ὠτοκάταξις
1030 447 1101 519 Εὔ-

66 589 68 592 -
91 549 204 629 δημος.
237 540 329 628 κάγιδ
348 539 480 629 ἠρόμην
496 541 635 628 αὐτούς,
659 550 695 622 τί
711 545 879 623 παθόντες
899 543 960 626 ὀφέ
975 543 1098 632 ἥκοιεν.

91 640 109 708 6
127 641 188 726 μὲν
205 634 269 708 οὖν
283 642 441 725 Χαιρέας,
460 639 558 725 Ἐγώ,
574 635 596 726 ή
611 639 643 708 δ’
660 640 713 727 ὅς,
733 641 838 728 λῆρόν
852 669 926 709 τινα
938 643 1099 727 ἐκρότουν

91 742 145 806 καὶ
163 740 296 825 ἐλλόβια
314 741 369 805 καὶ
383 741 483 816 πέδας
498 745 538 827 τῇ
556 742 702 825 θυγατρὶ
717 747 757 830 τῇ
776 742 837 827 έμή
858 743 912 808 καί
929 738 983 807 διά
1000 747 1098 808 τοῦτο

92 833 172 921 ὑμῖν
189 838 389 913 ἐπιδείπνιος
404 833 554 920 ἀφῖγμαι.
584 833 665 922 Ἰδγω
680 841 732 922 δέ,
753 831 775 923 ή
790 835 821 905 δ’
840 835 877 918 ὃς
896 835 914 907 ὁ
931 840 1099 924 Μεγαλά-

92 957 213 1018 νυμος,
230 934 305 1016 περὶ
319 931 401 1001 ἀλλα
417 931 519 1018 εἶχον·
541 925 583 1018 ήν
597 931 734 1019 μὲνγὰρ
750 933 864 1014 ἀδικος
878 932 898 1023 ἡ
913 932 1037 1022 ἡμέρα,
1054 933 1099 1014 ως
1112 957 1168 1012 ’335

93 1040 178 1112 ίστε,
200 1030 254 1096 καὶ
276 1027 410 1115 ἄλογος·
443 1028 487 1107 ὡς
508 1025 552 1096 ἀν
574 1023 638 1097 οὖν
662 1033 872 1116 ἐχεγλωττίας
895 1029 998 1117 οὔσης
1020 1029 1098 1098 οὔτε

91 1131 300 1214 ῥησιμετρεῖν
314 1124 401 1211 εἶχον
418 1125 494 1193 οὔτε
514 1123 740 1215 ἡμερολεγδὸν
759 1125 804 1206 ὡς
818 1125 1097 1214 ὑδρονομεῖσδαι·

91 1224 285 1309 πυθόμενος
298 1223 334 1290 δὲ
350 1221 401 1291 ότι
417 1219 434 1290 6
449 1220 632 1309 στρατηγός
647 1222 746 1304 ὀπτός
760 1227 845 1310 έστι,
867 1223 982 1312 λαβων
994 1223 1098 1312 ἀχρη·

92 1341 152 1388 στα
175 1320 287 1405 ίμάτια
307 1318 443 1407 εὐήτρια
469 1322 524 1390 καὶ
544 1319 697 1408 ἀφόρητα
717 1320 914 1410 ὑποδήματα
934 1326 1097 1409 ἐξέφρησα

94 1416 247 1501 ἐμαυτόν.
272 1422 320 1483 10.
338 1414 396 1483 εἶτ’
408 1414 513 1496 εὐθὺς
527 1420 717 1504 ἐντυγχάνω
729 1419 881 1510 δᾳδούχῳ
891 1443 928 1486 τε
941 1421 996 1487 καὶ
1007 1425 1096 1505 ίερο-

92 1514 202 1602 φάντη
224 1516 366 1593 καὶτοῖς
386 1513 498 1594 ἀλλοις
521 1514 752 1602 ἀρρητοποιοῖς
770 1523 912 1585 Δεινίαν
932 1517 1097 1602 σύρουσιν

93 1610 200 1697 ἄγδην
215 1613 266 1681 ἐπὶ
277 1609 339 1697 τήν
351 1609 473 1699 ἀρχήν,
489 1618 634 1701 ἔγκλημα
645 1616 844 1701 ἐπάγοντας,
861 1612 912 1684 ότι
927 1612 1097 1701 ὠνόμαζεν

96 1706 228 1791 αὐτούς,
256 1709 429 1776 καὶταῦτα
448 1703 486 1776 εὖ
509 1709 603 1789 είδάς
625 1708 677 1778 ότι
700 1715 732 1791 ἐξ
755 1705 860 1797 οὗπερ
882 1709 1096 1796 ὡσιώθησαν,

91 1803 268 1889 ἀνάνυμοί
278 1806 316 1872 τέ
331 1812 393 1874 είσι
409 1809 464 1875 καὶ
480 1805 589 1876 οὐκέτι
605 1805 784 1894 ὀνομαστοὶ
799 1807 843 1886 ὡς
858 1803 901 1875 άν
916 1808 1098 1893 ίεροόνυμοι

91 1899 156 1987 ήδη
169 1903 394 1987 γεγενημένοι.
418 1903 527 1971 ἐκάλει
543 1902 574 1972 δ’
593 1897 657 1972 οὖν
671 1931 711 1990 με
731 1903 889 1991 τοῦνομα.
924 1903 997 1973 Οὐκ
1012 1905 1096 1990 οἶδα,

90 1991 136 2083 ήν
153 1995 184 2064 δ’
202 1999 285 2085 έγοό,
304 1997 344 2066 ὃν
358 2000 536 2086 λέγειςτὸν
551 2009 701 2070 Δεινίαν.
730 2001 859 2087 Ἔστιν,
884 1996 907 2088 ή
929 2000 961 2068 δ’
978 2001 1030 2086 ὅς,
1059 2005 1096 2068 ἐν
1114 2019 1165 2074 336

91 2107 159 2172 τοῖς
180 2102 383 2182 σκιραφείοις
401 2100 652 2184 έγκαψικίδαλος
672 2099 852 2185 ἄνθρωπος
868 2106 935 2167 τῶν
953 2098 1098 2184 αὐτολη-

91 2194 211 2261 κύθων
226 2196 358 2262 καὶτῶν
369 2193 646 2283 αὐτοκαβδάλων,
661 2197 712 2266 ἀεὶ
724 2205 886 2283 κουριῶν,
902 2200 1098 2282 ἐνδρομίδας

91 2290 322 2377 ὑποδούμενος
337 2288 359 2378 ή
374 2298 551 2380 βαυκίδας,
567 2293 824 2383 ἀμφιμάσχαλον
838 2304 931 2384 έχων.
965 2302 1008 2363 Τί
1021 2288 1095 2379 οὖν,

91 2385 135 2477 ἦν
150 2387 181 2456 δ’
198 2389 262 2474 έγά
271 2442 279 2474 ,
296 2394 420 2458 ἔδωκεν
431 2389 582 2478 ἀμηγέπη
598 2393 727 2481 δίκηνή
741 2394 801 2476 λάξ
815 2397 962 2482 πατήσας
977 2393 1096 2485 ᾤχετος

93 2492 158 2556 Καὶ
175 2486 242 2574 μὴν
262 2489 388 2569 έκεῖνός
402 2515 456 2576 γε,
480 2484 503 2578 ἦ
519 2488 549 2558 δ’
567 2491 620 2576 ός,
637 2491 655 2559 6
670 2497 750 2572 τέως
764 2496 1011 2581 σαυλούμενος,
1033 2491 1097 2580 ήδη

93 2587 233 2673 ἔμπεδός
254 2590 358 2656 ἐστιν·
390 2585 492 2674 ὁγὰρ
514 2591 696 2678 στρατηγός
715 2600 821 2661 καίτοι
843 2591 1098 2680 ἀτιμαγελοῦντι

92 2685 306 2771 καρπόδεσμά
324 2712 359 2753 τε
374 2685 462 2778 αὐτῷ
478 2692 627 2773 περιθεὶς
641 2692 695 2758 καὶ
710 2696 921 2777 περιδέραιον
937 2694 975 2760 έν
992 2694 1096 2758 ποδο-

92 2780 211 2860 κάκαις
221 2786 275 2870 καὶ
286 2786 528 2872 ποδοστράβαις
539 2790 693 2873 ἐποίησεν
705 2787 797 2856 εἶναι.
821 2789 904 2857 ὥστε
917 2792 953 2857 ἐν
965 2794 1096 2873 δεσμοῖς
1114 2805 1164 2862 337

95 2876 145 2948 σόν
160 2877 346 2968 ὑπέβδυλλέ
359 2909 393 2950 τε
409 2881 426 2950 ὁ
444 2890 657 2972 κακοδαίμων
671 2885 737 2954 ὑπό
754 2896 815 2955 τοῦ
830 2891 926 2966 δέους
944 2888 997 2954 καί
1013 2910 1097 2969 πορ-

93 2982 209 3059 δαλέος
219 2975 263 3068 ήν
273 2983 328 3049 καὶ
338 2983 487 3068 χρήματα
499 2982 662 3070 ἀντίψυχα
673 2985 803 3052 διδόναι
811 2983 943 3071 ἤθελεν.
964 2989 1013 3051 11.
1025 2980 1098 3066 Ἐμὲ

93 3083 142 3165 δέ,
159 3073 181 3165 ή
198 3079 229 3146 δ’
247 3078 283 3158 ὃς
299 3077 317 3147 6
333 3079 505 3167 Εὔδημος,
521 3079 588 3150 ὑπό
605 3080 641 3149 τό
654 3079 860 3168 ἀκροκνεφὲς
873 3088 1098 3168 μετεστείλατο

92 3186 267 3266 Δαμασίας
290 3178 307 3246 6
328 3181 429 3247 πάλαι
444 3180 507 3265 μὲν
522 3177 670 3266 ἀθλητὴς
686 3182 740 3247 καὶ
759 3184 957 3265 πολυνίκης,
981 3184 1047 3244 νῦν
1062 3177 1098 3245 δὲ

91 3273 154 3363 ήδη
175 3273 241 3344 ὑπὸ
263 3276 374 3362 γήρως
396 3280 534 3357 ἔξαθλος
559 3277 615 3345 ἀν.
655 3275 755 3345 οἶσθα
780 3271 842 3343 τόν
865 3281 1012 3360 χαλκοῦν
1039 3272 1098 3341 τόν

92 3377 215 3442 ἑστῶτα
232 3376 269 3440 έν
283 3381 322 3461 τῇ
339 3373 455 3464 ἀγορᾷ.
477 3375 584 3444 καὶτὰ
600 3377 662 3462 μέν
675 3376 802 3442 πέττων
816 3370 856 3440 τά
874 3376 908 3441 δὲ
925 3370 1013 3440 εὕων
1028 3377 1098 3443 διε*
