2575 3842
196 126 258 192 152
311 116 320 125 '
569 131 873 191 ΛονιιιΑαον

123 310 174 363 281
276 294 327 357 23.
347 284 464 373 Ὥστε,
480 278 706 375 ω’θαυμάσιε,
727 287 790 376 ὅρα
807 289 851 377 μή
867 290 1006 361 άνόσιον
1021 286 1043 383 ῇ
1057 318 1198 377 κατηγο·

195 399 267 467 ρεῑν
280 384 534 470 ἐπιτηδεύματος
554 392 652 453 θείου
669 411 704 452 τε
724 384 792 471 ἅμα
812 391 867 456 καὶ
889 398 1051 474 μυστικοῦ
1070 390 1125 457 καὶ
1141 413 1198 455 το-

194 483 326 560 σούτοις
342 492 436 559 θεοῖς
455 485 726 568 ἐσπουδασμένου
743 487 796 552 καὶ
817 488 868 554 ἐπὶ
885 494 962 575 τιμῇ
979 485 1089 555 αὐτόν
1110 490 1199 572 δρω-

194 583 299 666 μένου
319 582 374 647 καὶ
391 581 557 665 τοσαύτην
571 582 688 663 τέρψιν
709 579 777 667 ἅμα
796 584 851 649 καὶ
868 581 1006 651 παιδιὰν
1028 581 1198 667 ω’φέλιμον

194 680 431 763 παρεχομένου.
464 677 625 762 θαυμάζω
639 679 679 744 δέ
691 698 753 745 σου
767 676 917 765 κάκεῑνο,
943 679 1036 758 εἰδώς
1051 676 1197 764 Ὁμήρου

194 777 250 842 καὶ
260 773 418 842 Ἡσιόδου
434 774 575 860 μάλιστα
590 772 731 860 ἐραστήν
746 773 826 842 ὄντα
841 796 934 843 σε-
951 768 1050 853 αὖθις
1063 772 1128 859 γάρ
1146 774 1199 839 έπὶ

194 870 273 950 τούς
288 870 426 958 ποιητάς
446 874 598 958 ἐπάνειμι
615 914 651 923 -
668 880 737 951 πῶς
756 871 1042 961 ἀντιφθέγγεσθαι
1059 877 1199 949 ἐκείνοις

194 977 316 1058 τολμᾷς
332 967 397 1054 πρὸ
413 977 480 1037 τῶν
496 969 634 1037 πάντων
646 968 782 1056 ὄρχησιν
796 974 1006 1039 ἐπαινοῦσιν·
1026 968 1044 1038 δ
1060 968 1197 1056 μὲνγὰρ

194 1066 339 1155 ’Όμηρος
352 1064 392 1135 τά
408 1066 525 1155 ήδιστα
542 1071 597 1136 καὶ
616 1068 775 1136 κάλλιστα
792 1071 997 1154 καταλέγων,
1018 1066 1129 1135 ύπνον
1143 1067 1198 1133 καὶ

196 1166 355 1251 φιλότητα
368 1168 424 1233 καὶ
442 1164 574 1251 μολπήν
596 1168 650 1233 καὶ
666 1164 819 1252 ὄρχησιν,
844 1166 970 1251 ταύτην
985 1166 1094 1250 μόνην
1109 1161 1197 1249 άμύ-

194 1291 281 1349 μονα
299 1261 468 1350 ὠνόμασε,
488 1264 788 1351 προσμαρτυρήσας
802 1261 844 1349 νή
860 1270 928 1333 Δία
948 1265 1004 1331 καὶ
1024 1259 1060 1329 τδ
1076 1258 1142 1347 ῇδύ
1157 1266 1198 1347 τῇ

194 1369 319 1448 μολπῇ,
336 1358 421 1445 άπερ
437 1359 608 1445 ἀμφότερα
622 1367 664 1447 τῇ
679 1357 856 1449 ὀρχηστικῇ
870 1362 1042 1445 πρόσεστι,
1058 1359 1113 1425 καὶ
1128 1352 1197 1446 ᾠδή

194 1455 339 1544 γλυκεραὶ
357 1459 411 1525 καὶ
435 1454 603 1543 ὀρχηθμδς
624 1455 783 1543 άμύμωυ,
811 1456 852 1524 δν
873 1456 916 1525 σύ
932 1464 998 1525 νῦν
1017 1461 1196 1543 μωμᾶσθαι

195 1559 345 1632 ἐπινοεῖς.
368 1556 423 1621 καὶ
440 1553 542 1622 πάλιν
556 1557 593 1621 έν
607 1554 706 1643 ἑτέρῳ
723 1558 814 1641 μέρει
830 1562 885 1641 τῇς
902 1555 1079 1640 ποιήσεως·

124 1673 176 1727 282
298 1650 407 1742 ’Ἄλλῳ
424 1648 564 1737 μὲνγὰρ
582 1655 684 1719 ἔδωκε
699 1650 779 1729 θεὸς
794 1651 954 1737 πολεμήϊα
970 1656 1060 1735 ἔργα,

263 1769 266 1774 ’
300 1747 388 1840 άλλω
403 1748 434 1816 δ’
451 1746 616 1835 ὀρχηστύν
629 1774 665 1816 τε
681 1751 736 1817 καὶ
750 1749 947 1835 ἱμερόεσσαν
962 1746 1090 1833 άοιδήν.

194 1846 370 1933 ἱμερόεσσα
386 1844 450 1932 γάρ
466 1845 509 1925 ὡς
524 1844 659 1932 άληθῶς
672 1844 693 1934 ῇ
708 1844 778 1933 μετ’
796 1845 960 1934 ὀρχήσεως
975 1842 1042 1936 ᾠδή
1061 1846 1116 1913 καὶ
1131 1847 1192 1910 δῶ-

194 1969 256 2028 ρον
269 1950 363 2011 θεῶν
375 1952 473 2011 τοῦτο
490 1943 676 2012 κάλλιστον.
699 1944 754 2012 καὶ
767 1947 874 2010 ἔοικεν
889 1949 935 2022 εἰς
949 1942 1011 2009 δύο
1033 1938 1199 2030 διηρηκιδς

194 2039 211 2110 ὁ
232 2039 377 2129 ’Όμηρος
393 2040 432 2109 τά
457 2044 566 2109 πάντα
586 2042 779 2129 πράγματα,
806 2041 953 2128 πόλεμον
973 2042 1027 2109 καὶ
1049 2041 1196 2127 εἰρήνην,

193 2155 261 2217 τοῖς
276 2146 336 2206 τοῦ
353 2140 500 2225 πολέμου
516 2138 603 2224 μόνα
621 2147 725 2206 ταῦτα
742 2138 785 2217 ως
801 2139 957 2207 κάλλιστα
974 2136 1197 2206 ἀντιτεθεικέ-

194 2264 259 2304 ναι.
282 2241 332 2303 24.
349 2233 414 2303 δ’δὲ
424 2234 573 2315 Ἡσίοδος
583 2234 625 2302 ού
635 2234 714 2321 παρ’
727 2235 831 2305 άλλου
846 2233 1006 2321 άκούσας,
1021 2232 1095 2303 ἀλλ’
1113 2232 1197 2302 ἰδιδν

193 2332 293 2411 αότδς
307 2335 416 2400 ἕωθεν
431 2329 536 2410 εὐθύς
547 2330 750 2419 ὀρχουμένας
759 2332 818 2411 τάς
832 2334 974 2411 Μούσας
985 2336 1022 2400 έν
1033 2330 1117 2419 άρχῇ
1128 2337 1197 2398 τῶν

193 2433 282 2497 έπόν
296 2436 394 2495 τοῦτο
409 2425 609 2513 περὶαύτῶν
622 2428 660 2497 τό
676 2434 831 2517 μέγιστον
845 2430 1010 2518 έγκόμιον
1025 2434 1195 2515 διηγεῖται,

193 2524 243 2592 ὅτι
265 2528 361 2610 ,περὶ
384 2525 513 2610 κρήνην
533 2529 654 2593 ἰοειδέα
679 2524 777 2594 πόσσ’
799 2525 976 2597 ἁπαλοῖσιν
998 2524 1196 2612 ὀρχεῦνται“

192 2629 253 2692 τοῦ
268 2618 393 2706 πατρὸς
407 2619 467 2688 τδν
481 2620 597 2709 βωμόν
610 2624 894 2709 περιχορεύουσαι.
917 2620 1000 2692 άλλδι
1015 2621 1055 2691 σύ
1071 2624 1149 2708 μέν,
1167 2614 1195 2687 ὦ

191 2733 341 2807 γενναῖε,
364 2722 543 2805 μονονουχὶ
557 2728 735 2807 θεομαχῶν
750 2719 892 2809 ὑβρίζεις
908 2727 953 2800 εἰς
963 2720 1026 2808 τήν
1042 2718 1195 2806 ὀρχηστι-

191 2819 263 2906 κήν.
287 2824 338 2886 25.
352 2816 561 2905 ὁΣωκράτης
572 2818 609 2886 δὲ
619 2819 810 2905 σοφώτατος
821 2817 907 2906 άνήρ
918 2860 955 2871 ·-
969 2828 1002 2887 εἴ
1009 2844 1048 2905 γε
1059 2838 1195 2885 πιστευ-

190 2920 267 2985 τέον
285 2922 382 2984 τοῦτο
399 2918 473 3002 περὶ
494 2913 599 2983 αὐτοῦ
619 2920 750 3002 λέγοντι
769 2923 815 3005 τῷ
836 2924 957 3007 Πυθίῳ
974 2956 1016 2967 -
1031 2914 1073 2983 ού
1087 2915 1194 3001 μόνον

190 3012 304 3102 έπῇνει
319 3009 381 3099 τήν
394 3009 609 3099 ὀρχηστικήν,
626 3010 709 3080 άλλά
725 3015 779 3080 καὶ
797 3018 956 3100 έκμαθεῑν
974 3010 1081 3099 αὐτήν
1099 3008 1194 3099 ήξίον

120 3128 173 3183 283
190 3113 345 3196 μέγιστον
365 3107 541 3194 ἀπονέμων
565 3105 732 3199 εὐρυθμία
755 3112 810 3178 καὶ
833 3108 994 3199 εὐμουσίᾳ
1016 3112 1072 3179 καὶ
1096 3108 1193 3195 κινή-

191 3227 241 3274 σει
261 3208 394 3292 έμμελελ
411 3209 465 3274 καὶ
486 3204 718 3297 εὐσχημοσύνη
738 3217 798 3275 τοῦ
814 3214 1033 3296 κινουμένου,
1059 3210 1114 3277 καὶ
1130 3206 1194 3275 οὐκ

191 3300 297 3390 ῇδεῐτο
318 3305 426 3389 γέρων
442 3300 527 3390 άνήρ
548 3306 586 3371 ἓν
604 3312 673 3371 τόν
694 3306 966 3377 σπουδαιοτάτων
983 3306 1193 3396 μαθημάτων
