2575 3842
180 197 241 259 398
538 198 843 257 ΛονΚιΑΝον
1274 168 1276 263 λ

180 359 339 443 παράσχω
360 360 414 425 καὶ
436 363 509 445 ἔχη,
536 360 569 435 ἐς
588 354 672 423 ὅσον
688 353 733 421 άν
752 357 926 442 βούλωμαι
948 353 1098 441 άνοίγειν
1118 383 1157 424 τε
1180 361 1199 426 δ

180 463 330 534 τοιοῦτος
340 463 451 524 πάσαν
459 457 574 538 θύραν
585 455 724 521 δύναται
733 455 788 521 καὶ
798 451 882 537 ὁρᾶν
892 453 1023 523 ἅπαντα
1033 453 1094 541 ούχ
1105 453 1199 539 ὀρού-

181 580 281 640 μενος
298 552 406 631 αύτός.
1275 632 1276 643 ¹

267 660 365 722 MIK.
382 651 568 738 Ἐλεληθεις
579 679 636 738 με,
655 645 902 737 ω’άλεκτρυούν,
919 655 973 719 καί
986 648 1030 718 σύ
1042 651 1123 737 γόης
1134 650 1194 720 ω’ν.

181 753 252 836 ἐμοὶ
267 749 298 835 δ’
315 745 380 819 ούυ
400 748 443 837 ἦν
458 758 557 819 τούτο
576 750 663 830 άπαξ
677 749 866 837 παράσχῃς,
892 747 967 829 ὄψει
983 748 1024 817 τά
1038 757 1196 836 Σίμωνος

180 850 289 916 πάντα
300 851 338 917 ἐν
347 858 465 937 βραχεῖ
473 854 573 932 δεῦρο
586 851 867 934 μετενηνεγμένα·
881 854 1023 933 μετοίσω
1031 847 1096 933 γάρ
1108 845 1196 914 αύτά

181 947 416 1029 παρεσελθάν·
433 943 497 1013 ὁδὲ
509 939 610 1025 αὖθις
620 945 855 1032 περιτρώξεται
866 942 1052 1014 ἀποτείνων
1063 944 1104 1013 τά
1113 974 1195 1013 κατ-

180 1045 317 1132 τύματα.
472 1036 474 1042 1

114 1151 162 1209 746
266 1150 398 1212 ΑΛΕΚ.
423 1141 476 1211 Ού
490 1149 588 1230 θέμις
601 1146 761 1229 γενέσθαι
777 1151 891 1210 τοῦτο·
912 1145 1113 1230 παρήγγειλε
1128 1141 1194 1228 γὰρ

182 1239 199 1307 ὁ
215 1238 348 1327 Ἑρμῆς,
365 1240 408 1327 ἦν
423 1267 498 1307 τινα
514 1248 669 1309 τοιοῦτον
684 1242 858 1325 ἐργάζηται
873 1236 890 1307 ὁ
907 1246 992 1325 ἔχων
1006 1239 1043 1308 τὸ
1058 1242 1194 1327 πτερόν,

183 1335 417 1425 ἀναβοήσαντά
433 1365 474 1426 με
488 1345 726 1426 καταφωρᾶσαι
742 1336 855 1405 αὐτόν.

267 1446 366 1506 ΜΙΚ.
387 1435 571 1508 Ἀπίθανον
585 1440 707 1523 λε’γεις,
725 1441 869 1522 κλέπτην
878 1437 938 1504 τὸν
949 1435 1074 1522 Ἑρμῆν
1089 1433 1193 1503 αὐτὸν

181 1532 262 1602 ὅντα
273 1549 340 1613 τοῖς
351 1534 464 1612 ἄλλοις
474 1545 619 1621 φθονεῖν
629 1543 691 1603 τού
699 1537 864 1604 τοιούτου.
882 1533 1075 1621 άπίωμενδ’
1086 1533 1193 1621 ὅμως·

181 1631 343 1717 ἀφέξομαι
359 1630 424 1716 γάρ
439 1640 500 1699 τού
512 1642 671 1719 χρυσίου,
688 1631 731 1721 ἦν
751 1635 913 1721 δύνωμαι.

265 1735 398 1797 ΑΛΕΚ.
424 1727 615 1816 Ἇπύτιλον,
641 1725 669 1798 ὦ
688 1739 860 1818 Μίκυλλε,
882 1729 1100 1816 πρότεροντὸ
1119 1738 1197 1799 πτί-

180 1835 243 1894 λον
261 1881 266 1894 .
282 1881 288 1894 .
304 1881 330 1894 ..
350 1833 384 1894 τί
395 1836 512 1911 τοῦτο;
534 1828 634 1916 άμφω
647 1827 813 1908 ἀπέτιλας.

266 1934 365 1997 ΜΙΚ.
387 1926 649 2014 Ἀσφαλέστερον
663 1927 787 2014 οὕτως,
805 1922 832 1995 ύ
847 1927 1056 2013 ἀλεκτρυών,
1072 1930 1129 1994 καὶ
1140 1929 1196 1994 σοί

181 2017 282 2112 ἧττον
297 2022 341 2093 άν
362 2025 519 2114 άμορφον
537 2026 574 2096 τὸ
590 2035 727 2113 πρᾶγμα
743 2037 808 2113 εἴη,
833 2025 877 2106 ως
897 2024 941 2112 μὴ
963 2025 1122 2112 χωλεύοις
1136 2023 1194 2092 διὰ
1279 2028 1280 2065 ³

182 2122 329 2208 θάτερον
343 2131 401 2210 της
416 2123 519 2209 οὐράς
532 2127 640 2211 μέρος.

266 2230 316 2292 29.
335 2231 466 2293 ΑΛΕΚ.
489 2223 582 2293 Εἶεν.
605 2228 658 2293 ἐπὶ
672 2225 732 2294 τὸν
743 2233 883 2312 Σίμωνα
895 2217 1192 2309 πρωτουάπιμενῆ

181 2319 261 2408 παρ’
279 2321 381 2391 άλλον
395 2322 470 2390 τινὰ
485 2331 553 2390 των
570 2332 758 2405 πλουσίων;

266 2430 366 2491 ΜΙΚ.
391 2421 440 2490 Ού
451 2424 512 2507 μὲν
526 2416 605 2507 οὖν,
622 2421 706 2492 άλλά
720 2421 811 2508 παρὰ
825 2421 887 2490 τὸν
897 2431 1053 2508 Σίμωνα,
1071 2418 1109 2499 ὃς
1120 2417 1196 2486 ἀντὶ

183 2523 388 2606 δισυλλάβου
409 2524 674 2609 τετρασύλλαβος
691 2522 757 2609 ἤδη
778 2522 966 2607 πλουτήσας
988 2519 1073 2588 εἶναι
1096 2517 1192 2596 άξιοί.

182 2623 236 2688 καὶ
258 2619 298 2706 δὴ
325 2620 494 2706 πάρεσμεν
515 2624 567 2690 ἐπὶ
584 2620 642 2700 τὰς
658 2623 778 2707 θύρας.
811 2628 845 2689 τί
862 2614 926 2688 οὖν
946 2626 1031 2688 ποιαῖ
1051 2616 1088 2685 τὸ
1111 2615 1194 2702 μετὰ

181 2728 295 2799 τοῦτο;

266 2826 397 2886 ΑΛΕΚ.
419 2817 551 2900 Ἐπίθες
565 2818 602 2888 τὸ
619 2817 743 2903 πτερὸν
757 2821 808 2888 ἐπὶ
824 2816 861 2886 τό
878 2827 1048 2899 κλεῖθρον.

112 2938 162 2993 747
269 2927 366 2987 ΜΙΚ.
385 2917 470 2987 Ἰδού
486 2919 558 3007 ἤδη.
590 2911 825 3004 αἶἩράκλεις,
846 2916 1110 2985 άναπεπέτασται
1126 2913 1195 2981 ὥσ-

181 3041 242 3099 περ
257 3020 361 3085 κλειδὶ
377 3015 398 3104 ἡ
415 3020 516 3103 θύρα.

266 3124 396 3184 ΑΛΕΚ.
420 3116 525 3204 Ἡγού
547 3121 579 3196 ἐς
602 3115 639 3184 τό
662 3117 824 3200 πρόσθεν.
856 3112 938 3204 δρᾷς
960 3112 1065 3181 αὐτὸν
1085 3110 1195 3197 άγρυ-

181 3222 331 3281 πνοῦντα
348 3218 402 3283 καὶ
419 3217 651 3302 λογιζόμενου;

265 3320 364 3380 ΜΙΚ.
381 3311 467 3396 Ὁρω
488 3312 531 3399 νὴ
547 3323 613 3384 Δία
634 3312 720 3398 πρὸς
736 3312 893 3400 ἀμαυράν
911 3339 947 3379 τε
967 3316 1023 3380 καὶ
1039 3317 1196 3392 διψῶσαν

180 3408 242 3490 τὴν
260 3416 466 3496 θρυαλλίδα,
494 3416 548 3480 καὶ
570 3410 676 3496 ὠχρὸς
697 3411 728 3480 δ’
755 3417 844 3482 ἐστὶν
864 3409 926 3480 ούκ
948 3410 1011 3478 οἶδ’
1034 3409 1136 3496 ὅθεν,
1169 3405 1197 3477 ὦ
