<?xml version="1.0" encoding="UTF-8"?>
<!DOCTYPE html PUBLIC "-//W3C//DTD XHTML 1.0 Transitional//EN"
    "http://www.w3.org/TR/xhtml1/DTD/xhtml1-transitional.dtd">
<html xmlns="http://www.w3.org/1999/xhtml" xml:lang="en" lang="en">
 <head>
  <title>
</title>
<meta http-equiv="Content-Type" content="text/html;charset=utf-8" />
  <meta name='ocr-system' content='tesseract 3.04.00' />
  <meta name='ocr-capabilities' content='ocr_page ocr_carea ocr_par ocr_line ocrx_word'/>
</head>
<body>
  <div class='ocr_page' id='page_1' title='image "./operaadoptimoru00jacogoog/operaadoptimoru00jacogoog_0089.png"; bbox 0 0 2575 3842; ppageno 0'>
   <div class='ocr_carea' id='block_1_1' title="bbox 237 165 1088 232">
    <p class='ocr_par' dir='ltr' id='par_1_1' title="bbox 237 165 1088 232">
     <span class='ocr_line' id='line_1_1' title="bbox 237 165 1088 232; baseline -0.007 0"><span class='ocrx_word' id='word_1_1' title='bbox 237 227 242 232; x_wconf 94' lang='grc'><em>,</em></span> <span class='ocrx_word' id='word_1_2' title='bbox 303 167 548 228; x_wconf 76' lang='grc' dir='ltr'><em>ΑΛΗΘΟΥΣ</em></span> <span class='ocrx_word' id='word_1_3' title='bbox 567 168 808 226; x_wconf 81' lang='grc' dir='ltr'><em>ΙΣΤΟΡΙΑΣ</em></span> <span class='ocrx_word' id='word_1_4' title='bbox 826 170 860 226; x_wconf 87' lang='grc' dir='ltr'><strong><em>Β.</em></strong></span> <span class='ocrx_word' id='word_1_5' title='bbox 1048 165 1088 226; x_wconf 82' lang='lat'><strong><em>65</em></strong></span> 
     </span>
    </p>
   </div>
   <div class='ocr_carea' id='block_1_2' title="bbox 12 321 1160 3509">
    <p class='ocr_par' dir='ltr' id='par_1_2' title="bbox 12 321 1160 3509">
     <span class='ocr_line' id='line_1_2' title="bbox 86 321 1089 412; baseline -0.004 -16"><span class='ocrx_word' id='word_1_6' title='bbox 86 325 300 412; x_wconf 77' lang='grc' dir='ltr'><strong><em>ὀπτωμένων,</em></strong></span> <span class='ocrx_word' id='word_1_7' title='bbox 315 326 371 392; x_wconf 81' lang='grc' dir='ltr'><strong><em>καὶ</em></strong></span> <span class='ocrx_word' id='word_1_8' title='bbox 387 322 480 411; x_wconf 88' lang='grc' dir='ltr'><strong><em>ὁάήρ</em></strong></span> <span class='ocrx_word' id='word_1_9' title='bbox 492 321 630 409; x_wconf 79' lang='grc' dir='ltr'><strong><em>ζοφερὸς</em></strong></span> <span class='ocrx_word' id='word_1_10' title='bbox 646 326 700 391; x_wconf 81' lang='grc' dir='ltr'><strong><em>καὶ</em></strong></span> <span class='ocrx_word' id='word_1_11' title='bbox 712 322 911 410; x_wconf 75' lang='grc' dir='ltr'><strong><em>ὁμιχλώδης,</em></strong></span> <span class='ocrx_word' id='word_1_12' title='bbox 928 326 983 392; x_wconf 81' lang='grc' dir='ltr'><strong><em>καὶ</em></strong></span> <span class='ocrx_word' id='word_1_13' title='bbox 994 327 1089 392; x_wconf 89' lang='grc' dir='ltr'><strong><em>κατέ-</em></strong></span> 
     </span>
     <span class='ocr_line' id='line_1_3' title="bbox 86 419 1090 508; baseline -0.002 -16"><span class='ocrx_word' id='word_1_14' title='bbox 86 430 196 504; x_wconf 79' lang='grc' dir='ltr'><strong><em>σταζεν</em></strong></span> <span class='ocrx_word' id='word_1_15' title='bbox 211 427 244 502; x_wconf 82' lang='grc' dir='ltr'><strong><em>ἐξ</em></strong></span> <span class='ocrx_word' id='word_1_16' title='bbox 259 420 366 490; x_wconf 90' lang='grc' dir='ltr'><strong><em>αύτοῦ</em></strong></span> <span class='ocrx_word' id='word_1_17' title='bbox 377 422 497 507; x_wconf 93' lang='grc' dir='ltr'><strong><em>δρόσος</em></strong></span> <span class='ocrx_word' id='word_1_18' title='bbox 508 428 654 507; x_wconf 79' lang='grc' dir='ltr'><strong><em>πιττίνη·</em></strong></span> <span class='ocrx_word' id='word_1_19' title='bbox 675 419 844 507; x_wconf 80' lang='grc' dir='ltr'><strong><em>ἠκούομεν</em></strong></span> <span class='ocrx_word' id='word_1_20' title='bbox 859 421 895 490; x_wconf 76' lang='grc' dir='ltr'><strong><em>δέ</em></strong></span> <span class='ocrx_word' id='word_1_21' title='bbox 908 426 963 490; x_wconf 79' lang='grc' dir='ltr'><strong><em>καὶ</em></strong></span> <span class='ocrx_word' id='word_1_22' title='bbox 973 430 1090 508; x_wconf 90' lang='grc' dir='ltr'><strong><em>μαστί-</em></strong></span> 
     </span>
     <span class='ocr_line' id='line_1_4' title="bbox 86 516 1090 609; baseline 0.001 -19"><span class='ocrx_word' id='word_1_23' title='bbox 86 549 151 609; x_wconf 89' lang='grc' dir='ltr'><strong><em>γων</em></strong></span> <span class='ocrx_word' id='word_1_24' title='bbox 161 521 276 606; x_wconf 91' lang='grc' dir='ltr'><strong><em>ψόφου</em></strong></span> <span class='ocrx_word' id='word_1_25' title='bbox 287 523 342 588; x_wconf 82' lang='grc' dir='ltr'><strong><em>καὶ</em></strong></span> <span class='ocrx_word' id='word_1_26' title='bbox 353 516 706 605; x_wconf 81' lang='grc' dir='ltr'><strong><em>οίμωγήνάνθρύπων</em></strong></span> <span class='ocrx_word' id='word_1_27' title='bbox 717 527 860 588; x_wconf 79' lang='grc' dir='ltr'><strong><em>πολλῶν.</em></strong></span> <span class='ocrx_word' id='word_1_28' title='bbox 881 528 932 589; x_wconf 86' lang='grc'><strong><em>30.</em></strong></span> <span class='ocrx_word' id='word_1_29' title='bbox 947 536 1017 600; x_wconf 75' lang='grc' dir='ltr'><strong><em>ταῖς</em></strong></span> <span class='ocrx_word' id='word_1_30' title='bbox 1028 522 1090 609; x_wconf 73' lang='grc' dir='ltr'><strong><em>μέν</em></strong></span> 
     </span>
     <span class='ocr_line' id='line_1_5' title="bbox 87 610 1089 705; baseline -0.001 -18"><span class='ocrx_word' id='word_1_31' title='bbox 87 614 145 687; x_wconf 84' lang='grc' dir='ltr'><strong><em>οῦν</em></strong></span> <span class='ocrx_word' id='word_1_32' title='bbox 160 619 274 696; x_wconf 85' lang='grc' dir='ltr'><strong><em>ἀλλαις</em></strong></span> <span class='ocrx_word' id='word_1_33' title='bbox 288 617 331 685; x_wconf 86' lang='grc' dir='ltr'><strong><em>οῦ</em></strong></span> <span class='ocrx_word' id='word_1_34' title='bbox 345 620 587 703; x_wconf 77' lang='grc' dir='ltr'><strong><em>προσέσχομεν,</em></strong></span> <span class='ocrx_word' id='word_1_35' title='bbox 610 610 631 705; x_wconf 81' lang='grc' dir='ltr'><strong><em>ᾖ</em></strong></span> <span class='ocrx_word' id='word_1_36' title='bbox 649 618 685 686; x_wconf 72' lang='grc' dir='ltr'><strong><em>δὲ</em></strong></span> <span class='ocrx_word' id='word_1_37' title='bbox 702 621 883 705; x_wconf 76' lang='grc' dir='ltr'><strong><em>ἐπέβημεν,</em></strong></span> <span class='ocrx_word' id='word_1_38' title='bbox 905 621 1018 687; x_wconf 77' lang='grc' dir='ltr'><strong><em>τοιάδε</em></strong></span> <span class='ocrx_word' id='word_1_39' title='bbox 1031 614 1089 704; x_wconf 81' lang='grc' dir='ltr'><strong><em>ἦν·</em></strong></span> 
     </span>
     <span class='ocr_line' id='line_1_6' title="bbox 86 715 1091 807; baseline -0.002 -21"><span class='ocrx_word' id='word_1_40' title='bbox 86 719 194 807; x_wconf 88' lang='grc' dir='ltr'><strong><em>κύκλφ</em></strong></span> <span class='ocrx_word' id='word_1_41' title='bbox 209 715 269 802; x_wconf 75' lang='grc' dir='ltr'><strong><em>μέν</em></strong></span> <span class='ocrx_word' id='word_1_42' title='bbox 284 723 374 783; x_wconf 86' lang='grc' dir='ltr'><strong><em>πᾶσα</em></strong></span> <span class='ocrx_word' id='word_1_43' title='bbox 388 717 587 802; x_wconf 78' lang='grc' dir='ltr'><strong><em>κρημνώδης</em></strong></span> <span class='ocrx_word' id='word_1_44' title='bbox 600 719 655 784; x_wconf 81' lang='grc' dir='ltr'><strong><em>καί</em></strong></span> <span class='ocrx_word' id='word_1_45' title='bbox 670 715 852 804; x_wconf 87' lang='grc' dir='ltr'><strong><em>ἀπόξυρος,</em></strong></span> <span class='ocrx_word' id='word_1_46' title='bbox 867 721 1000 802; x_wconf 87' lang='grc' dir='ltr'><strong><em>πέτραις</em></strong></span> <span class='ocrx_word' id='word_1_47' title='bbox 1010 744 1091 804; x_wconf 87' lang='grc' dir='ltr'><strong><em>τρα-</em></strong></span> 
     </span>
     <span class='ocr_line' id='line_1_7' title="bbox 85 811 1089 902; baseline 0 -20"><span class='ocrx_word' id='word_1_48' title='bbox 85 818 150 902; x_wconf 82' lang='grc' dir='ltr'><strong><em>γέσι</em></strong></span> <span class='ocrx_word' id='word_1_49' title='bbox 171 822 430 899; x_wconf 79' lang='grc' dir='ltr'><strong><em>κατεσκληκυῖα,</em></strong></span> <span class='ocrx_word' id='word_1_50' title='bbox 452 816 595 898; x_wconf 76' lang='grc' dir='ltr'><strong><em>δένδρον</em></strong></span> <span class='ocrx_word' id='word_1_51' title='bbox 609 811 641 880; x_wconf 88' lang='grc' dir='ltr'><strong><em>δ’</em></strong></span> <span class='ocrx_word' id='word_1_52' title='bbox 664 811 764 880; x_wconf 80' lang='grc' dir='ltr'><strong><em>οὐδέν</em></strong></span> <span class='ocrx_word' id='word_1_53' title='bbox 779 814 859 883; x_wconf 72' lang='grc' dir='ltr'><strong><em>οῦδὲ</em></strong></span> <span class='ocrx_word' id='word_1_54' title='bbox 881 815 974 900; x_wconf 87' lang='grc' dir='ltr'><strong><em>ῦδωρ</em></strong></span> <span class='ocrx_word' id='word_1_55' title='bbox 995 820 1089 902; x_wconf 79' lang='grc' dir='ltr'><strong><em>ἐνῆν·</em></strong></span> 
     </span>
     <span class='ocr_line' id='line_1_8' title="bbox 86 908 1091 1003; baseline 0.001 -24"><span class='ocrx_word' id='word_1_56' title='bbox 86 909 330 998; x_wconf 74' lang='grc' dir='ltr'><strong><em>ἀνερπύσαντες</em></strong></span> <span class='ocrx_word' id='word_1_57' title='bbox 352 913 388 978; x_wconf 77' lang='grc' dir='ltr'><strong><em>δὲ</em></strong></span> <span class='ocrx_word' id='word_1_58' title='bbox 410 909 499 996; x_wconf 83' lang='grc' dir='ltr'><strong><em>ὅμως</em></strong></span> <span class='ocrx_word' id='word_1_59' title='bbox 519 909 602 978; x_wconf 81' lang='grc' dir='ltr'><strong><em>κατά</em></strong></span> <span class='ocrx_word' id='word_1_60' title='bbox 620 908 699 989; x_wconf 83' lang='grc' dir='ltr'><strong><em>τοῦς</em></strong></span> <span class='ocrx_word' id='word_1_61' title='bbox 720 911 890 999; x_wconf 82' lang='grc' dir='ltr'><strong><em>κρημνούς</em></strong></span> <span class='ocrx_word' id='word_1_62' title='bbox 911 914 1091 1003; x_wconf 78' lang='grc' dir='ltr'><strong><em>προῄειμεν</em></strong></span> 
     </span>
     <span class='ocr_line' id='line_1_9' title="bbox 13 1004 1089 1097; baseline -0.002 -20"><span class='ocrx_word' id='word_1_63' title='bbox 13 1033 16 1046; x_wconf 78' lang='grc'>’</span> <span class='ocrx_word' id='word_1_64' title='bbox 86 1010 140 1077; x_wconf 89' lang='grc' dir='ltr'><strong><em>διά</em></strong></span> <span class='ocrx_word' id='word_1_65' title='bbox 159 1033 249 1086; x_wconf 92' lang='grc' dir='ltr'><strong><em>τινος</em></strong></span> <span class='ocrx_word' id='word_1_66' title='bbox 271 1004 493 1086; x_wconf 77' lang='grc' dir='ltr'><strong><em>ἀκανθώδους</em></strong></span> <span class='ocrx_word' id='word_1_67' title='bbox 514 1011 569 1076; x_wconf 80' lang='grc' dir='ltr'><strong><em>καὶ</em></strong></span> <span class='ocrx_word' id='word_1_68' title='bbox 590 1009 767 1075; x_wconf 86' lang='grc' dir='ltr'><strong><em>σκολόπων</em></strong></span> <span class='ocrx_word' id='word_1_69' title='bbox 786 1018 905 1096; x_wconf 78' lang='grc' dir='ltr'><strong><em>μεστῆς</em></strong></span> <span class='ocrx_word' id='word_1_70' title='bbox 928 1008 1089 1097; x_wconf 78' lang='grc' dir='ltr'><strong><em>ἀτραποῦ,</em></strong></span> 
     </span>
     <span class='ocr_line' id='line_1_10' title="bbox 85 1101 1090 1192; baseline -0.003 -17"><span class='ocrx_word' id='word_1_71' title='bbox 85 1104 210 1192; x_wconf 90' lang='grc' dir='ltr'><strong><em>πολλήν</em></strong></span> <span class='ocrx_word' id='word_1_72' title='bbox 230 1101 399 1190; x_wconf 82' lang='grc' dir='ltr'><strong><em>ἀμορφίαν</em></strong></span> <span class='ocrx_word' id='word_1_73' title='bbox 419 1113 477 1191; x_wconf 82' lang='grc' dir='ltr'><strong><em>τῆς</em></strong></span> <span class='ocrx_word' id='word_1_74' title='bbox 495 1103 603 1191; x_wconf 69' lang='grc' dir='ltr'><strong><em>χώρας</em></strong></span> <span class='ocrx_word' id='word_1_75' title='bbox 626 1104 772 1190; x_wconf 84' lang='grc' dir='ltr'><strong><em>ἐχούσης.</em></strong></span> <span class='ocrx_word' id='word_1_76' title='bbox 808 1108 963 1186; x_wconf 79' lang='grc' dir='ltr'><strong><em>ἐλθόντες</em></strong></span> <span class='ocrx_word' id='word_1_77' title='bbox 980 1110 1016 1174; x_wconf 78' lang='grc' dir='ltr'><strong><em>δὲ</em></strong></span> <span class='ocrx_word' id='word_1_78' title='bbox 1039 1108 1090 1173; x_wconf 80' lang='grc' dir='ltr'><strong><em>ἐπὶ</em></strong></span> 
     </span>
     <span class='ocr_line' id='line_1_11' title="bbox 84 1198 1090 1290; baseline 0 -20"><span class='ocrx_word' id='word_1_79' title='bbox 84 1203 145 1290; x_wconf 85' lang='grc' dir='ltr'><strong><em>τήν</em></strong></span> <span class='ocrx_word' id='word_1_80' title='bbox 162 1198 293 1287; x_wconf 87' lang='grc' dir='ltr'><strong><em>είρκτήν</em></strong></span> <span class='ocrx_word' id='word_1_81' title='bbox 316 1204 370 1268; x_wconf 85' lang='grc' dir='ltr'><strong><em>καὶ</em></strong></span> <span class='ocrx_word' id='word_1_82' title='bbox 390 1200 427 1268; x_wconf 86' lang='grc' dir='ltr'><strong><em>τό</em></strong></span> <span class='ocrx_word' id='word_1_83' title='bbox 450 1202 671 1288; x_wconf 79' lang='grc' dir='ltr'><strong><em>κολαστήριον</em></strong></span> <span class='ocrx_word' id='word_1_84' title='bbox 691 1209 805 1287; x_wconf 75' lang='grc' dir='ltr'><strong><em>πρῶτα</em></strong></span> <span class='ocrx_word' id='word_1_85' title='bbox 821 1204 883 1288; x_wconf 74' lang='grc' dir='ltr'><strong><em>μὲν</em></strong></span> <span class='ocrx_word' id='word_1_86' title='bbox 902 1203 963 1290; x_wconf 82' lang='grc' dir='ltr'><strong><em>τήν</em></strong></span> <span class='ocrx_word' id='word_1_87' title='bbox 985 1203 1090 1289; x_wconf 93' lang='grc' dir='ltr'><strong><em>φύσιν</em></strong></span> 
     </span>
     <span class='ocr_line' id='line_1_12' title="bbox 83 1298 1090 1388; baseline -0.002 -18"><span class='ocrx_word' id='word_1_88' title='bbox 83 1308 145 1370; x_wconf 88' lang='grc' dir='ltr'><strong><em>τοῦ</em></strong></span> <span class='ocrx_word' id='word_1_89' title='bbox 161 1299 266 1366; x_wconf 89' lang='grc' dir='ltr'><strong><em>τόπου</em></strong></span> <span class='ocrx_word' id='word_1_90' title='bbox 289 1299 536 1385; x_wconf 84' lang='grc' dir='ltr'><strong><em>ἐθαυμάζομεν·</em></strong></span> <span class='ocrx_word' id='word_1_91' title='bbox 565 1298 682 1386; x_wconf 78' lang='grc' dir='ltr'><strong><em>τὸμὲν</em></strong></span> <span class='ocrx_word' id='word_1_92' title='bbox 699 1298 763 1386; x_wconf 79' lang='grc' dir='ltr'><strong><em>γάρ</em></strong></span> <span class='ocrx_word' id='word_1_93' title='bbox 785 1307 908 1388; x_wconf 78' lang='grc' dir='ltr'><strong><em>ἔδαφος</em></strong></span> <span class='ocrx_word' id='word_1_94' title='bbox 923 1301 1004 1370; x_wconf 86' lang='grc' dir='ltr'><strong><em>αῦτό</em></strong></span> <span class='ocrx_word' id='word_1_95' title='bbox 1025 1329 1090 1387; x_wconf 88' lang='grc' dir='ltr'><strong><em>μα-</em></strong></span> 
     </span>
     <span class='ocr_line' id='line_1_13' title="bbox 83 1397 1090 1490; baseline 0 -24"><span class='ocrx_word' id='word_1_96' title='bbox 83 1406 211 1486; x_wconf 86' lang='grc' dir='ltr'><strong><em>χαίραις</em></strong></span> <span class='ocrx_word' id='word_1_97' title='bbox 226 1399 281 1463; x_wconf 81' lang='grc' dir='ltr'><strong><em>καὶ</em></strong></span> <span class='ocrx_word' id='word_1_98' title='bbox 293 1397 432 1478; x_wconf 76' lang='grc' dir='ltr'><strong><em>σκόλοψι</em></strong></span> <span class='ocrx_word' id='word_1_99' title='bbox 444 1397 552 1482; x_wconf 90' lang='grc' dir='ltr'><strong><em>πάντη</em></strong></span> <span class='ocrx_word' id='word_1_100' title='bbox 564 1397 757 1484; x_wconf 81' lang='grc' dir='ltr'><strong><em>ἐξηνθήκει,</em></strong></span> <span class='ocrx_word' id='word_1_101' title='bbox 776 1399 889 1490; x_wconf 81' lang='grc' dir='ltr'><strong><em>κύκλφ</em></strong></span> <span class='ocrx_word' id='word_1_102' title='bbox 901 1401 936 1468; x_wconf 74' lang='grc' dir='ltr'><strong><em>δέ</em></strong></span> <span class='ocrx_word' id='word_1_103' title='bbox 951 1401 1090 1484; x_wconf 81' lang='grc' dir='ltr'><strong><em>ποταμοὶ</em></strong></span> 
     </span>
     <span class='ocr_line' id='line_1_14' title="bbox 83 1491 1160 1584; baseline 0.001 -22"><span class='ocrx_word' id='word_1_104' title='bbox 83 1495 293 1580; x_wconf 78' lang='grc' dir='ltr'><strong><em>περιέρρεον,</em></strong></span> <span class='ocrx_word' id='word_1_105' title='bbox 316 1491 411 1578; x_wconf 74' lang='grc' dir='ltr'><strong><em>ὁμέν</em></strong></span> <span class='ocrx_word' id='word_1_106' title='bbox 426 1494 612 1581; x_wconf 81' lang='grc' dir='ltr'><strong><em>βορβόρου,</em></strong></span> <span class='ocrx_word' id='word_1_107' title='bbox 636 1491 654 1562; x_wconf 88' lang='grc' dir='ltr'>ὁ</span> <span class='ocrx_word' id='word_1_108' title='bbox 674 1497 709 1563; x_wconf 77' lang='grc' dir='ltr'><strong><em>δὲ</em></strong></span> <span class='ocrx_word' id='word_1_109' title='bbox 725 1498 879 1581; x_wconf 88' lang='grc' dir='ltr'><strong><em>δεύτερος</em></strong></span> <span class='ocrx_word' id='word_1_110' title='bbox 894 1501 1047 1584; x_wconf 77' lang='grc' dir='ltr'><strong><em>αἳματος,</em></strong></span> <span class='ocrx_word' id='word_1_111' title='bbox 1070 1493 1088 1562; x_wconf 86' lang='grc' dir='ltr'>ὁ</span> <span class='ocrx_word' id='word_1_112' title='bbox 1109 1506 1160 1565; x_wconf 74' lang='lat'><strong><em>127</em></strong></span> 
     </span>
     <span class='ocr_line' id='line_1_15' title="bbox 12 1585 1091 1680; baseline 0 -19"><span class='ocrx_word' id='word_1_113' title='bbox 12 1639 13 1680; x_wconf 70' lang='lat'>3</span> <span class='ocrx_word' id='word_1_114' title='bbox 84 1597 119 1661; x_wconf 77' lang='grc' dir='ltr'><strong><em>δὲ</em></strong></span> <span class='ocrx_word' id='word_1_115' title='bbox 141 1596 240 1660; x_wconf 83' lang='grc' dir='ltr'><strong><em>ἔνδον</em></strong></span> <span class='ocrx_word' id='word_1_116' title='bbox 255 1591 377 1676; x_wconf 90' lang='grc' dir='ltr'><strong><em>πυρός,</em></strong></span> <span class='ocrx_word' id='word_1_117' title='bbox 405 1589 496 1659; x_wconf 89' lang='grc' dir='ltr'><strong><em>πάνυ</em></strong></span> <span class='ocrx_word' id='word_1_118' title='bbox 516 1595 617 1678; x_wconf 90' lang='grc' dir='ltr'><strong><em>μέγας</em></strong></span> <span class='ocrx_word' id='word_1_119' title='bbox 638 1585 736 1672; x_wconf 77' lang='grc' dir='ltr'><strong><em>οὗτος</em></strong></span> <span class='ocrx_word' id='word_1_120' title='bbox 753 1597 807 1662; x_wconf 83' lang='grc' dir='ltr'><strong><em>καὶ</em></strong></span> <span class='ocrx_word' id='word_1_121' title='bbox 830 1593 1007 1680; x_wconf 81' lang='grc' dir='ltr'><strong><em>ἀπέρατος,</em></strong></span> <span class='ocrx_word' id='word_1_122' title='bbox 1035 1596 1091 1661; x_wconf 82' lang='grc' dir='ltr'><strong><em>καὶ</em></strong></span> 
     </span>
     <span class='ocr_line' id='line_1_16' title="bbox 12 1687 1090 1790; baseline -0.001 -31"><span class='ocrx_word' id='word_1_123' title='bbox 12 1711 13 1790; x_wconf 42' lang='grc'>]</span> <span class='ocrx_word' id='word_1_124' title='bbox 84 1698 173 1775; x_wconf 86' lang='grc' dir='ltr'><strong><em>ἔρρει</em></strong></span> <span class='ocrx_word' id='word_1_125' title='bbox 192 1688 302 1774; x_wconf 80' lang='grc' dir='ltr'><strong><em>ω’σπερ</em></strong></span> <span class='ocrx_word' id='word_1_126' title='bbox 318 1687 411 1772; x_wconf 88' lang='grc' dir='ltr'><strong><em>ῦδωρ</em></strong></span> <span class='ocrx_word' id='word_1_127' title='bbox 427 1693 480 1757; x_wconf 79' lang='grc' dir='ltr'><strong><em>καὶ</em></strong></span> <span class='ocrx_word' id='word_1_128' title='bbox 498 1692 702 1775; x_wconf 87' lang='grc' dir='ltr'><strong><em>ἐκυματοῦτο</em></strong></span> <span class='ocrx_word' id='word_1_129' title='bbox 718 1689 828 1779; x_wconf 72' lang='grc' dir='ltr'><strong><em>ὥσπερ</em></strong></span> <span class='ocrx_word' id='word_1_130' title='bbox 844 1696 1009 1779; x_wconf 87' lang='grc' dir='ltr'><strong><em>θάλαττα,</em></strong></span> <span class='ocrx_word' id='word_1_131' title='bbox 1036 1695 1090 1760; x_wconf 78' lang='grc' dir='ltr'><strong><em>καὶ</em></strong></span> 
     </span>
     <span class='ocr_line' id='line_1_17' title="bbox 12 1785 1089 1874; baseline -0.002 -17"><span class='ocrx_word' id='word_1_132' title='bbox 12 1795 13 1832; x_wconf 71' lang='lat'><em>³</em></span> <span class='ocrx_word' id='word_1_133' title='bbox 82 1796 180 1874; x_wconf 80' lang='grc' dir='ltr'><strong><em>ἰχθῦς</em></strong></span> <span class='ocrx_word' id='word_1_134' title='bbox 201 1787 237 1854; x_wconf 77' lang='grc' dir='ltr'><strong><em>δέ</em></strong></span> <span class='ocrx_word' id='word_1_135' title='bbox 261 1785 323 1872; x_wconf 79' lang='grc' dir='ltr'><strong><em>εἶχε</em></strong></span> <span class='ocrx_word' id='word_1_136' title='bbox 341 1787 502 1872; x_wconf 88' lang='grc' dir='ltr'><strong><em>πολλούς,</em></strong></span> <span class='ocrx_word' id='word_1_137' title='bbox 528 1785 607 1866; x_wconf 84' lang='grc' dir='ltr'><strong><em>τοῦς</em></strong></span> <span class='ocrx_word' id='word_1_138' title='bbox 627 1789 688 1874; x_wconf 79' lang='grc' dir='ltr'><strong><em>μὲν</em></strong></span> <span class='ocrx_word' id='word_1_139' title='bbox 711 1793 823 1868; x_wconf 79' lang='grc' dir='ltr'><strong><em>δαλοῖς</em></strong></span> <span class='ocrx_word' id='word_1_140' title='bbox 844 1790 1089 1874; x_wconf 88' lang='grc' dir='ltr'><strong><em>προσεοικότας,</em></strong></span> 
     </span>
     <span class='ocr_line' id='line_1_18' title="bbox 83 1883 1090 1972; baseline -0.002 -18"><span class='ocrx_word' id='word_1_141' title='bbox 83 1884 161 1964; x_wconf 87' lang='grc' dir='ltr'><strong><em>τοῦς</em></strong></span> <span class='ocrx_word' id='word_1_142' title='bbox 178 1884 213 1953; x_wconf 71' lang='grc' dir='ltr'><strong><em>δέ</em></strong></span> <span class='ocrx_word' id='word_1_143' title='bbox 227 1883 366 1972; x_wconf 78' lang='grc' dir='ltr'><strong><em>μικρούς</em></strong></span> <span class='ocrx_word' id='word_1_144' title='bbox 381 1883 524 1969; x_wconf 84' lang='grc' dir='ltr'><strong><em>ἀνθραξι</em></strong></span> <span class='ocrx_word' id='word_1_145' title='bbox 536 1889 803 1971; x_wconf 86' lang='grc' dir='ltr'><strong><em>πεπυρωμένοις,</em></strong></span> <span class='ocrx_word' id='word_1_146' title='bbox 819 1887 963 1954; x_wconf 90' lang='grc' dir='ltr'><strong><em>ἐκάλουν</em></strong></span> <span class='ocrx_word' id='word_1_147' title='bbox 978 1885 1014 1953; x_wconf 78' lang='grc' dir='ltr'><strong><em>δδ</em></strong></span> <span class='ocrx_word' id='word_1_148' title='bbox 1027 1883 1090 1952; x_wconf 86' lang='grc' dir='ltr'><strong><em>αῦ-</em></strong></span> 
     </span>
     <span class='ocr_line' id='line_1_19' title="bbox 81 1981 1089 2069; baseline -0.007 -15"><span class='ocrx_word' id='word_1_149' title='bbox 81 1985 160 2064; x_wconf 84' lang='grc' dir='ltr'><strong><em>τούς</em></strong></span> <span class='ocrx_word' id='word_1_150' title='bbox 176 1990 382 2069; x_wconf 83' lang='grc' dir='ltr'><strong><em>λυχνίσκους.</em></strong></span> <span class='ocrx_word' id='word_1_151' title='bbox 410 1989 460 2051; x_wconf 89' lang='grc'><strong><em>31.</em></strong></span> <span class='ocrx_word' id='word_1_152' title='bbox 485 1989 612 2061; x_wconf 87' lang='grc' dir='ltr'><strong><em>είσοδος</em></strong></span> <span class='ocrx_word' id='word_1_153' title='bbox 627 1986 663 2050; x_wconf 76' lang='grc' dir='ltr'><strong><em>δὲ</em></strong></span> <span class='ocrx_word' id='word_1_154' title='bbox 681 1991 739 2069; x_wconf 90' lang='grc' dir='ltr'><strong><em>μία</em></strong></span> <span class='ocrx_word' id='word_1_155' title='bbox 754 1981 851 2069; x_wconf 87' lang='grc' dir='ltr'><strong><em>στενή</em></strong></span> <span class='ocrx_word' id='word_1_156' title='bbox 869 1981 922 2049; x_wconf 84' lang='grc' dir='ltr'><strong><em>διά</em></strong></span> <span class='ocrx_word' id='word_1_157' title='bbox 941 1984 1089 2062; x_wconf 90' lang='grc' dir='ltr'><strong><em>πάντων,</em></strong></span> 
     </span>
     <span class='ocr_line' id='line_1_20' title="bbox 81 2079 1090 2169; baseline -0.006 -19"><span class='ocrx_word' id='word_1_158' title='bbox 81 2085 136 2151; x_wconf 80' lang='grc' dir='ltr'><strong><em>καὶ</em></strong></span> <span class='ocrx_word' id='word_1_159' title='bbox 149 2079 303 2168; x_wconf 88' lang='grc' dir='ltr'><strong><em>πυλωρός</em></strong></span> <span class='ocrx_word' id='word_1_160' title='bbox 313 2083 497 2169; x_wconf 84' lang='grc' dir='ltr'><strong><em>ἐφειστήκει</em></strong></span> <span class='ocrx_word' id='word_1_161' title='bbox 508 2089 623 2168; x_wconf 74' lang='grc' dir='ltr'><strong><em>Τίμων</em></strong></span> <span class='ocrx_word' id='word_1_162' title='bbox 635 2079 653 2148; x_wconf 89' lang='grc' dir='ltr'>ὁ</span> <span class='ocrx_word' id='word_1_163' title='bbox 667 2079 851 2167; x_wconf 77' lang='grc' dir='ltr'><strong><em>Ἀθηναῖος.</em></strong></span> <span class='ocrx_word' id='word_1_164' title='bbox 865 2079 1090 2163; x_wconf 85' lang='grc' dir='ltr'><strong><em>παρελθόντες</em></strong></span> 
     </span>
     <span class='ocr_line' id='line_1_21' title="bbox 83 2180 1089 2271; baseline -0.01 -21"><span class='ocrx_word' id='word_1_165' title='bbox 83 2186 118 2250; x_wconf 79' lang='grc' dir='ltr'><strong><em>δὲ</em></strong></span> <span class='ocrx_word' id='word_1_166' title='bbox 133 2180 224 2271; x_wconf 67' lang='grc' dir='ltr'><strong><em>ὅμως</em></strong></span> <span class='ocrx_word' id='word_1_167' title='bbox 238 2188 299 2248; x_wconf 88' lang='grc' dir='ltr'><strong><em>τοῦ</em></strong></span> <span class='ocrx_word' id='word_1_168' title='bbox 312 2187 491 2249; x_wconf 84' lang='grc' dir='ltr'><strong><em>Ναυπλίου</em></strong></span> <span class='ocrx_word' id='word_1_169' title='bbox 506 2181 766 2267; x_wconf 83' lang='grc' dir='ltr'><strong><em>καθηγουμένου</em></strong></span> <span class='ocrx_word' id='word_1_170' title='bbox 781 2181 936 2263; x_wconf 78' lang='grc' dir='ltr'><strong><em>ἑωρῶμεν</em></strong></span> <span class='ocrx_word' id='word_1_171' title='bbox 953 2181 1089 2255; x_wconf 76' lang='grc' dir='ltr'><strong><em>κολαζο-</em></strong></span> 
     </span>
     <span class='ocr_line' id='line_1_22' title="bbox 82 2273 1088 2365; baseline -0.01 -17"><span class='ocrx_word' id='word_1_172' title='bbox 82 2286 206 2365; x_wconf 87' lang='grc' dir='ltr'><strong><em>μένους</em></strong></span> <span class='ocrx_word' id='word_1_173' title='bbox 223 2275 367 2356; x_wconf 85' lang='grc' dir='ltr'><strong><em>πολλούς</em></strong></span> <span class='ocrx_word' id='word_1_174' title='bbox 382 2279 443 2364; x_wconf 77' lang='grc' dir='ltr'><strong><em>μέν</em></strong></span> <span class='ocrx_word' id='word_1_175' title='bbox 463 2281 635 2364; x_wconf 89' lang='grc' dir='ltr'><strong><em>βασιλέας,</em></strong></span> <span class='ocrx_word' id='word_1_176' title='bbox 660 2276 806 2355; x_wconf 86' lang='grc' dir='ltr'><strong><em>πολλοῦς</em></strong></span> <span class='ocrx_word' id='word_1_177' title='bbox 821 2277 857 2344; x_wconf 74' lang='grc' dir='ltr'><strong><em>δέ</em></strong></span> <span class='ocrx_word' id='word_1_178' title='bbox 873 2278 927 2343; x_wconf 82' lang='grc' dir='ltr'><strong><em>καὶ</em></strong></span> <span class='ocrx_word' id='word_1_179' title='bbox 948 2273 1088 2355; x_wconf 82' lang='grc' dir='ltr'><strong><em>ίδιύτας,</em></strong></span> 
     </span>
     <span class='ocr_line' id='line_1_23' title="bbox 82 2371 1089 2464; baseline -0.007 -20"><span class='ocrx_word' id='word_1_180' title='bbox 82 2371 131 2444; x_wconf 73' lang='grc' dir='ltr'><strong><em>ὦν</em></strong></span> <span class='ocrx_word' id='word_1_181' title='bbox 147 2379 258 2453; x_wconf 82' lang='grc' dir='ltr'><strong><em>ἐνίους</em></strong></span> <span class='ocrx_word' id='word_1_182' title='bbox 273 2379 327 2444; x_wconf 80' lang='grc' dir='ltr'><strong><em>καὶ</em></strong></span> <span class='ocrx_word' id='word_1_183' title='bbox 344 2380 577 2464; x_wconf 64' lang='grc' dir='ltr'><strong><em>ἐγνωριζομεν·</em></strong></span> <span class='ocrx_word' id='word_1_184' title='bbox 602 2380 735 2462; x_wconf 75' lang='grc' dir='ltr'><strong><em>εἴδομεν</em></strong></span> <span class='ocrx_word' id='word_1_185' title='bbox 750 2375 785 2442; x_wconf 79' lang='grc' dir='ltr'><strong><em>δέ</em></strong></span> <span class='ocrx_word' id='word_1_186' title='bbox 796 2376 850 2443; x_wconf 76' lang='grc' dir='ltr'><strong><em>καί</em></strong></span> <span class='ocrx_word' id='word_1_187' title='bbox 864 2372 925 2441; x_wconf 86' lang='grc' dir='ltr'><strong><em>τόν</em></strong></span> <span class='ocrx_word' id='word_1_188' title='bbox 936 2372 1089 2458; x_wconf 87' lang='grc' dir='ltr'><strong><em>Κινύραν</em></strong></span> 
     </span>
     <span class='ocr_line' id='line_1_24' title="bbox 80 2471 1087 2565; baseline -0.007 -21"><span class='ocrx_word' id='word_1_189' title='bbox 80 2482 200 2565; x_wconf 74' lang='grc' dir='ltr'><strong><em>καπνῷ</em></strong></span> <span class='ocrx_word' id='word_1_190' title='bbox 231 2472 492 2560; x_wconf 80' lang='grc' dir='ltr'><strong><em>ὑποτυφόμενον</em></strong></span> <span class='ocrx_word' id='word_1_191' title='bbox 522 2477 558 2542; x_wconf 89' lang='grc' dir='ltr'><strong><em>ἐκ</em></strong></span> <span class='ocrx_word' id='word_1_192' title='bbox 584 2481 652 2541; x_wconf 80' lang='grc' dir='ltr'><strong><em>τῶν</em></strong></span> <span class='ocrx_word' id='word_1_193' title='bbox 684 2479 820 2542; x_wconf 77' lang='grc' dir='ltr'><strong><em>αἰδοίων</em></strong></span> <span class='ocrx_word' id='word_1_194' title='bbox 846 2471 1087 2559; x_wconf 86' lang='grc' dir='ltr'><strong><em>ἀπηρτημένον.</em></strong></span> 
     </span>
     <span class='ocr_line' id='line_1_25' title="bbox 80 2569 1091 2661; baseline -0.004 -20"><span class='ocrx_word' id='word_1_195' title='bbox 80 2578 326 2661; x_wconf 85' lang='grc' dir='ltr'><strong><em>προσετίθεσαν</em></strong></span> <span class='ocrx_word' id='word_1_196' title='bbox 344 2572 379 2640; x_wconf 77' lang='grc' dir='ltr'><strong><em>δέ</em></strong></span> <span class='ocrx_word' id='word_1_197' title='bbox 396 2577 431 2640; x_wconf 87' lang='grc' dir='ltr'><strong><em>οί</em></strong></span> <span class='ocrx_word' id='word_1_198' title='bbox 449 2575 642 2657; x_wconf 79' lang='grc' dir='ltr'><strong><em>περιηγηταὶ</em></strong></span> <span class='ocrx_word' id='word_1_199' title='bbox 663 2575 718 2640; x_wconf 86' lang='grc' dir='ltr'><strong><em>καὶ</em></strong></span> <span class='ocrx_word' id='word_1_200' title='bbox 735 2569 812 2650; x_wconf 85' lang='grc' dir='ltr'><strong><em>τοῦς</em></strong></span> <span class='ocrx_word' id='word_1_201' title='bbox 829 2573 976 2639; x_wconf 88' lang='grc' dir='ltr'><strong><em>ἐκάστωυ</em></strong></span> <span class='ocrx_word' id='word_1_202' title='bbox 996 2577 1091 2657; x_wconf 89' lang='grc' dir='ltr'><strong><em>βίους</em></strong></span> 
     </span>
     <span class='ocr_line' id='line_1_26' title="bbox 80 2664 1090 2756; baseline -0.006 -15"><span class='ocrx_word' id='word_1_203' title='bbox 80 2675 136 2741; x_wconf 82' lang='grc' dir='ltr'><strong><em>καί</em></strong></span> <span class='ocrx_word' id='word_1_204' title='bbox 154 2670 214 2749; x_wconf 84' lang='grc' dir='ltr'><strong><em>τάς</em></strong></span> <span class='ocrx_word' id='word_1_205' title='bbox 230 2676 334 2748; x_wconf 83' lang='grc' dir='ltr'><strong><em>αἰτίας</em></strong></span> <span class='ocrx_word' id='word_1_206' title='bbox 349 2667 402 2754; x_wconf 91' lang='grc' dir='ltr'><strong><em>ἐφ’</em></strong></span> <span class='ocrx_word' id='word_1_207' title='bbox 419 2664 470 2746; x_wconf 83' lang='grc' dir='ltr'><strong><em>αἷς</em></strong></span> <span class='ocrx_word' id='word_1_208' title='bbox 484 2672 694 2749; x_wconf 82' lang='grc' dir='ltr'><strong><em>κολάζονται·</em></strong></span> <span class='ocrx_word' id='word_1_209' title='bbox 717 2673 771 2738; x_wconf 80' lang='grc' dir='ltr'><strong><em>καὶ</em></strong></span> <span class='ocrx_word' id='word_1_210' title='bbox 784 2677 937 2756; x_wconf 79' lang='grc' dir='ltr'><strong><em>μεγίστας</em></strong></span> <span class='ocrx_word' id='word_1_211' title='bbox 952 2668 1090 2736; x_wconf 81' lang='grc' dir='ltr'><strong><em>ἁπασῶν</em></strong></span> 
     </span>
     <span class='ocr_line' id='line_1_27' title="bbox 80 2765 1091 2857; baseline -0.007 -19"><span class='ocrx_word' id='word_1_212' title='bbox 80 2776 242 2857; x_wconf 89' lang='grc' dir='ltr'><strong><em>τιμωρίας</em></strong></span> <span class='ocrx_word' id='word_1_213' title='bbox 263 2767 431 2854; x_wconf 80' lang='grc' dir='ltr'><strong><em>ὑπέμενον</em></strong></span> <span class='ocrx_word' id='word_1_214' title='bbox 449 2771 483 2835; x_wconf 83' lang='grc' dir='ltr'><strong><em>οί</em></strong></span> <span class='ocrx_word' id='word_1_215' title='bbox 494 2769 701 2855; x_wconf 86' lang='grc' dir='ltr'><strong><em>ψευσάμενοί</em></strong></span> <span class='ocrx_word' id='word_1_216' title='bbox 718 2795 748 2836; x_wconf 93' lang='grc' dir='ltr'><strong><em>τι</em></strong></span> <span class='ocrx_word' id='word_1_217' title='bbox 768 2765 857 2852; x_wconf 77' lang='grc' dir='ltr'><strong><em>παρὰ</em></strong></span> <span class='ocrx_word' id='word_1_218' title='bbox 873 2766 933 2835; x_wconf 88' lang='grc' dir='ltr'><strong><em>τόν</em></strong></span> <span class='ocrx_word' id='word_1_219' title='bbox 949 2774 1024 2853; x_wconf 90' lang='grc' dir='ltr'><strong><em>βίον</em></strong></span> <span class='ocrx_word' id='word_1_220' title='bbox 1038 2768 1091 2832; x_wconf 87' lang='grc' dir='ltr'><strong><em>καὶ</em></strong></span> 
     </span>
     <span class='ocr_line' id='line_1_28' title="bbox 79 2861 1092 2956; baseline -0.008 -19"><span class='ocrx_word' id='word_1_221' title='bbox 79 2875 114 2937; x_wconf 87' lang='grc' dir='ltr'><strong><em>οί</em></strong></span> <span class='ocrx_word' id='word_1_222' title='bbox 126 2867 174 2956; x_wconf 84' lang='grc' dir='ltr'><strong><em>μή</em></strong></span> <span class='ocrx_word' id='word_1_223' title='bbox 189 2865 318 2953; x_wconf 80' lang='grc' dir='ltr'><strong><em>τάληθῆ</em></strong></span> <span class='ocrx_word' id='word_1_224' title='bbox 335 2866 618 2952; x_wconf 88' lang='grc' dir='ltr'><strong><em>συγγεγραφότες,</em></strong></span> <span class='ocrx_word' id='word_1_225' title='bbox 636 2871 673 2935; x_wconf 88' lang='grc' dir='ltr'><strong><em>ἐν</em></strong></span> <span class='ocrx_word' id='word_1_226' title='bbox 687 2863 736 2946; x_wconf 81' lang='grc' dir='ltr'><strong><em>οἷς</em></strong></span> <span class='ocrx_word' id='word_1_227' title='bbox 751 2870 806 2935; x_wconf 82' lang='grc' dir='ltr'><strong><em>καὶ</em></strong></span> <span class='ocrx_word' id='word_1_228' title='bbox 818 2872 962 2952; x_wconf 88' lang='grc' dir='ltr'><strong><em>Κτησίας</em></strong></span> <span class='ocrx_word' id='word_1_229' title='bbox 978 2861 1092 2930; x_wconf 84' lang='grc' dir='ltr'><strong><em>όΚνί-</em></strong></span> 
     </span>
     <span class='ocr_line' id='line_1_29' title="bbox 79 2955 1090 3052; baseline -0.007 -17"><span class='ocrx_word' id='word_1_230' title='bbox 79 2974 151 3046; x_wconf 86' lang='grc' dir='ltr'><strong><em>διος</em></strong></span> <span class='ocrx_word' id='word_1_231' title='bbox 172 2961 216 3052; x_wconf 81' lang='grc' dir='ltr'><strong><em>ἦν</em></strong></span> <span class='ocrx_word' id='word_1_232' title='bbox 236 2959 486 3048; x_wconf 79' lang='grc' dir='ltr'><strong><em>καὶἪρόδοτος</em></strong></span> <span class='ocrx_word' id='word_1_233' title='bbox 508 2969 562 3033; x_wconf 82' lang='grc' dir='ltr'><strong><em>καὶ</em></strong></span> <span class='ocrx_word' id='word_1_234' title='bbox 585 2964 679 3034; x_wconf 85' lang='grc' dir='ltr'><strong><em>ἀλλοι</em></strong></span> <span class='ocrx_word' id='word_1_235' title='bbox 703 2971 828 3032; x_wconf 88' lang='grc' dir='ltr'><strong><em>πολλοί.</em></strong></span> <span class='ocrx_word' id='word_1_236' title='bbox 866 2964 1006 3039; x_wconf 90' lang='grc' dir='ltr'><strong><em>τούτους</em></strong></span> <span class='ocrx_word' id='word_1_237' title='bbox 1027 2955 1090 3028; x_wconf 87' lang='grc' dir='ltr'><strong><em>οῦν</em></strong></span> 
     </span>
     <span class='ocr_line' id='line_1_30' title="bbox 78 3059 1090 3151; baseline -0.007 -19"><span class='ocrx_word' id='word_1_238' title='bbox 78 3065 173 3150; x_wconf 80' lang='grc' dir='ltr'><strong><em>ὁρῶν</em></strong></span> <span class='ocrx_word' id='word_1_239' title='bbox 189 3062 254 3149; x_wconf 81' lang='grc' dir='ltr'><strong><em>ἐγοδ</em></strong></span> <span class='ocrx_word' id='word_1_240' title='bbox 268 3062 410 3151; x_wconf 82' lang='grc' dir='ltr'><strong><em>χρηστάς</em></strong></span> <span class='ocrx_word' id='word_1_241' title='bbox 427 3062 515 3150; x_wconf 77' lang='grc' dir='ltr'><strong><em>εἶχον</em></strong></span> <span class='ocrx_word' id='word_1_242' title='bbox 530 3071 575 3143; x_wconf 88' lang='grc' dir='ltr'><strong><em>είς</em></strong></span> <span class='ocrx_word' id='word_1_243' title='bbox 589 3061 731 3131; x_wconf 83' lang='grc' dir='ltr'><strong><em>τούπιὸν</em></strong></span> <span class='ocrx_word' id='word_1_244' title='bbox 746 3059 804 3140; x_wconf 89' lang='grc' dir='ltr'><strong><em>τάς</em></strong></span> <span class='ocrx_word' id='word_1_245' title='bbox 820 3065 967 3137; x_wconf 84' lang='grc' dir='ltr'><strong><em>ἐλπίδας·</em></strong></span> <span class='ocrx_word' id='word_1_246' title='bbox 991 3059 1090 3126; x_wconf 79' lang='grc' dir='ltr'><strong><em>οῦδὲν</em></strong></span> 
     </span>
     <span class='ocr_line' id='line_1_31' title="bbox 77 3160 1089 3252; baseline -0.008 -22"><span class='ocrx_word' id='word_1_247' title='bbox 77 3163 145 3249; x_wconf 80' lang='grc' dir='ltr'><strong><em>γάρ</em></strong></span> <span class='ocrx_word' id='word_1_248' title='bbox 168 3166 300 3252; x_wconf 78' lang='grc' dir='ltr'><strong><em>ἐμαυτῷ</em></strong></span> <span class='ocrx_word' id='word_1_249' title='bbox 315 3168 438 3244; x_wconf 88' lang='grc' dir='ltr'><strong><em>ψεῦδος</em></strong></span> <span class='ocrx_word' id='word_1_250' title='bbox 459 3165 584 3232; x_wconf 88' lang='grc' dir='ltr'><strong><em>είπόντι</em></strong></span> <span class='ocrx_word' id='word_1_251' title='bbox 604 3160 866 3247; x_wconf 78' lang='grc' dir='ltr'><strong><em>συνηπιστάμην.</em></strong></span> <span class='ocrx_word' id='word_1_252' title='bbox 898 3163 948 3224; x_wconf 80' lang='lat'><strong><em>32.</em></strong></span> <span class='ocrx_word' id='word_1_253' title='bbox 970 3161 1089 3241; x_wconf 85' lang='grc' dir='ltr'><strong><em>ταχέως</em></strong></span> 
     </span>
     <span class='ocr_line' id='line_1_32' title="bbox 78 3254 1090 3348; baseline -0.007 -20"><span class='ocrx_word' id='word_1_254' title='bbox 78 3260 109 3328; x_wconf 88' lang='grc' dir='ltr'><strong><em>δ’</em></strong></span> <span class='ocrx_word' id='word_1_255' title='bbox 125 3254 194 3329; x_wconf 83' lang='grc' dir='ltr'><strong><em>οῦν</em></strong></span> <span class='ocrx_word' id='word_1_256' title='bbox 210 3260 417 3345; x_wconf 80' lang='grc' dir='ltr'><strong><em>ἀναστρέψας</em></strong></span> <span class='ocrx_word' id='word_1_257' title='bbox 436 3265 487 3330; x_wconf 78' lang='grc' dir='ltr'><strong><em>ἐπὶ</em></strong></span> <span class='ocrx_word' id='word_1_258' title='bbox 502 3260 563 3348; x_wconf 84' lang='grc' dir='ltr'><strong><em>τήν</em></strong></span> <span class='ocrx_word' id='word_1_259' title='bbox 579 3269 666 3328; x_wconf 83' lang='grc' dir='ltr'><strong><em>ναῦν</em></strong></span> <span class='ocrx_word' id='word_1_260' title='bbox 684 3300 718 3309; x_wconf 89' lang='lat'><em>-</em></span> <span class='ocrx_word' id='word_1_261' title='bbox 738 3256 815 3324; x_wconf 78' lang='grc' dir='ltr'><strong><em>οῦδέ</em></strong></span> <span class='ocrx_word' id='word_1_262' title='bbox 836 3255 899 3342; x_wconf 82' lang='grc' dir='ltr'><strong><em>γάρ</em></strong></span> <span class='ocrx_word' id='word_1_263' title='bbox 914 3254 1090 3342; x_wconf 86' lang='grc' dir='ltr'><strong><em>ήδυυάμην</em></strong></span> 
     </span>
     <span class='ocr_line' id='line_1_33' title="bbox 78 3352 1089 3505; baseline -0.006 -77"><span class='ocrx_word' id='word_1_264' title='bbox 78 3365 201 3446; x_wconf 87' lang='grc' dir='ltr'><strong><em>φέρειν</em></strong></span> <span class='ocrx_word' id='word_1_265' title='bbox 225 3357 287 3446; x_wconf 83' lang='grc' dir='ltr'><strong><em>τήν</em></strong></span> <span class='ocrx_word' id='word_1_266' title='bbox 308 3359 388 3441; x_wconf 87' lang='grc' dir='ltr'><strong><em>όψιυ</em></strong></span> <span class='ocrx_word' id='word_1_267' title='bbox 409 3403 450 3415; x_wconf 84' lang='lat'><em>-</em></span> <span class='ocrx_word' id='word_1_268' title='bbox 471 3360 704 3445; x_wconf 88' lang='grc' dir='ltr'><strong><em>ἀσπασάμενος</em></strong></span> <span class='ocrx_word' id='word_1_269' title='bbox 726 3355 785 3424; x_wconf 85' lang='grc' dir='ltr'><strong><em>τὸν</em></strong></span> <span class='ocrx_word' id='word_1_270' title='bbox 804 3356 983 3505; x_wconf 60' lang='grc' dir='ltr'><strong><em>Ναύπλιδον</em></strong></span> <span class='ocrx_word' id='word_1_271' title='bbox 1009 3352 1089 3422; x_wconf 84' lang='grc' dir='ltr'><strong><em>ἀπέ-</em></strong></span> 
     </span>
     <span class='ocr_line' id='line_1_34' title="bbox 144 3455 305 3509; baseline 0.006 -1"><span class='ocrx_word' id='word_1_272' title='bbox 144 3470 250 3509; x_wconf 65' lang='grc' dir='ltr'><strong><em>πτου-α.</em></strong></span> <span class='ocrx_word' id='word_1_273' title='bbox 272 3455 305 3509; x_wconf 91' lang='lat'><strong><em>11.</em></strong></span> 
     </span>
    </p>
   </div>
   <div class='ocr_carea' id='block_1_3' title="bbox 0 0 1292 3842">
    <p class='ocr_par' dir='ltr' id='par_1_3' title="bbox 0 0 1292 3842">
     <span class='ocr_line' id='line_1_35' title="bbox 0 0 1292 3842; baseline 0 1"><span class='ocrx_word' id='word_1_274' title='bbox 0 0 1292 3842; x_wconf 95' lang='lat' dir='ltr'><strong><em> </em></strong></span> 
     </span>
    </p>
   </div>
  </div>
 </body>
</html>
