2575 3842
166 168 228 230 162
479 221 483 227 .
523 169 826 229 AOYKIANOY

163 335 297 416 Σηρικη
310 330 366 395 καὶ
375 335 574 419 προσωπείῳ
585 328 753 413 εὐπρεπεῖ,
768 326 861 419 αὐλῷ
872 330 971 397 τεκαὶ
982 336 1176 416 τερετίσμαι

164 446 197 492 σι
212 426 268 492 καὶ
282 433 324 513 τῇ
338 432 406 493 τῶν
423 424 577 514 ᾀδόντων
590 423 758 513 εὐφωνίᾳ,
785 421 835 505 οἷς
857 438 1055 512 κοσμεῖσθαι
1070 430 1176 512 μηδὲν

163 518 205 589 όν
221 521 259 590 τό
277 531 339 590 τοῦ
355 522 521 610 ὀρχηστοῦ
536 530 688 609 πρᾶγμα·
720 519 738 589 ὁ
762 524 835 591 τότε
852 523 935 592 κατὰ
955 522 1016 592 τόν
1031 527 1175 609 Νέρωνα

164 618 351 707 εὐδοκιμῶν
368 619 530 708 ὀρχηστὴς
549 618 613 689 οὐκ
633 621 812 705 ἀσύνετος,
840 620 885 701 ίός
902 642 1022 708 φασιν,
1050 620 1124 690 ἀλλ’
1146 626 1177 689 εί

164 725 223 786 καί
239 743 289 795 τις
304 717 405 797 ἄλλος
422 725 459 787 ἔν
474 745 510 787 τε
525 724 672 805 ίστορίας
685 718 799 807 μνήμη
815 723 870 789 καὶ
884 722 1046 807 κινήσεως
1060 721 1176 788 κάλλει

165 816 348 903 διενεγκύν
358 817 482 903 ἐδεήθη
496 824 558 885 τοῦ
568 824 766 903 Δημητρίου
780 815 1107 903 εὐγνωμονεστάτην,
1123 814 1175 883 οί·

94 926 146 981 ³02
165 943 241 1002 μαι,
263 914 326 1003 τήν
342 918 475 1001 δέησιν,
496 920 581 984 ίδεῖν
600 914 826 1001 ὀρχούμενον,
849 922 961 984 ἔπειτα
977 929 1176 1001 κατηγορεῖν

164 1011 287 1096 αὐτοῦ,
310 1015 366 1081 καὶ
386 1011 546 1100 ὑπέσχετό
563 1039 602 1099 γε
623 1012 706 1080 ἄνευ
722 1010 830 1081 αὐλοῦ
850 1016 905 1083 καὶ
923 1012 1080 1104 ᾀσμάτων
1101 1016 1176 1081 έπι-

163 1116 336 1192 δείξασθαι
354 1108 444 1201 αὐτῷ
453 1137 460 1152 ·
483 1113 538 1179 καὶ
554 1109 662 1189 οὕτως
679 1113 848 1197 ἐποίησεν·
869 1109 1011 1199 ἡσυχίαν
1025 1110 1091 1198 γὰρ
1106 1125 1176 1189 τοῖς

162 1236 198 1277 τε
212 1217 377 1277 κτυποῦσι
391 1211 447 1278 καὶ
466 1223 535 1287 τοῖς
551 1206 693 1276 αὐλοῦσι
710 1210 765 1275 καὶ
785 1206 876 1295 αὐτῷ
896 1216 1116 1296 παραγγείλας
1128 1211 1175 1297 τῷ

163 1315 251 1399 χορῷ
274 1306 375 1387 αὐτός
397 1306 453 1394 ἐφ’
479 1311 602 1376 ἑαυτοῦ
625 1303 795 1392 ὀρχήσατο
821 1304 883 1393 τὴν
903 1304 1097 1393 Ἀφροδίτης
1119 1307 1176 1374 καὶ

162 1407 279 1489 ’Ἀρεος
289 1413 450 1493 μοιχείαν,
456 1403 573 1472 Ἥλιον
583 1404 757 1491 μηνύοντα
773 1406 828 1471 καὶ
835 1401 1022 1489 Ἥφαιστον
1036 1406 1176 1489 ε’πιβου-Ι

163 1503 305 1572 λεύοντα
321 1507 376 1571 καλ
389 1516 458 1581 τοῖς
469 1506 601 1588 δεσμοῖς
611 1500 838 1587 ὐμφοτέρους,
856 1503 919 1589 τη’ν
930 1529 965 1571 τε
976 1501 1176 1588 Ἀφροδίτην

164 1604 218 1668 καὶ
238 1598 298 1666 τόν
316 1598 417 1684 Ἄρη,
445 1599 676 1684 σαγηνεύοντα
697 1601 752 1665 καὶ
772 1597 851 1677 τούς
868 1602 1054 1685 ἐφεστῶτας
1069 1596 1176 1676 θεούς

164 1700 305 1765 ἕκαστον
331 1693 459 1781 αὐτῶν,
487 1698 543 1765 καὶ
570 1699 775 1784 αἰδουμένην
799 1700 862 1783 μὲν
882 1694 945 1783 τὴν
966 1694 1175 1783 Ἀφροδίτην,

164 1792 405 1862 ὑποδεδοικότα
416 1794 453 1861 δὲ
463 1796 519 1862 καί
532 1792 724 1861 ίκετεύουτα
733 1791 884 1879 τόγ”Αρη
895 1794 951 1862 καὶ
961 1792 1024 1861 ὅσα
1035 1801 1074 1882 τῇ
1085 1799 1176 1861 ἱστο-

164 1901 220 1982 ρίηι
234 1892 338 1980 ταύτῃ
352 1891 549 1979 πρόσεστιν,
566 1890 650 1960 ὥστε
663 1889 724 1960 τόν
734 1893 931 1978 Δημήτριον
942 1890 1176 1978 ὑπερησθέντα

162 2007 230 2071 τοῖς
241 1994 452 2079 γιγνομένοις
465 2000 587 2061 τοῦτον
597 1999 736 2061 ἔπαινον
747 1990 935 2061 ἀποδοῦναι
948 1990 1009 2059 τόν
1019 1996 1176 2078 μέγιστον

161 2098 207 2179 τῷ
225 2089 384 2180 ὀρχηστῇ·
417 2089 581 2178 ἀνέκραγε
597 2089 664 2177 γὰρ
688 2091 743 2160 καὶ
765 2090 894 2177 μεγάλη
912 2098 953 2178 τῇ
975 2098 1072 2178 φωνῇ
1096 2087 1177 2156 ἆνε-

163 2190 348 2273 φθέγξατο,
363 2186 508 2274 Ἀκούω,
525 2187 703 2274 ἄνθρωπε,
719 2185 742 2255 δ
756 2202 876 2273 ποιεῖς,
896 2186 957 2273 οὐχ
972 2186 1043 2272 ὁρῶ
1056 2189 1175 2273 μόνον,

162 2284 246 2353 ἆλλύ
262 2311 319 2370 μοι
339 2291 448 2363 δοκεῖς
467 2299 537 2362 ταῖς
553 2289 667 2371 χερσὶν
686 2282 801 2364 αὐτοῖς
823 2294 946 2355 λαλεῖν.
979 2291 1030 2355 64.
1048 2289 1117 2354 ἐπεὶ
1138 2289 1176 2355 δὲ

162 2381 245 2449 κατὰ
261 2380 321 2448 τὸν
336 2382 482 2467 Νέρωνά
495 2386 595 2467 ἐσμεν
609 2390 656 2472 τῷ
671 2383 777 2473 λόγω,
793 2384 958 2470 βούλομαι
971 2387 1028 2454 καὶ
1043 2386 1175 2473 βαρβά-

163 2504 227 2562 ρου
238 2476 362 2565 ἀνδρός
373 2476 410 2546 τὰ
425 2481 479 2548 ἐπὶ
489 2486 551 2546 τοῦ
565 2477 673 2547 αὐτοῦ
683 2478 849 2567 ὀρχηστοῦ
858 2482 1045 2569 γενόμενον
1057 2489 1174 2566 εἰπεῖν,

163 2575 245 2659 ὅπερ
266 2578 419 2661 μέγιστος
433 2582 569 2656 ἔπαινος
585 2576 779 2666 ὀρχηστικῆς
795 2579 918 2666 γένοιτ’
938 2580 997 2648 ἄν·
1026 2577 1173 2665 τῶνγὰρ

92 2686 144 2743 303
164 2678 200 2742 ἐκ
216 2681 278 2740 τοῦ
291 2672 426 2741 Πόντου
440 2674 622 2761 βαρβάρων
641 2678 814 2763 βασιλικός
830 2704 878 2757 τις
895 2678 1076 2764 ἄνθρωπος
1091 2677 1175 2746 κατοὶ
1256 2682 1263 2694 “

162 2802 193 2842 τι
212 2774 307 2860 χρέος
325 2770 420 2859 ἥκων
435 2770 480 2851 ὡς
499 2771 561 2840 τὸν
573 2776 718 2858 Νέρωνα
739 2778 858 2844 ἐθεᾶτο
875 2774 956 2863 μετὰ
975 2784 1044 2844 τῶν
1061 2774 1175 2845 ἄλλων

162 2872 222 2941 τόν
235 2869 401 2961 ὀρχηστὴν
412 2874 541 2941 ἐκεῖνον
551 2870 659 2951 οὕτως
671 2880 786 2959 σαφῶς
798 2872 1022 2961 ὀρχούμενον,
1041 2871 1086 2952 ὡς
1100 2881 1176 2941 καί·

161 2998 212 3040 τοι
229 2971 273 3059 μὴ
295 2972 505 3039 ἐπακούοντα
523 2979 591 3039 των
614 2969 788 3062 ᾀδομένων
804 2970 1020 3059 -ἡμιέλλην
1040 2974 1105 3059 γάρ
1125 2998 1175 3049 τις

162 3068 211 3139 οὐν
226 3069 384 3156 ἐτύγχανε
395 3111 436 3121 -
447 3085 600 3139 συνεῖναι
616 3069 787 3140 ἁπάντων.
810 3074 865 3141 καὶ
880 3069 920 3157 δὴ
936 3069 1046 3139 ὀπιδν
1062 3068 1126 3156 ἤδη
1141 3072 1174 3148 ἐς

160 3166 223 3255 την
236 3175 379 3253 οἰκείαν,
394 3176 456 3236 τοῦ
470 3174 626 3255 Νέρωνος
637 3173 855 3258 δεξιουμένου
868 3170 923 3238 καὶ
934 3166 956 3237 ὅ
968 3196 999 3236 τι
1015 3170 1174 3256 βούλοιτο

160 3271 264 3333 αίτεῖν
279 3266 476 3345 κελεύοντος
492 3269 548 3335 καί
568 3269 690 3336 δύσειν
711 3267 998 3356 ὑπισχνουμένου,
1026 3264 1095 3335 Τόν
1113 3264 1173 3351 ὀρ-

159 3363 300 3447 χηστην,
317 3368 397 3449 ἔφη,
414 3361 495 3444 δούς
509 3363 548 3432 τὰ
563 3370 701 3453 μέγιστα
719 3364 907 3455 εὐφρανεῖς.
930 3372 990 3434 τοῦ
1005 3369 1041 3432 δὲ
1053 3367 1172 3450 Νέρω·
