2575 3842
233 149 615 240 κΛΕΞΑιιΔΡοΣα
641 180 1023 240 νωνιοιικιινιε.
1070 176 1129 243 117

119 335 327 422 Πυθαγόρας
342 345 409 420 είη,
426 334 530 421 σοφός
546 332 631 421 άνηρ
646 339 700 403 καὶ
714 335 775 423 τὴν
789 339 928 424 γνώμην
943 343 1126 419 θεσπέσιος.

120 436 151 497 εί
170 431 206 498 δέ
231 432 312 500 κατά
328 434 649 518 τοῦτονέγεγένητο,
676 448 752 511 παῖς
768 430 812 499 άν
827 428 866 501 εὑ
888 434 950 503 οἶδ’
974 436 1024 505 ὅτι
1045 435 1128 520 πρὸς

120 525 226 595 αὐτόν
241 530 325 599 εἶναι
339 535 437 611 ἔδοξε.
458 532 513 597 καὶ
529 527 612 613 πρὸς
627 537 782 612 Χαρίτων
799 531 844 616 μή
860 558 900 617 με
915 540 1053 621 νομίσῃς
1071 532 1124 619 ἐφ’

119 622 217 711 ὑβρει
233 634 336 695 ταῦτα
351 635 412 696 τοῦ
421 627 632 712 Πυθαγόρου
647 630 755 711 λέγειν
768 624 790 713 ἢ
808 628 990 696 συνάπτειν
1005 633 1127 716 πειρω-

119 748 224 807 μενον
241 724 364 805 αὐτοὺς
378 723 462 813 πρός
479 724 655 812 ὁμοιότητα
670 732 737 792 τῶν
753 728 915 811 πράξεων.
941 725 1015 795 ἀλλ’
1033 738 1066 795 εί
1078 754 1126 803 τις

120 818 158 886 τά
173 830 319 909 χείριστα
335 830 387 893 καί
404 824 662 913 βλασφημότατα
680 829 747 890 τῷν
762 826 811 891 ἐπὶ
829 828 967 913 διαβολῇ
978 828 1050 907 περὶ
1066 833 1126 892 τοῦ

119 928 330 1012 Πυθαγόρου
346 933 552 1015 λεγομένων,
574 924 623 1005 οἷς
640 930 743 1011 ἐγωγε
758 924 819 992 οὑκ
835 920 879 993 άν
893 934 1067 1012 πεισθείην
1084 926 1127 1004 ὡς

120 1020 284 1109 ἀληθέσιν
299 1020 413 1111 οὖσιν,
428 1024 516 1111 ὅμως
528 1025 713 1109 συναγάγοι
729 1026 760 1100 ἐς
772 1021 807 1089 τὸ
826 1021 924 1105 αὑτό,
941 1021 1126 1090 πολλοστὸν

119 1116 164 1185 άν
180 1125 279 1207 μέρος
293 1122 423 1191 ἅπαντα
439 1127 547 1192 ἐκεῖνα
563 1124 692 1206 γένοιτο
708 1129 764 1206 τῆς
781 1118 1000 1204 Ἀλεξάνδρου
1016 1121 1126 1187 δεινό-

118 1244 222 1304 τητος.
248 1218 332 1297 όλως
346 1218 411 1307 γάρ
424 1219 586 1304 ἐννόησόν
601 1244 658 1303 μοι
675 1220 728 1284 καὶ
741 1224 785 1306 τῷ
797 1224 944 1306 λογισμῷ
957 1218 1126 1286 διατύπω-

119 1338 180 1384 σον
192 1320 435 1405 ποικιλωτάτην
449 1315 524 1386 τινά
536 1324 641 1402 ψυχῆς
652 1324 771 1402 κρᾶσιν
788 1319 823 1383 ἐκ
838 1317 985 1398 ψεύδους
1001 1320 1055 1384 καὶ
1067 1315 1126 1382 δό-

118 1428 189 1486 λων
198 1422 252 1488 καὶ
265 1423 444 1503 ἐπιορκιῶν
453 1421 508 1487 καὶ
516 1425 737 1502 κακοτεχνιῶν
749 1420 980 1503 συγκειμένην,
994 1420 1123 1504 ῥᾳδίαν,
1144 1439 1198 1499 212

118 1516 297 1601 τολμηράν,
316 1518 520 1605 παράβολον,
538 1517 725 1600 φιλόπονον
737 1515 978 1600 ἐξεργάσασθαι
992 1512 1032 1581 τὰ
1046 1540 1125 1598 νοη-

117 1614 239 1697 θέντα,
255 1616 309 1681 καὶ
323 1612 474 1700 πιθανὴν
489 1616 544 1681 καὶ
560 1612 751 1693 ἀξιόπιστον
766 1617 820 1679 καὶ
835 1610 1054 1698 ὑποκριτικὴν
1065 1615 1125 1677 τοῦ

119 1718 288 1797 βελτιόνος
308 1716 421 1803 καὶτῷ
437 1713 664 1801 ἐναντιωτάτῳ
685 1718 741 1796 τῆς
760 1711 950 1797 βουλήσεως
966 1714 1123 1777 ἐοικυῖαν.

119 1806 228 1886 οὐδεὶς
248 1817 333 1893 γοῦν
352 1809 388 1878 τό
407 1819 540 1894 πρῶτον
555 1806 702 1894 ἐντυχών
717 1806 779 1875 οὑκ
800 1806 931 1893 ἀπῆλθε
946 1809 1048 1887 δόξαν
1065 1818 1124 1874 λα-

119 1904 192 1991 βών
207 1904 292 1988 ὑπὲρ
308 1906 413 1975 αὑτοῦ
429 1906 472 1987 ὡς
488 1919 537 1994 είη
550 1909 686 1974 πάντων
703 1903 896 1986 ἀνθρώπων
908 1906 1125 1990 χρηστότατος

118 2004 173 2069 καί
187 2005 423 2083 ἐπιεικέστατος
440 2008 494 2073 καὶ
509 2007 642 2086 προσέτι
659 2000 902 2079 ἁπλοϊκώτατός
917 2027 952 2067 τε
969 2006 1023 2067 καὶ
1041 2000 1125 2086 άφε-

119 2102 281 2176 λέστατος.
314 2104 366 2168 ἐπὶ
386 2109 467 2170 πᾶσι
484 2104 519 2169 δὲ
537 2101 668 2176 τούτοις
689 2098 725 2164 τό
741 2098 973 2183 μεγαλουργὸν
995 2104 1126 2181 προσῆν

118 2199 173 2264 καὶ
189 2194 226 2263 τό
247 2199 351 2281 μηδὲν
371 2198 491 2285 μικρὸν
513 2204 674 2281 ἐπινοεῖν,
704 2195 778 2264 ἀλλ’
805 2194 855 2263 άεὶ
875 2209 941 2273 τοῖς
962 2201 1126 2281 μεγίστοις

118 2297 248 2377 ἐπέχειν
261 2292 321 2361 τόν
339 2304 433 2365 νοῦν.

204 2396 233 2458 5.
257 2394 445 2481 Μειράκιον
456 2398 518 2480 μὲν
528 2389 592 2462 οὑν
608 2401 654 2461 ἔτι
671 2390 719 2460 οδν
731 2393 822 2461 πάνυ
835 2391 972 2478 ὡραῖον,
991 2388 1034 2470 ὡς
1046 2394 1127 2477 ἐνῆν

118 2487 183 2556 άπδ
200 2496 256 2574 τῆς
271 2492 419 2577 καλάμης
431 2500 668 2578 τεκμαίρεσθαι
686 2496 740 2560 καί
755 2490 892 2559 ἀκούειν
904 2499 971 2559 τῷν
988 2496 1125 2576 διηγου-

117 2590 246 2675 μένων,
264 2587 386 2674 άνέδην
398 2590 558 2675 ἐπόρνευε
573 2593 627 2658 καλ
642 2600 751 2678 συνην
766 2593 819 2659 ἐπὶ
836 2598 949 2679 μισθῷ
964 2604 1031 2668 τοῖς
1043 2598 1125 2677 βου-

119 2690 280 2772 λομένοις.
310 2690 347 2754 ἐν
363 2689 399 2755 δέ
415 2703 482 2767 τοῖς
499 2687 611 2766 άλλοις
625 2690 787 2776 λαμβάνει
802 2716 851 2767 τις
866 2687 970 2755 αὑτὸν
988 2684 1125 2772 ἐραστὴς

117 2787 200 2871 γόης
222 2792 289 2851 τῶν
305 2793 441 2871 μαγείας
459 2788 513 2854 καὶ
530 2785 659 2875 ἐπῳδάς
681 2795 881 2865 θεσπεσίους
901 2784 1125 2870 ὑπισχνουμέ-

116 2910 187 2951 νων
210 2885 264 2951 καλ
281 2883 414 2968 χάριτας
437 2886 489 2951 ἐπὶ
510 2898 579 2961 τοῖς
600 2887 767 2970 ἐρωτικοῖς
787 2890 841 2953 καὶ
865 2881 1037 2970 ἐπαγωγάς
1057 2894 1124 2959 τοῖς
1142 2901 1192 2955 213

117 2985 249 3066 ἐχθροῖς
262 2983 318 3049 καὶ
331 2990 516 3068 θησαυρῶν
531 2980 729 3069 άναπομπάς
744 2986 798 3051 καὶ
813 2983 947 3069 κλήρων
959 2980 1122 3064 διαδοχάς.
1161 3062 1164 3071 Ι

116 3072 214 3157 οὗτος
226 3077 308 3146 ίδῷν
325 3078 435 3164 εὐφυᾶ
447 3084 548 3147 παῖδα
560 3084 613 3148 καὶ
628 3078 712 3163 πρός
727 3079 913 3164 ὑπηρεσίαν
923 3086 990 3147 τῷν
1002 3080 1123 3145 ἑαυτοῦ

115 3180 269 3264 πράξεων
287 3179 514 3264 ἑτοιμότατον,
541 3177 582 3246 οὐ
598 3194 692 3265 μεῖον
714 3183 840 3265 ἐρωντα
860 3186 917 3263 τῆς
938 3183 1053 3254 κακίας
1067 3184 1123 3261 τῆς

115 3275 221 3344 αὑτοῦ
236 3272 257 3361 ἢ
273 3274 374 3354 αὑτός
385 3284 441 3362 τῆς
455 3275 542 3361 ῷρας
557 3284 613 3363 τῆς
624 3283 771 3362 ἐκείνου,
788 3278 999 3358 ἐξεπαίδευσέ
1010 3302 1045 3342 τε
1060 3276 1124 3341 αὐ-

114 3372 175 3444 τόν
186 3378 241 3443 καλ
253 3379 388 3443 διετέλει
406 3372 567 3464 ὑπουργῷ
582 3380 636 3444 καὶ
652 3375 799 3464 ὑπηρέτῃ
810 3379 864 3444 καί
879 3374 1024 3466 διακόνῳ
1035 3374 1122 3461 χριό-
