2575 3842
361 181 720 240 ΔΗΜΩΝΑΚΤΟΣ
740 181 863 240 ΒΙΟΣ.
1051 176 1113 242 197

105 343 307 427 γενομένους
321 343 376 407 καὶ
396 341 639 424 κοσμιωτέρους
656 337 745 424 παρά
762 337 848 406 πολὺ
866 341 920 406 καί
935 343 1112 426 φαιδροτέ-

106 467 187 522 ρους
202 442 257 508 καί
271 437 353 524 πρός
368 437 404 505 τό
420 441 541 522 μέλλον
556 437 738 516 εὐέλπιδας.
761 442 788 507 7.
805 436 1018 504 οὐδεπώποτε
1027 445 1113 523 γοῦν

108 537 209 623 άφθη
226 535 394 620 κεκραγώς
406 531 427 622 ή
441 533 772 620 ὑπερδιατεινόμενος
788 530 810 620 ή
825 532 1022 619 ἀγανακτῶν
1036 532 1110 601 οὐδ’

108 641 138 702 εἰ
151 638 303 719 ἐπιτιμᾶν
317 659 362 723 τφ
380 636 464 715 δέοι,
486 631 569 700 άλλά
584 641 652 698 των
667 635 728 717 μὲν
748 630 990 718 ἁμαρτημάτων
1004 632 1113 718 καθή-

107 755 220 815 πτετο,
236 745 302 806 τοῖς
318 731 354 796 δὲ
366 727 594 814 ἁμαρτάνουσι
610 736 871 815 συνεγίγνωσκε,
887 733 942 798 καί
953 729 989 796 τὸ
1005 730 1113 813 παρά-

108 832 225 912 δειγμα
239 824 329 906 παρά
344 833 412 891 τῶν
426 831 549 909 ἰατρῶν
569 823 664 910 ἠξίου
681 827 863 911 λαμβάνειν
879 825 919 893 τά
935 830 997 911 μὲν
1011 825 1114 911 νοσή-

108 949 193 1009 ματα
207 924 373 1006 ἰωμένων,
390 918 473 1005 όργή
492 920 528 986 δὲ
542 921 625 1004 πρός
639 919 718 998 τοὺς
732 929 915 1000 νοσοῦντας
930 921 972 990 οὐ
985 924 1111 1007 χρωμέ-

108 1043 194 1086 νων·
224 1015 335 1104 ήγεῑτο
355 1015 420 1103 γάρ
441 1014 627 1100 ἄνθρωπον
650 1018 712 1102 μὲν
732 1017 815 1085 εἰναι
837 1018 874 1086 τό
897 1017 1112 1105 ἁμαρτάνειν,

109 1123 193 1183 θεοῦ
211 1112 283 1200 δέή
305 1113 428 1201 άνδρός
448 1116 588 1182 ἰσοθέου
603 1113 643 1181 τά
664 1120 866 1184 πταισθέντα
888 1121 1112 1202 ἐπανορθοῦν.

109 1219 136 1282 Β.
155 1212 295 1302 τοιούτῳ
310 1210 350 1297 δή
363 1219 423 1299 βίφ
435 1210 603 1297 χριόμενος
617 1219 662 1291 εἰς
677 1211 796 1281 ἑαυτόν
807 1217 868 1299 μὲν
879 1213 1017 1292 οὐδενός
1028 1217 1114 1282 ἐδεῖ-

109 1338 161 1396 το,
179 1318 288 1395 φίλοις
303 1309 338 1377 δέ
354 1311 556 1394 συνέπραττε
571 1309 611 1376 τά
626 1312 752 1396 εἰκότα,
776 1314 831 1379 καί
845 1313 923 1390 τοῦς
938 1314 999 1397 μὲν
1014 1312 1113 1379 εὐτυ-

108 1423 178 1494 χεῖν
200 1412 380 1483 δοκοῦντας
401 1403 513 1472 αὐτῶν
535 1404 784 1493 ὑπεμίμνησκεν
802 1406 845 1486 ὡς
868 1407 919 1476 ἐπ’
941 1408 1114 1494 ὀλιγοχρο-

109 1512 192 1583 νίοις
214 1519 282 1583 τοῖς
302 1509 459 1571 δοκοῦσιν
482 1501 623 1589 ἀγαθοῖς
646 1507 900 1592 ἐπαιρομένους,
933 1505 1012 1584 τοὺς
1033 1507 1068 1573 δὲ
1092 1500 1113 1590 ή

110 1609 228 1670 πενίαν
244 1598 470 1686 ὀδυρομένους
484 1595 506 1686 ή
523 1599 636 1687 φυγήν
649 1606 924 1687 δυσχεραίνοντας
939 1602 959 1689 ή
974 1598 1113 1688 γήραςή

111 1700 212 1767 νόσον
229 1701 443 1783 αἰτιωμένους
457 1695 522 1764 σὺν
535 1702 651 1784 γέλωτι
668 1711 909 1785 παρεμυθεῖτο,
934 1700 994 1786 οὑχ
1005 1699 1113 1785 ὁρῶν-

112 1824 166 1875 τας
188 1795 240 1863 ότι
260 1793 340 1880 μετά
363 1793 485 1881 μικρόν
504 1793 615 1874 αὐτοῖς
638 1797 798 1864 παύσεται
815 1801 876 1882 μὲν
892 1796 931 1865 τά
956 1796 1112 1882 άνιῦντα,

112 1897 197 1981 λήθη
207 1896 245 1961 δέ
251 1920 299 1972 τις
310 1891 451 1978 άγαθῦν
462 1896 516 1960 καί
527 1901 639 1960 κακῶν
652 1896 706 1961 καί
718 1897 892 1976 ἐλευθερία
903 1891 1013 1979 μακρά
1025 1895 1112 1960 πάν·
1131 1898 1181 1954 379

109 2020 165 2070 τας
178 1995 214 2059 ἐν
226 1989 325 2080 ὀλίγῳ
337 1993 567 2077 καταλήψεται.
585 1998 614 2057 9.
629 1997 721 2076 έμελε
736 1991 771 2058 δὲ
783 1989 871 2081 αὐτῷ
883 1994 936 2058 καὶ
948 1989 1115 2077 άδελφοὺς

110 2090 341 2169 στασιάζοντας
356 2091 561 2157 διαλλάττειν
572 2091 627 2156 καὶ
638 2092 769 2173 γυναιξί
781 2086 863 2173 πρός
877 2091 954 2166 τοῦς
968 2114 1114 2175 γεγαμη-

109 2189 208 2266 κότας
223 2187 359 2274 εἰρήνην
374 2187 611 2272 πρυτανεύειν·
640 2194 698 2254 καί
712 2211 778 2254 που
792 2189 847 2253 καὶ
862 2187 977 2272 δήμοις
993 2211 1114 2270 ταρατ-

109 2292 259 2373 τομένοις
281 2289 426 2372 ἐμμελοῦς
452 2291 603 2371 διελέχθη
625 2287 681 2352 καὶ
706 2283 785 2363 τοὺς
805 2292 978 2363 πλείστους
1003 2284 1114 2352 αὐτῶν

110 2394 240 2454 ἐπεισεν
254 2383 437 2470 ὑπουργεῖν
450 2392 489 2472 τῇ
501 2388 632 2466 πατρίδι
649 2380 689 2449 τά
704 2386 826 2469 μέτρια.
850 2385 1000 2461 τοιοῦτός
1012 2410 1061 2462 τις
1071 2375 1114 2469 ήν

109 2483 126 2553 ὁ
145 2484 267 2568 τρόπος
281 2490 337 2568 τῆς
357 2489 557 2569 φιλοσοφίας
575 2479 696 2566 αὑτοῦ,
723 2491 828 2567 πρᾶος
849 2484 904 2550 καί
919 2481 1040 2567 ήμερος
1060 2484 1114 2548 καί

109 2583 260 2670 φαιδρός.
284 2587 334 2650 10.
351 2581 458 2667 μόνον
473 2578 577 2647 αὑτόν
591 2579 668 2666 ήνία
689 2588 790 2666 φίλου
806 2582 904 2658 νόσος
921 2576 942 2666 ή
956 2580 1112 2664 θάνατος,

111 2680 154 2759 ὡς
174 2678 217 2747 άν
233 2685 287 2749 καί
309 2679 345 2748 τό
362 2683 517 2766 μέγιστον
532 2687 599 2746 τῶν
617 2681 654 2746 ἐν
674 2677 869 2765 άνθροίποις
892 2675 1032 2763 άγαθιῦν
1053 2675 1114 2760 τήν

111 2786 226 2865 φιλίαν
236 2775 442 2864 ἡγούμενον·
466 2779 521 2843 καί
532 2773 587 2842 διά
602 2783 701 2844 τοῦτο
714 2784 810 2862 φίλος
820 2779 882 2861 μὲν
892 2772 935 2863 ήν
947 2776 1050 2844 άπασι
1060 2776 1115 2842 καὶ

111 2874 173 2944 οὑκ
186 2882 274 2943 ἐστιν
285 2874 401 2943 ὅντινα
413 2873 474 2941 οὐκ
490 2880 613 2942 οἰκεῖον
624 2875 790 2960 ἐνόμιζεν,
806 2874 991 2959 άνθρωπόν
1005 2897 1043 2957 γε
1054 2869 1115 2937 όν-

109 3001 158 3042 τα,
182 2976 282 3041 πλέον
299 2975 335 3041 δὲ
350 2971 370 3059 ή
388 2979 523 3041 έλαττον
538 2977 647 3056 ἐχαιρε
662 2969 777 3037 συνών
793 2974 892 3047 ἐνίοις
909 2971 1035 3052 αὐτων,
1050 2969 1114 3054 μό-

109 3099 180 3152 νοις
196 3071 405 3156 ἐξιστάμενος
420 3068 537 3138 ὁπόσοι
552 3066 595 3134 άν
615 3070 757 3136 ἐδόκουν
774 3065 864 3154 αὐτῷ
883 3063 967 3151 ὑπὲρ
981 3064 1041 3150 τήν
1056 3073 1113 3151 τής

109 3177 289 3256 θεραπείας
305 3173 420 3238 ἐλπίδα
440 3166 686 3254 διαμαρτάνειν.
717 3165 772 3232 καί
791 3164 900 3230 πάντα
916 3170 1018 3229 ταῦτα
1033 3160 1112 3248 μετά

108 3277 263 3355 Χαρίτων
273 3271 328 3335 καί
338 3266 533 3354 Ἀφροδίτης
545 3262 647 3349 αὑτῆς
657 3267 797 3349 ἐπραττέ
807 3288 842 3329 τε
857 3264 910 3328 καὶ
926 3268 1053 3347 ἔλεγεν,
1070 3256 1113 3338 ως

107 3367 175 3452 άεί,
199 3364 236 3436 τό
251 3364 400 3454 κωμικόν
415 3369 539 3450 ἐκεῖνο,
558 3366 619 3448 τήν
636 3360 744 3429 πειθώ
761 3373 829 3438 τοῖς
848 3366 990 3446 χείλεσιν
1009 3358 1114 3426 αὑτοῦ
