2575 3842
385 161 593 268 ΤΟΞίΑΡΙΣ
611 209 639 262 Η
662 206 819 264 ΦΙΛΙΑ.
1044 201 1108 265 299

96 374 234 434 οίκοθεν
250 367 413 454 ἐπιθυμίᾳ
431 367 580 442 παιδείας
593 370 651 449 τῆς
668 359 875 449 Ἑλληνικῆς,
901 367 1106 433 κατέπλευσα

95 464 128 538 ές
142 459 324 548 ’Ἁμαστριν
344 459 405 546 τὴν
427 460 611 546 Ποντικήν·
640 463 678 527 ἐν
699 466 871 548 προσβολῇ
898 463 937 527 δέ
952 463 1019 528 ἐστι
1038 475 1106 539 τοῖς

94 554 159 626 άπό
180 565 334 636 Σκυθίας
356 560 517 626 πλέουσιν
539 555 581 626 οὐ
607 556 694 626 πολι)
716 565 774 644 τῆς
794 558 1001 645 Καράμβεως
1023 556 1105 626 άπέ-
1124 577 1174 631 562

94 677 199 742 χονσα
216 654 236 743 ἡ
254 656 364 735 πόλις·
395 659 503 723 είπετο
520 655 556 722 δέ
579 651 596 722 ὁ
611 660 773 739 Σισίννης
788 654 915 739 ἑταῖρος
936 657 972 722 ἐκ
988 654 1107 733 παιδός

95 753 151 822 όίν.
185 751 280 841 ἡμεῖς
297 755 358 839 μὲν
372 746 437 821 οὖν
457 753 656 839 καταγωγήν
671 778 746 820 τινα
764 754 816 820 ἐπὶ
832 759 878 842 τῷ
899 755 1007 846 λιμένι
1028 772 1104 820 σκε-

94 851 238 938 ψάμενοι
266 849 329 919 κάκ
351 859 411 920 τοῦ
439 858 559 920 πλοίου
583 857 629 929 είς
650 847 756 936 αότὴν
778 852 1106 937 μετασκευασάμενοι

92 951 313 1040 ἠγοράζομεν,
340 948 440 1019 οὐδέν
460 947 612 1038 πονηρόν
634 946 865 1036 ὑφορώμενοι·
899 952 936 1018 έν
957 949 1105 1039 τοσοάτφ

95 1053 130 1118 δέ
148 1051 276 1128 κλῶπές
292 1074 379 1128 τινες
393 1046 646 1126 ἀνασπάσαντες
660 1046 697 1116 τὸ
715 1056 889 1133 κλεῖστρον
904 1049 1104 1133 ἐκφέρουσιν

94 1146 241 1233 ἅπαντα,
258 1144 302 1225 κός
315 1149 397 1234 μηδέ
408 1144 447 1214 τά
463 1153 509 1226 είς
524 1149 656 1232 ἐκείνην
666 1143 729 1233 τὴν
742 1143 871 1232 ἡμέραν
886 1146 1104 1228 διαρκέσοντα

93 1255 294 1315 καταλιπεῖν.
318 1247 560 1324 ἐπανελθόντες
571 1237 635 1313 οὖν
647 1249 760 1314 οίκαδε
771 1247 827 1312 καὶ
838 1242 874 1312 τό
886 1241 1025 1330 γεγονός
1039 1269 1105 1329 μα-

92 1343 215 1424 θόντες
235 1345 427 1426 δικάζεσθαι
446 1344 509 1430 μὲν
528 1357 597 1422 τοῖς
617 1351 741 1429 γείτοσι
758 1350 892 1419 πολλοῖς
907 1332 1006 1408 οὖσιν
1021 1334 1043 1425 ἡ
1057 1347 1104 1430 τῷ

93 1446 175 1533 ξένω
191 1439 254 1510 οὐκ
268 1442 521 1529 ἐδοκιμάζομεν,
547 1441 691 1519 δεδιότες
708 1438 753 1527 μὴ
770 1440 981 1524 συκοφάνται
999 1438 1103 1517 δόξω-

93 1569 155 1628 μεν
168 1555 236 1619 τοῖς
252 1550 386 1620 πολλοῖς
404 1544 570 1626 λέγοντες,
590 1537 633 1618 ὡς
650 1538 805 1627 ὑφείλετο
815 1537 911 1626 ἡμῶν
925 1566 974 1617 τις
991 1543 1103 1624 δαρει-
1180 1564 1182 1568 ’

93 1636 174 1717 κούς
190 1645 423 1721 τετρακοσίους
435 1639 489 1706 καὶ
503 1640 628 1722 έσθὴτα
643 1639 771 1724 πολλὴν
786 1641 839 1706 καλ
856 1635 998 1714 δάπιδάς
1012 1663 1103 1715 τινας

93 1738 148 1805 καλ
164 1728 266 1804 τάλλα
282 1734 391 1803 ὁπόσα
410 1745 549 1821 είχομεν.
574 1742 623 1804 58.
641 1736 876 1822 ἐσκοπούμεθα
893 1739 929 1803 δὲ
944 1736 1019 1820 περὶ
1035 1741 1103 1802 τῶν

93 1833 271 1917 παρόντων
286 1832 305 1902 ό
321 1861 352 1902 τι
367 1834 551 1918 πράξομεν,
572 1833 693 1918 άποροι
707 1835 920 1902 παντάπασιν
938 1837 974 1902 ἐν
991 1842 1031 1922 τῇ
1042 1832 1102 1900 άλ-

93 1937 222 2020 λοδαπὴ
234 1931 427 2018 γενόμενοι·
449 1928 548 2016 κάμολ
562 1934 624 2016 μὲν
638 1931 748 1999 ἐδόκει
759 1931 803 2010 ὡς
818 1930 906 2017 εἶχον
918 1929 1023 1998 αὐτοῦ
1038 1957 1103 1997 πα-

94 2030 287 2117 ραβύσαντα
303 2032 337 2108 ἐς
355 2027 417 2117 τὴν
434 2027 585 2115 πλευράν
602 2027 663 2097 τόν
683 2028 849 2115 άκινάκην
866 2027 1026 2097 άπελθεῖν
1043 2036 1103 2096 τοῦ

93 2136 170 2216 βίον
184 2131 264 2214 πρὶν
278 2127 415 2215 άγεννές
429 2153 460 2196 τι
474 2125 659 2214 ὑποστῆναι
675 2137 760 2214 λιμῷ
772 2123 795 2214 ἡ
807 2132 895 2208 δίψει
911 2130 1102 2210 πιεσθέντα,

92 2226 109 2296 ὁ
132 2233 167 2296 δὲ
181 2235 342 2315 Σισίννης
358 2238 583 2315 παρεμυθεῖτο
603 2230 658 2296 καὶ
676 2230 803 2295 ίκέτενε
823 2227 929 2314 μηδὲν
950 2232 1103 2294 τοιοῦτον

92 2342 215 2397 ποιεῖν·
244 2325 343 2406 αὐτὸς
359 2326 424 2414 γάρ
448 2327 638 2414 ἐπινοήσειν
660 2324 744 2394 ὅθεν
765 2328 882 2412 ἕξομεν
902 2329 1026 2401 ίκανιθς
1043 2321 1101 2400 τάς

92 2427 227 2512 τροφάς.
256 2430 311 2496 καὶ
330 2428 405 2496 τότε
419 2429 482 2513 μέν
502 2427 585 2507 ξύλα
601 2424 825 2511 παρεκόμισεν
842 2426 878 2491 ἐκ
893 2430 954 2492 τοῦ
968 2424 1100 2509 λιμένος

92 2526 146 2594 καλ
161 2517 244 2611 ἡκεν
260 2522 341 2612 ἡμῖν
355 2523 421 2593 άπδ
435 2532 496 2593 τοῦ
508 2530 635 2612 μισθοῦ
648 2524 920 2609 ἐπισιτισάμενος.
945 2524 1053 2590 ἕωθεν
1065 2523 1100 2587 δὲ

91 2620 231 2706 περιιόν
241 2620 324 2690 κατά
335 2621 398 2710 τὴν
409 2621 537 2710 άγοράν
549 2621 614 2691 είδε
625 2621 763 2710 πομπὴν
773 2648 859 2708 τινα,
877 2618 921 2700 ὡς
933 2627 1007 2707 ἔφη,
1022 2647 1100 2706 γεν-

91 2725 198 2787 ναίων
218 2721 274 2787 καλ
292 2729 404 2789 καλῶν
426 2729 626 2790 νεανίσκων·
656 2735 858 2808 μονομαχεῖν
881 2721 917 2787 δὲ
938 2711 1032 2786 οὗτοι
1049 2719 1101 2784 ἐπὶ

91 2823 203 2904 μισθῷ
213 2813 518 2904 ἀνδρολογηθέντες
529 2826 574 2896 είς
584 2825 700 2905 τρίτην
707 2817 836 2906 ἡμέραν
848 2824 1099 2903 διαγωνιεῖσθαι
1118 2829 1169 2883 563

92 2921 240 3001 ἔμελλον.
271 2916 325 2982 καλ
341 2912 381 3001 δὴ
400 2912 436 2982 τό
452 2922 520 2982 πάν
537 2914 579 2993 ὡς
602 2914 688 3002 εἶχεν
705 2914 789 3002 ἄμφ’
809 2914 932 2993 αὐτοὺς
946 2914 1101 2998 πυθόμε-

90 3040 159 3100 νος,
172 3012 284 3083 ἐλθόν
296 3011 340 3092 ὡς
350 3016 415 3100 ἐμέ,
429 3016 570 3098 Μηκέτι,
584 3008 611 3082 ά
624 3015 757 3097 Τόξαρι,
774 3019 849 3100 ἔφη,
864 3016 987 3097 πένητα
998 3030 1100 3078 σεαυ-

90 3109 151 3181 τόν
167 3114 256 3198 λέγε,
276 3118 322 3191 είς
336 3109 402 3198 γάρ
418 3117 533 3199 τρίτην
548 3111 676 3200 ἡμέραν
691 3111 855 3180 πλούσιόν
870 3131 907 3177 σε
922 3106 1097 3193 ἀποφανῶ.

91 3217 140 3280 59.
153 3219 257 3279 ταῦτα
273 3208 358 3294 είπε,
377 3214 431 3278 καλ
443 3217 597 3296 πονηρῶς
608 3208 644 3278 τό
658 3209 781 3297 μεταξὺ
794 3207 1027 3294 άποζὴσαντες,
1043 3210 1092 3275 έν-

91 3311 212 3397 στάσης
229 3308 292 3396 ἤδη
310 3316 367 3396 τῆς
381 3313 464 3388 θέας
485 3308 661 3396 ἐθεώμεθα
681 3311 736 3376 καὶ
757 3305 867 3376 αότοί·
895 3304 1099 3393 παραλαβών

91 3409 155 3495 γάρ
171 3436 211 3496 με
227 3407 271 3489 ὡς
284 3411 336 3478 έπλ
348 3408 493 3498 τερπνόν
506 3434 537 3477 τε
552 3411 606 3476 καὶ
620 3408 812 3494 παράδοξον
822 3408 932 3495 θέαμα
946 3413 1015 3475 των
1024 3404 1099 3474 Ἑλ-
