2575 3842
186 149 227 210 30
538 153 845 213 ΛΟῬΚΙΑΝΟῬ

186 317 340 400 κολακείᾳ
354 309 437 393 πρὸς
447 308 483 379 τδ
498 308 564 398 ήδά
578 325 646 388 τοῖς
662 317 727 377 νῦν
741 316 1002 397 ἐπαινουμένοις,
1027 306 1125 391 οὗτός
1138 334 1194 381 σοι

186 419 300 476 κανων
315 411 369 476 καὶ
384 411 516 497 στάθμη
531 414 676 490 ἱστορίας
691 413 827 487 δικαίας.
849 412 904 477 καί
919 417 949 478 εί
961 412 1023 496 μὲν
1039 411 1195 495 σταθμή-

186 514 305 574 σονταί
316 534 404 586 τινες
421 505 520 595 αὐτῇ,
544 499 583 572 εὖ
597 501 641 571 ἀν
659 510 727 589 έχοι
742 509 797 573 καὶ
816 513 862 584 είς
884 511 961 575 δέον
975 505 1054 593 ἡμῖν
1070 511 1196 593 γέγρα-

185 629 277 690 πται,
296 612 325 674 εί
341 608 377 675 δὲ
391 607 453 693 μή,
470 606 659 672 κεκύλισται
675 601 692 670 ὁ
707 613 808 684 πίθος
822 609 859 674 ἐν
873 613 1035 696 Κρανείῳ.

137 1035 171 1090 70
360 1025 671 1092 Ammon*
712 1023 1027 1091 ΙΣΤΟΡΙΑΣ

487 1161 652 1214 ΛΟΓΟΣ
681 1160 889 1215 ΠΡΩΤΟΣ.

272 1311 299 1373 l.
317 1306 442 1393 Ὥσπερ
463 1321 529 1384 τοῖς
549 1305 740 1393 ἀθλητικοῖς
757 1308 900 1389 καὶπερὶ
916 1304 977 1392 τήν
992 1312 1060 1372 τῶν
1074 1306 1191 1390 σωμά-

185 1431 252 1472 των
273 1407 459 1490 ἐπιμέλειαν
479 1402 677 1491 ἠσκημένοις
697 1401 737 1472 οά
759 1411 815 1489 τῆς
837 1401 961 1482 εὐεξίας
983 1402 1088 1488 μόνον
1108 1399 1191 1468 οὐδὲ

186 1511 252 1569 των
267 1510 462 1588 γυμνασίων
477 1511 613 1587 φροντίς
624 1505 730 1586 ἐστιν,
746 1498 831 1568 ἀλλά
841 1503 894 1568 καί
905 1508 962 1585 τῆς
972 1496 1054 1567 κατά
1069 1495 1191 1580 καιρόν

186 1600 362 1685 γινομένης
377 1599 572 1676 ἀνέσεως-
583 1601 683 1684 μέρος
695 1605 779 1683 γοῦν
792 1607 849 1685 τῆς
864 1596 1032 1683 ἀσκήσεως
1047 1594 1082 1663 τδ
1095 1598 1191 1681 μέγα

187 1718 267 1764 στον
283 1692 389 1781 αὐτήν
410 1693 708 1781 ὑπολαμβάνουσιν
724 1736 767 1746 -
784 1693 873 1762 οὕτω
892 1693 932 1781 δή
951 1696 1006 1762 καί
1026 1709 1094 1770 τοῖς
1114 1695 1189 1775 περὶ

186 1791 265 1870 τούς
280 1793 401 1877 λόγους
418 1794 663 1860 ἐσπουδακόσιν
676 1792 820 1879 ἡγοῦμαι
837 1792 1017 1878 προσήκειν
1032 1787 1113 1877 μετά
1125 1787 1190 1874 τὴν

186 1889 313 1976 πολλὴν
336 1899 404 1958 των
422 1894 691 1977 σπουδαιοτέρων
707 1889 898 1976 ἀνάγνωσιν
920 1889 1049 1957 ἀνιέναι
1070 1915 1106 1956 τε
1125 1886 1190 1974 τήν

186 1990 341 2056 διάνοιαν
355 1990 410 2056 καί
424 1987 507 2074 πρός
522 1987 582 2056 τδν
598 1996 709 2058 ἔπειτα
724 1990 872 2074 κάματον
883 1986 1105 2074 ἀκμαιοτέραν
1121 2011 1189 2052 πα-

185 2088 411 2174 ρασκευάζειν.
434 2094 462 2154 2.
479 2090 609 2173 γένοιτο
626 2085 657 2154 δ’
674 2083 718 2154 ἀν
732 2084 905 2172 ἐμμελήςὴ
924 2084 1110 2162 ἀνάπαυσις
1123 2081 1189 2150 αὖ·

184 2199 268 2265 τοῖς,
290 2188 320 2251 εί
338 2197 406 2262 τοῖς
424 2185 588 2263 τοιούτοις
602 2192 670 2252 τῶν
688 2183 959 2271 ἀναγνωσμάτων
978 2181 1141 2270 ὁμιλοῖεν,
1166 2179 1189 2247 ἀ

185 2279 228 2366 μή
244 2282 351 2365 μόνον
366 2283 402 2348 ἐκ
417 2289 478 2347 τοῦ
491 2279 625 2349 ἀστείου
635 2309 670 2349 τε
683 2286 737 2351 καί
753 2289 920 2369 χαρίεντος
935 2279 1037 2367 ψιλήν
1052 2281 1189 2365 παρέξει

186 2373 248 2462 τήν
268 2384 498 2462 ψυχαγωγίαν,
519 2377 603 2447 ἀλλά
623 2383 767 2448 τινακαὶ
783 2386 931 2465 θεωρίαν
953 2375 1015 2445 οὐκ
1035 2376 1189 2463 ἄμουσον

136 2483 169 2540 71
187 2477 397 2556 ἐπιδείξεται,
420 2472 493 2542 οἷόν
506 2503 536 2542 τι
552 2477 605 2544 καί
626 2479 700 2563 περὶ
713 2482 818 2545 τῶνδε
832 2483 899 2544 τῶν
920 2473 1190 2560 συγγραμμάτων

186 2569 370 2657 φρονήσειν
380 2569 622 2659 ὑπολαμβάνω·
638 2572 679 2641 οὐ
689 2573 753 2661 γάρ
762 2575 869 2660 μόνον
879 2571 916 2642 τό
929 2578 1025 2653 ξένον
1034 2579 1091 2658 τῆς
1100 2568 1189 2637 ὑπο-

183 2671 310 2745 θέσεως
325 2666 403 2734 οὐδὲ
420 2668 456 2734 τδ
471 2671 584 2754 χάριεν
600 2679 657 2757 της
672 2674 893 2757 προαιρέσεως
908 2667 1082 2756 ἐπαγωγόν
1099 2675 1190 2736 ἔσται

185 2779 298 2842 αυτοῖς
316 2763 388 2833 οὐδ’
407 2765 457 2833 ότι
479 2768 651 2854 ψεύσματα
672 2777 805 2838 ποικίλα
818 2777 971 2847 πιθανῶς
985 2795 1020 2836 τε
1035 2769 1090 2835 καὶ
1110 2768 1187 2833 ἐνα·

185 2863 297 2950 ίήθως
317 2864 573 2951 ἐξενηνόχαμεν,
601 2864 674 2934 ἀλλ’
698 2865 748 2933 ότι
776 2869 832 2935 καὶ
855 2874 923 2933 τῶν
940 2867 1188 2949 ἱστορουμένων

185 2963 326 3028 ἕκαστον
341 2957 403 3028 οάκ
421 2959 648 3052 ἀκωμῳδήτως
669 2964 753 3047 πρός
770 2991 864 3042 τινος
883 2962 1015 3052 ᾔνικται
1035 2969 1104 3029 τῶν
1123 2986 1189 3027 πα-

184 3065 289 3126 λαιῶν
300 3067 446 3144 ποιητῶν
456 3086 491 3126 τε
502 3062 556 3127 καὶ
569 3065 792 3145 συγγραφέων
802 3062 858 3129 καὶ
869 3059 1067 3146 φιλοσόφων
1081 3055 1187 3126 πολλά

184 3153 337 3237 τεράστια
350 3157 405 3223 καὶ
418 3155 561 3242 μυθώδη
574 3157 874 3242 συγγεγραφότων,
889 3153 947 3234 οὓς
961 3157 1016 3223 καλ
1029 3152 1187 3240 ὀνομαστὶ

184 3244 227 3315 ἀν
242 3256 406 3335 ἔγραφον,
425 3257 456 3319 εί
467 3249 579 3338 μήκαὶ
594 3251 684 3342 αὐτῷ
695 3276 749 3320 σοι
760 3256 797 3320 ἐκ
810 3260 867 3339 τῆς
881 3249 1104 3337 ἀναγυιισεως
1119 3277 1187 3336 φα-

184 3354 317 3412 νεῖσθαι
329 3353 474 3430 ἐμελλον.
487 3354 516 3415 3.
528 3356 672 3434 Κτησίας
683 3345 701 3416 ὁ
715 3349 901 3436 Κτησιόχου
913 3346 930 3416 ὁ
941 3354 1077 3428 Κνίδιος
1088 3349 1187 3416 σννέ-
