2575 3842
170 204 233 268 306
515 204 835 281 [Λοναιπαοη

173 373 282 447 ζουσα.
306 371 335 431 6.
354 361 445 449 κάγώ
460 361 565 441 εύθύς
577 368 680 430 ἔνθεν
695 363 796 447 ἑλόν,
808 362 864 442 Ὡς
878 361 1070 451 εὐρύθμως,
1086 369 1184 451 ἔφην,

173 459 200 531 τό
217 461 299 549 καλὴ
312 469 521 546 Παλαίστρα,
539 459 600 546 τὴν
616 457 728 546 πυγὴν
744 467 784 548 τῇ
798 461 902 550 χύτρα
919 458 1004 546 ὁμοῦ
1020 482 1186 548 συμπερι-

173 565 284 649 φέρεις
300 563 354 628 καὶ
375 567 507 637 κλίνεις.
535 556 555 643 ἡ
575 559 610 625 δὲ
629 554 737 642 ὀσφύς
752 557 832 643 ἡμῖν
848 555 958 644 ὑγρῶς
980 562 1184 629 ε’πικινεῖται.

171 661 333 746 μακάριος
345 657 435 735 ὅστις
450 659 600 724 ἐνταῦθα
615 657 809 743 ένεβάψατο.
831 654 852 742 ἡ
870 657 905 724 δὲ
920 657 1105 742 -σφόδρα
1120 655 1186 743 γάρ

101 775 153 828 574
172 752 215 845 ἦν
236 755 354 841 ἰταμόν
376 757 430 823 καὶ
446 760 591 840 χαρίτων
607 752 729 839 μεστόν
749 751 786 821 τό
809 755 970 839 κοράσιον
985 795 1028 806 -
1041 753 1187 839 Φεύγοις

173 855 233 939 άν,
251 852 359 938 εἶπεν,
376 845 402 919 ὦ
419 858 588 935 νεανίσκε,
606 861 640 918 εί
648 878 686 936 γε
699 857 786 919 νούν
799 857 884 936 ἔχοις
897 855 952 920 καὶ
969 859 1027 938 ζῆν
1043 854 1186 935 ἐθέλοις,

175 951 218 1031 ὡς
233 958 360 1019 πολλοῦ
371 948 477 1033 πνρός
489 953 543 1017 καί
554 957 669 1034 κνίσης
684 951 802 1035 μεστά·
825 946 869 1036 ἢν
883 948 948 1035 γάρ
960 949 1066 1018 αὐτοῦ
1078 950 1187 1036 μόνον

174 1049 259 1137 δίψη,
275 1055 405 1133 τραῦμα
421 1053 506 1133 ἔχων
523 1055 730 1133 πορίκαυτον
744 1047 849 1115 αὐτοῦ
863 1074 920 1133 μοι
935 1047 1185 1133 παρεδρεύσεις,

174 1145 377 1229 θεραπεύσει
393 1148 432 1213 δέ
446 1167 483 1213 σε
506 1145 615 1223 οὐδεὶς
631 1142 704 1212 ἀλλ’
725 1143 803 1212 οὐδὲ
823 1142 904 1224 θεὸς
919 1146 1048 1230 ίατρός,
1071 1141 1146 1212 ἀλλ’
1165 1141 1184 1230 ἡ

173 1243 410 1312 κατακαύσασά
427 1263 464 1310 σε
478 1243 565 1328 μόνη
582 1243 665 1328 ἐμοί,
689 1243 744 1309 καί
759 1239 795 1308 τό
808 1243 1095 1327 παραδοξότατον,
1119 1239 1184 1327 ἐμοὶ

173 1345 235 1430 μέν
247 1362 284 1409 σε
298 1343 427 1422 ποιήσω
443 1344 545 1408 πλέον
562 1350 699 1424 ποθεῖν,
716 1341 771 1408 καί
785 1338 921 1425 τῆςάπό
932 1347 990 1426 τῆς
1002 1346 1183 1424 θεραπείας

173 1438 299 1524 ὀδύνης
315 1438 500 1523 ἀρδόμενος
516 1435 566 1505 άεὶ
588 1435 715 1524 ἀνθέξη
730 1439 785 1504 καὶ
799 1435 878 1506 ούδὲ
895 1444 1004 1515 λίθοις
1019 1437 1184 1524 βαλλόμε-

174 1565 231 1617 νος
246 1536 309 1622 τὴν
325 1545 483 1622 γλυκεῖαν
504 1532 632 1620 ὀδύνην
648 1536 763 1622 φεύξη.
792 1543 826 1603 τί
836 1543 950 1626 γελᾷς;
973 1533 1094 1621 ἀκριβῆ
1107 1536 1184 1619 βλέ-

173 1662 244 1714 πεις
260 1635 601 1719 άνθρωπομάγειρον·
624 1631 666 1699 ού
677 1631 742 1718 γάρ
757 1635 845 1718 μόνα
855 1641 959 1701 ταῦτα
975 1639 1088 1718 φαῦλα
1100 1630 1183 1698 ἐδεό·
1283 1632 1284 1689 λ

174 1738 252 1819 διμα
270 1734 435 1818 σκευάζοι,
459 1731 532 1801 ἀλλ’
551 1731 616 1819 ἤδη
638 1730 675 1801 τό
692 1736 776 1818 μέγα
792 1740 891 1800 τούτο
913 1734 967 1799 καὶ
982 1730 1102 1815 καλόν,
1122 1727 1184 1796 τόν

172 1830 375 1916 ἄνθρωπον,
394 1830 468 1899 οἶδα
479 1838 583 1917 ἔγωγε
594 1835 648 1899 καὶ
658 1832 817 1916 σφάττειν
828 1835 883 1899 καὶ
894 1834 1004 1918 δέρειν
1016 1830 1071 1896 καί
1081 1855 1184 1894 κατα-

172 1931 318 2016 κόπτειν,
328 1929 445 2018 ἥδιστα
455 1932 491 2000 δὲ
502 1940 569 2000 τῶν
581 1933 782 2017 σπλάγχνων
792 1930 904 1999 αὐτῶν
914 1933 1035 2015 καὶτῆς
1046 1933 1184 2013 καρδίας

172 2029 326 2117 ἅπτομαι.
355 2037 461 2098 Τοῦτο
478 2031 540 2117 μὲν
557 2028 686 2116 ὀρθῶς,
709 2035 811 2116 ἔφην,
827 2031 948 2115 λέγεις·
977 2023 1109 2112 καὶγὰρ
1128 2025 1184 2111 ἐμὲ

172 2130 354 2214 πόρρωθεν
374 2131 428 2197 καλ
442 2131 525 2215 μηδὲ
545 2125 645 2214 ἐγγύς
659 2126 740 2195 ὀντα
755 2127 797 2193 ού
817 2126 1043 2211 κατακαύματι
1059 2121 1105 2210 μά
1122 2118 1181 2191 Δί’

171 2225 254 2295 άλλά
271 2225 338 2317 όλφ
350 2230 531 2317 ἐμπρησμῷ
543 2229 719 2313 ἐπέθηκας,
735 2228 789 2323 καί
802 2223 856 2292 διά
867 2232 935 2292 τόν
946 2221 1105 2310 ὀμμάτων
1115 2230 1184 2289 τῶν

171 2330 261 2410 ἐμῶν
274 2324 310 2392 τό
329 2323 392 2393 σόν
412 2324 456 2412 μὴ
479 2327 688 2411 φαινόμενον
709 2334 777 2409 πύρ
792 2326 882 2392 κάτω
904 2327 936 2402 ἐς
951 2322 992 2392 τά
1009 2324 1183 2408 σπλάγχνα

103 2443 153 2496 575
171 2421 257 2507 τάμά
272 2426 396 2506 ῥίψασα
412 2425 568 2511 φρύγεις,
584 2427 752 2492 καὶταῦτα
765 2422 865 2493 οὐδὲν
879 2421 1075 2491 ἀδικοῦντα·
1099 2421 1183 2488 ὥστε

172 2519 256 2604 πρὸς
271 2528 363 2587 θεῶν
375 2528 468 2589 ίασαί
482 2547 523 2605 με
536 2523 671 2600 ταύταις
688 2518 740 2602 αἷς
756 2526 861 2609 λέγεις
872 2521 954 2610 αὐτὴ
967 2537 1037 2601 ταῖς
1051 2537 1182 2608 πικραῖς

172 2620 228 2687 καὶ
244 2615 369 2704 ἡδείαις
389 2625 600 2705 θεραπείαις,
629 2627 688 2688 καί
701 2648 741 2708 με
761 2621 824 2709 ἤδη
842 2621 1101 2708 ἀπεσφαγμένον
1121 2631 1183 2688 λα-

172 2723 280 2805 βοῦσα
298 2720 401 2801 δεῖρε,
424 2715 514 2796 ὅπως
531 2715 613 2805 αὐτὴ
634 2722 751 2798 θέλεις.
783 2719 804 2805 ἡ
824 2722 859 2788 δὲ
876 2725 959 2807 μέγα
973 2724 1028 2789 καὶ
1045 2719 1182 2807 ἥδιστον

172 2820 208 2885 έκ
217 2816 340 2885 τούτου
352 2813 609 2902 άνακαμχάσασα
620 2816 680 2905 ἐμὴ
692 2815 729 2884 τό
742 2817 862 2886 λοιπόν
872 2813 926 2906 ἦν,
943 2822 998 2887 καὶ
1011 2820 1182 2886 συνέκειτο

170 2914 267 3003 ἡμῖν,
292 2914 397 3001 ὅπως,
419 2915 555 2983 ἐπειδάν
568 2915 877 3005 κατακοιμίσητούς
898 2917 1075 3002 δεσπότας,
1099 2923 1182 3004 ἔλθη

172 3025 250 3083 είσω
267 3013 346 3098 παρ’
363 3016 418 3100 ἐμὲ
439 3019 494 3082 καί
507 3016 712 3103 καθενδηση.
742 3019 769 3084 7.
788 3013 928 3102 κάπειδὴ
949 3014 1087 3103 ἀφίκετό
1100 3040 1181 3083 ποτε

117 3102 128 3114 X
171 3111 383 3198 όἻππαρχος,
393 3113 595 3199 λουσάμενοι
606 3117 825 3201 ἐδειπνοῦμεν
834 3118 888 3183 καὶ
897 3116 997 3194 πότος
1005 3109 1050 3202 ἦν
1059 3112 1181 3201 συχνός

169 3207 265 3296 ἡμῶν
280 3209 504 3297 ὁμιλούντων·
527 3211 594 3280 εἶτα
604 3220 667 3280 τοῦ
677 3210 791 3282 ύπνον
801 3216 1096 3300 καταψευσάμενος
1106 3212 1180 3281 άνί-

171 3327 291 3392 σταμαι
307 3310 362 3376 καὶ
378 3315 463 3400 ἔργῳ
478 3308 599 3400 άπῄειν
609 3317 695 3378 ἔνθα
706 3310 830 3397 ᾤκουν.
853 3314 963 3380 πάντα
979 3314 1015 3381 δὲ
1028 3311 1068 3379 τά
1080 3317 1179 3380 ἔνδον

171 3395 212 3470 εὖ
226 3406 491 3484 παρεσκεύαστο·
513 3417 560 3497 τῷ
570 3409 631 3494 μὲν
643 3411 734 3476 παιδί
747 3414 808 3489 ἔξω
820 3408 1021 3497 ὑπέστρωτο,
1036 3412 1176 3494 τράπεζα
