2575 3842
447 174 676 232 ΦΛΛΑΡΙΣ
693 175 733 233 Α.
1035 176 1094 237 103

87 338 177 399 κείαν
201 330 304 411 αὐτάς
324 335 523 418 μεμῃυέναι;
551 329 622 417 τάχ’
646 327 690 398 άν
712 327 776 400 οὖν
795 361 843 412 τις
863 334 1093 421 ὑπώπτευσεν,

86 429 192 507 άλλως
208 430 421 515 χωρήσαντος
435 438 496 496 τοῦ
507 436 613 496 κακοῦ
629 431 763 497 καὶτῶν
779 432 967 517 φαρμάκων
978 430 1018 499 οὐ
1033 436 1093 499 δυ-

87 530 278 611 νηθέντων,
296 529 449 615 κακοήθη
460 531 514 595 καὶ
525 525 668 610 δολερὰν
683 526 744 613 τήν
758 536 944 613 θεραπείαν
958 532 1094 614 μεμονέ-

86 651 151 691 ναι.
175 630 227 691 32.
245 627 300 693 καί
315 623 355 692 τά
372 627 434 712 μὲν
448 634 505 711 τῆς
521 626 700 711 γυναικός,
719 619 745 691 ά
761 626 881 712 πάτερ,
900 624 1004 705 οὕτως
1019 633 1094 713 ἔχει,

86 726 140 792 καὶ
157 725 249 791 πάνυ
267 746 320 792 σοι
335 723 522 812 τετηρηκώς
537 729 637 810 λέγω·
671 721 713 790 οὔ
730 749 809 791 ποτε
825 727 910 813 ῥᾷον
925 727 1004 808 ἕξει,
1031 720 1095 791 κάν

87 822 241 907 μυριάκις
263 831 321 911 πίῃ
338 831 399 890 τοῦ
419 824 616 910 φαρμάκου·
651 818 705 887 διά
727 819 818 888 τοῦτ’
837 826 1012 910 ἐπιχειρεῖν
1032 819 1095 889 οὐκ

87 918 195 1005 ἄξιον,
213 924 243 986 εί
255 915 299 1003 μή
316 914 399 1001 πρός
414 914 571 1003 μόνοντὰ
588 915 765 1004 ἀποτυχεῖν
776 945 816 1004 με
831 926 1023 1008 κατεπείγῃς
1038 920 1093 986 καὶ

87 1017 262 1102 κακοδοξίᾳ
276 1021 466 1099 περιβαλεῖν
481 1018 590 1104 θέλῃς.
620 1022 721 1083 ἔασον
736 1014 801 1084 ὑπό
820 1025 887 1085 τῶν
905 1017 1092 1105 ὁμοτέχνων

88 1122 302 1198 φθονεῖσθαι.
325 1109 384 1179 ἐάν
402 1114 441 1179 δέ
453 1139 493 1198 με
507 1110 718 1201 ἀποκηρύξῃς
732 1116 852 1199 πάλιν,
869 1113 932 1202 ἐγώ
947 1118 1008 1203 μὲν
1019 1122 1094 1183 καί·

87 1237 137 1277 τοι
153 1212 290 1278 πάντων
302 1216 422 1297 ἔρημος
433 1211 613 1295 γενόμενος
624 1209 725 1279 οὐδὲν
736 1213 818 1278 κατὰ
832 1220 895 1279 σοῦ
907 1212 1020 1278 δεινὸν
1036 1211 1093 1279 εὕ-

86 1313 191 1393 ξομαι.
214 1316 248 1376 τί
261 1306 291 1374 δ’
308 1307 360 1392 άν,
378 1306 459 1393 ὅπερ
472 1306 516 1393 μή
532 1310 675 1393 γένοιτο,
693 1302 826 1393 αὖθιςή
841 1308 939 1386 νόσος
955 1311 1094 1375 ἐπανέλ-

85 1416 150 1491 θῃ;
173 1446 215 1455 -
236 1414 328 1490 φιλεῖ
345 1405 409 1490 γάρ
431 1428 501 1482 πως
521 1401 561 1471 τά
580 1411 717 1472 τοιαῦτα
735 1405 949 1491 ἐρεθιζόμενα
973 1414 1093 1472 παλιν·

86 1510 224 1591 δραμεῖν
235 1511 321 1571 -τί
332 1531 372 1590 με
387 1509 508 1590 πρᾶξαι
525 1504 651 1589 δεήσεις
673 1504 874 1590 θεραπεύσω
889 1506 951 1590 μὲν
967 1494 1006 1570 εὖ
1021 1511 1093 1571 ῖσθι

85 1605 141 1670 καὶ
161 1604 234 1670 τότε
251 1604 306 1669 καὶ
327 1600 465 1669 οὔποτε
485 1608 587 1682 λείψω
604 1601 667 1687 τήν
687 1604 797 1688 τάξιν,
822 1601 864 1688 ἢν
881 1599 960 1681 τοὺς
975 1605 1094 1679 παῖδας

86 1699 233 1787 ἒταξενή
251 1700 369 1787 φύσις,
390 1697 544 1767 οὐδὲτοῦ
558 1701 677 1784 με’νους
697 1698 733 1767 τό
755 1698 806 1768 ἐπ’
832 1704 963 1791 ἐμαυτῷ
980 1700 1093 1785 ἐπιλή·

85 1820 194 1886 σομαι.
215 1798 271 1867 εἶτ’
286 1795 329 1866 άν
340 1799 572 1885 σωφρονήσῃς,
588 1792 690 1876 αὖθις
701 1796 949 1886 ἀναλαμβάνειν
961 1800 1093 1865 πάποτε

84 1904 262 1965 πιστεῦσαί
276 1922 316 1983 με
332 1901 398 1977 δεῖς
414 1894 510 1985 ὁρᾷς;
525 1894 588 1980 ήδη
601 1898 770 1962 καὶταῦτα
783 1904 889 1963 ποιεῖν
901 1900 1022 1985 ἐπισπᾷ
1033 1894 1093 1981 τήν

83 1997 190 2064 νόσον
210 1998 264 2063 καί
280 1994 542 2082 ὑπομιμνήσκεις
555 1991 592 2060 τό
614 1994 734 2070 πάθος.
761 1994 840 2078 χθὲς
855 1997 908 2063 καὶ
923 1994 1042 2082 πρῴην
1057 1996 1092 2060 ἐκ

83 2094 292 2180 τηλικούτων
314 2101 427 2161 κακῶν
445 2091 640 2177 άνασφήλας
661 2095 808 2178 διατείνῃ
822 2093 876 2159 καὶ
891 2099 972 2179 βοᾷς
987 2094 1041 2157 καί
1056 2088 1092 2155 τό

83 2197 257 2278 μέγιστον,
278 2190 390 2281 ὀργίζῃ
405 2194 457 2259 καὶ
479 2188 562 2275 πρὸς
576 2205 671 2277 μῖσος
686 2193 788 2277 τρέπῃ
803 2191 858 2257 καὶ
873 2186 952 2267 τούς
968 2189 1094 2273 νόμους

83 2290 270 2368 άνακαλεῖς.
305 2300 410 2376 οίμοι,
435 2291 556 2373 πάτερ,
582 2286 676 2356 ταῦτ’
694 2282 738 2374 ήν
754 2310 818 2355 σου
839 2290 970 2376 καὶτῆς
992 2286 1094 2355 πάλαι

82 2398 205 2478 μανίας
218 2388 259 2458 τά
274 2400 440 2476 προοίμια.

494 2598 692 2607 n————-

255 2792 576 2860 ΦΑΛΑΡΙΣ
620 2792 929 2859 ΠΡΩΤΟΣ.
1112 2803 1160 2859 187

170 2971 199 3033 1.
212 2964 382 3051 Ἔπεμψεν
395 2962 496 3051 ἡμᾶς,
513 2958 540 3032 ά
554 2971 700 3050 Δελφοί,
722 2960 740 3030 ὁ
756 2961 912 3049 ἡμέτερος
927 2960 1093 3044 δυνάστῃς

82 3065 234 3146 Φάλαρις
255 3062 392 3142 ἄξοντας
415 3071 460 3153 τῷ
479 3071 550 3151 θεῷ
569 3060 629 3131 τόν
649 3070 775 3144 ταῦρον
796 3066 917 3127 τοῦτον
937 3060 991 3125 καὶ
1012 3054 1092 3142 ὑμίν

81 3164 338 3246 διαλεξομένους
357 3159 397 3227 τά
416 3163 526 3229 εἰκότα
546 3159 631 3245 ὑπέρ
647 3186 681 3227 τε
697 3157 801 3226 αὐτοῦ
818 3160 946 3223 ἐκείνου
960 3158 1014 3222 καὶ
1031 3158 1092 3221 τοῦ

81 3258 309 3345 ἀναθήματος.
335 3250 383 3326 τόν
398 3259 458 3344 μὲν
473 3253 537 3325 οὖν
550 3260 648 3326 ἕνεκα
662 3256 804 3344 ἥκομεν,
825 3255 929 3323 ταῦτά
944 3257 1048 3322 ἐστιν·
1070 3252 1091 3321 ά

81 3360 122 3423 δέ
133 3383 172 3442 γε
184 3353 269 3441 πρός
280 3352 367 3443 ὑμᾶς
378 3357 573 3442 ἐπέστειλεν,
588 3364 708 3425 ταῦτα·
728 3353 819 3441 Ἐγώ,
835 3360 948 3439 φησίν,
965 3346 1091 3423 &Aez-
