2575 3842
388 196 598 263 ΤΟΞΑΡΙΣ
614 205 641 254 Η
665 201 823 259 ΦΙΛΙΑ.
1043 201 1105 266 279

92 369 229 446 πρᾶγμα
241 361 418 428 ἐποιοῦντο
431 359 486 424 καὶ
498 355 607 434 οὐδεὶς
625 357 716 436 ὅστις
728 357 769 425 οὐ
780 368 889 445 γελῶν
900 359 1105 448 άπηλλάττε·

93 484 147 542 το,
175 453 249 524 οἷον
267 453 431 541 Ἀρεταῖος
447 457 502 522 καὶ
517 460 699 538 Χαρίξενος
717 460 751 524 οί
767 455 961 543 εὐδαίμονες
978 467 1104 547 κλήρου

95 556 315 638 διαδέξονται,
333 553 501 638 λέγοντες,
518 562 610 637 είπερ
629 551 846 621 ἀποτίσουσιν
857 553 1031 644 Εὐδαμίδᾳ
1048 561 1103 625 καὶ

95 657 211 732 ζῶντες
228 648 322 718 αὐτοὶ
341 651 650 736 κληρονομήσονται
671 649 737 718 ύπδ
757 659 818 720 τοῦ
834 661 968 738 νεκροῦ.
1003 661 1053 722 23.
1073 658 1106 722 οί

93 749 294 838 κληρονόμοι
307 750 352 834 δέ,
365 744 413 827 οἷς
424 755 527 816 ταῦτα
538 751 777 836 κατελέλειπτο,
790 747 835 828 ὡς
845 749 1006 836 ἤκουσαν,
1018 744 1104 836 ήκον

94 846 199 926 εὐθὺς
210 851 399 924 διαιτῶντες
409 844 449 912 τά
467 850 503 914 ἐκ
517 854 585 915 τῶν
597 852 780 934 διαθηκῶν.
810 845 903 933 ὁμέν
921 843 984 915 οὐν
995 857 1101 931 Χαρί-
1120 859 1172 912 ὀὸῖ

95 950 187 1024 ξενος
198 948 295 1013 πέντε
313 945 420 1030 μόνας
430 941 552 1030 ἡμέρας
562 944 710 1032 έπιβιούς
726 944 909 1030 ἀπέθανεν,
926 943 993 1014 ὁδὲ
1009 945 1103 1032 ’Λρε-
1138 1022 1140 1025 ,

93 1057 183 1120 ταῖος
201 1041 334 1127 ἄριστος
355 1043 574 1129 κληρονόμων
594 1043 775 1129 γενόμενος
791 1044 853 1129 τήν
870 1070 906 1111 τε
924 1041 1030 1111 αὑτοῦ
1047 1046 1102 1110 καί

92 1136 154 1224 τήν
172 1141 302 1207 ἐκείνου
319 1145 436 1227 μερίδα
448 1139 652 1228 παραλαβών
671 1143 785 1226 τρέφει
802 1167 837 1207 τε
854 1148 916 1208 τοῦ
926 1139 1101 1227 Εὐδαμίδα

92 1237 154 1324 τήν
165 1239 288 1323 μητέρα
301 1240 355 1304 καὶ
366 1235 428 1322 τὴν
445 1241 615 1325 θυγατέρα
635 1237 677 1305 οὐ
688 1235 752 1322 πρὸ
766 1246 894 1305 πολλοῦ
905 1240 1099 1322 ἐκδέδωκεν,

92 1331 157 1401 άπὸ
171 1335 343 1402 ταλάντων
354 1338 451 1404 πέντε
463 1327 511 1402 ὦν
523 1334 595 1420 εἶχε,
612 1335 675 1403 δύο
686 1336 748 1422 μέν
759 1343 798 1424 τῇ
809 1338 930 1403 ἑαυτοῦ
943 1344 1099 1423 θυγατρί,

92 1433 153 1499 δύο
166 1434 201 1499 δὲ
213 1439 253 1521 τή
264 1440 326 1500 τοῦ
338 1439 439 1518 φίλου
450 1434 600 1519 ἐπιδούς,
613 1436 667 1502 καὶ
679 1432 739 1501 τὸν
750 1434 860 1519 γάμου
870 1461 908 1520 γε
920 1433 1038 1502 αὐταῖν
1049 1437 1101 1502 ἐπὶ

91 1537 168 1614 μιᾶς
178 1527 302 1617 ήμέρας
316 1527 432 1615 ήξίωσε
449 1535 617 1616 γενέσθαι.
640 1539 673 1598 τί
681 1551 734 1598 σοι
752 1535 858 1615 δοκεῖ,
879 1525 906 1598 οὐ
921 1533 1058 1617 Τόξαρι,
1081 1528 1098 1597 ὁ

88 1625 252 1710 Ἀρεταῖος
270 1620 384 1708 οὗτος;
407 1619 470 1709 ἆρα
491 1635 624 1712 φαύλου
640 1629 850 1714 παράδειγμα
868 1635 979 1713 φιλίας
995 1655 1100 1712 παρε-

93 1730 234 1808 σχῆσθαι
245 1730 381 1791 τοιαῦτα
399 1727 652 1811 κληρονομήσας
669 1724 778 1812 καὶμὴ
796 1724 943 1813 προδούς
955 1725 1012 1805 τάς
1027 1732 1100 1794 δια-

79 1822 201 1906 ·θήκας
218 1829 278 1888 τοῦ
297 1829 413 1906 φίλου;
434 1815 455 1906 ἦ
465 1829 602 1907 τίθεμεν
613 1824 668 1891 καί
684 1830 806 1890 τοῦτον
823 1826 859 1890 έν
875 1837 945 1900 ταῖς
962 1831 1099 1902 τελείαις

93 1918 216 2005 ψήφοις
227 1924 306 2004 μίαν
317 1925 385 1985 τῶν
397 1923 494 1985 πέντε
505 1917 605 1998 είυαις

179 2020 273 2093 ΤΟΞ.
295 2018 360 2084 Καὶ
376 2007 473 2094 οὗτος
488 2015 550 2101 μὲν
564 2016 680 2096 καλός·
703 2017 767 2102 ἐγώ
782 2022 819 2085 δὲ
833 2017 892 2086 τὸν
904 2019 1099 2104 Εὐδαμίδαν

90 2113 177 2182 πολύ
197 2122 324 2200 μάλλον
341 2113 517 2199 ἐθαύμασα
536 2121 595 2192 τοῦ
615 2114 784 2201 θάρσους,
810 2112 830 2182 δ
850 2113 936 2200 εἶχεν
956 2117 1008 2181 ἐπὶ
1031 2129 1099 2193 τοῖς

90 2219 207 2297 φίλοις.
237 2212 358 2298 ἐδήλου
372 2209 437 2296 γάρ
460 2208 503 2290 ὡς
523 2212 578 2279 καὶ
595 2208 695 2290 αὐτὸς
715 2207 759 2279 ἂν
779 2210 819 2279 τά
837 2209 936 2298 ὅμοια
958 2216 1098 2297 ἔπραξεν

90 2310 141 2378 ἐπ’
159 2308 288 2396 αὐτοῖς,
312 2315 342 2377 εί
353 2312 408 2376 καὶ
422 2306 521 2395 μήέν
544 2310 721 2397 διαθήκαις
741 2319 844 2378 ταῦτα
866 2314 1096 2397 ἐνεγέγραπτο,

89 2403 172 2478 άλλά
188 2405 251 2491 πρδ
270 2415 337 2474 τῶν
354 2407 465 2476 άλλοιν
480 2400 562 2493 ήκεν
579 2405 623 2476 δν
637 2407 789 2494 ἄγραφος
805 2408 1012 2495 κληρονόμος
1029 2418 1097 2476 τῶν

88 2531 260 2574 τοιουτων.

172 2607 223 2670 24.
240 2610 389 2670 ΜΝΗΣ.
406 2597 458 2671 Εὐ
469 2604 582 2688 λέγεις.
603 2603 760 2690 τέταρτον
771 2606 810 2669 δέ
819 2625 872 2669 σοι
884 2604 1094 2690 διηγήσομαι,
1114 2617 1166 2674 533

89 2701 282 2785 Ζηνόθεμιν
292 2696 351 2765 τὸν
362 2699 546 2786 Χαρμόλεω
557 2708 818 2786 Μασσαλίηθεν·
842 2703 973 2785 ἐδείχθη
993 2704 1031 2768 δέ
1040 2728 1097 2787 μοι

89 2799 125 2862 έν
139 2793 256 2884 Ἰταλίη
268 2797 487 2882 πρεσβεύοντι
498 2795 581 2881 ὑπὲρ
593 2805 650 2883 τῆς
665 2802 821 2882 πατρίδος
832 2795 933 2874 καλὸς
944 2795 1030 2884 άυήρ
1042 2802 1097 2865 καὶ

88 2898 190 2980 μέγας
201 2895 255 2959 καί
267 2894 434 2978 πλούσιος,
448 2891 491 2972 ὡς
503 2894 624 2962 ἐδόκει·
639 2897 853 2979 παρεκάθητο
864 2894 899 2960 δέ
909 2891 999 2984 αὐτῷ
1009 2893 1096 2982 γυνή

88 2993 139 3059 ἐπὶ
151 2991 288 3075 ζεύγους
300 2988 533 3074 ὁδοιποροῦντι
544 2993 583 3058 τά
595 3017 630 3057 τε
642 2989 725 3058 ἄλλα
737 2989 888 3075 είδεχθής
899 2993 952 3058 καὶ
965 2988 1048 3076 ξηρά
1058 2988 1094 3057 τὸ

87 3086 190 3174 ήμισυ
201 3085 237 3156 τὸ
252 3085 362 3168 δεξιὸν
373 3089 428 3156 καὶ
444 3085 504 3154 τὸυ
516 3086 695 3175 ὀφθαλμὸν
706 3090 945 3173 ἐκκεκομμένη,
962 3088 1096 3155 παλλά-

86 3187 191 3280 βητύν
207 3216 238 3255 τι
255 3190 310 3256 καί
328 3185 511 3272 άπρόσιτον
527 3192 783 3277 μορμολύκειον.
814 3188 881 3256 εἶτα
901 3192 970 3257 ἐπεὶ
989 3190 1096 3257 ἐθαύ-

86 3307 174 3370 μασα
187 3290 217 3353 εί
227 3283 328 3363 καλδς
339 3283 445 3364 οὕτως
456 3289 510 3354 καί
529 3285 650 3375 ὡραῖος
662 3285 711 3354 ὐυ
720 3285 869 3372 άνέχεται
886 3289 1095 3373 παροχουμέ·

85 3409 150 3468 νην
164 3385 322 3469 τοιαύτην
334 3381 423 3476 αὐτῷ
434 3400 593 3471 γυναῖκα,
609 3384 626 3453 ὁ
640 3390 746 3465 δείξας
759 3382 864 3452 αὐτὸν
882 3384 1027 3472 διηγεῖτό
1037 3411 1094 3472 μοι
