2575 3842
444 261 446 267 Α
496 183 699 243 mm.
1040 181 1102 246 εει

92 350 195 418 αυθις
213 339 453 426 ε’νευσχολήσας
466 354 534 418 τοῖς
546 346 715 425 λογισμοῖς
730 337 748 406 ό
763 346 835 426 βίος
850 344 1040 429 ἐπεξεῦρεν,
1059 340 1103 421 ὥς

92 441 230 507 ἐκείνων
248 436 373 525 ἀμείνω
393 442 555 524 τιμητέον.
586 444 636 506 36.
663 439 734 522 ἐμοὶ
754 437 816 523 μὲν
830 438 896 526 γάρ
912 437 1027 525 ὀλίγου
1047 442 1102 507 καὶ

92 545 195 624 γελᾶν
205 543 340 624 ἔναγχος
351 538 454 625 ἐπήει,
465 539 671 622 Χαρικλέους
681 536 784 622 ἀλογα
797 543 862 626 ζῷα
872 539 927 605 καὶ
936 535 998 624 τήν
1007 546 1102 605 Σκυ-

92 643 170 702 θοῦν
184 637 323 721 ἐρημίαν
341 638 573 712 ἐπαινοῦντος·
603 631 719 718 ὀλίγον
736 635 772 700 δέ
787 632 852 700 ὑπό
868 641 925 720 τῆς
941 632 1028 720 ἀγαν
1043 661 1103 719 φι-

93 739 259 810 λονεικίας
275 735 334 814 Ικαλ
355 729 502 818 μετενόει
520 731 701 818 γενόμενος
715 730 846 816 Ἕλλην.
879 728 958 799 οὐδὲ
974 730 1039 817 γὰρ
1058 729 1102 809 ὡς

92 831 227 896 ἐναντία
243 814 474 916 φθεγγόμενος
489 823 538 906 οἷς
552 832 710 913 ἐπεχείρει
725 830 850 914 λέγειν,
865 827 1101 918 ῦπεσταλμένῳ

93 933 137 1016 τῷ
154 934 211 1012 τῆς
227 933 343 1012 φωνῆς
359 926 447 1017 τόνω
466 924 503 994 τό
520 928 627 1013 ῥηθὲν
644 932 815 1012 ἐκλεπτεν,
839 924 914 994 ἀλλ’
933 929 1101 1014 ἐπηρμένη

94 1033 193 1114 φωνή
203 1032 427 1112 λαρυγγίζων,
444 1021 517 1093 Οόκ
531 1027 648 1109 έριῦσι,
666 1031 784 1110 φησίν,
803 1023 956 1111 ἀλλήλων
971 1029 1102 1102 λέοντες

93 1122 167 1190 οὐδ’
187 1121 301 1207 ἀρκτοι
315 1125 370 1192 καὶ
384 1124 477 1206 σόες,
495 1120 569 1190 ἀλλ’
585 1120 728 1208 αῦτῶυή
743 1120 826 1206 πρός
839 1121 876 1189 τό
890 1131 980 1208 θῆλυ
994 1121 1102 1208 μόνον

94 1218 179 1307 ὁρμή
197 1237 317 1309 κρατεῖ.
345 1223 401 1290 καλ
414 1229 448 1290 τί
458 1221 673 1306 θαυμαστόν;
697 1217 797 1306 ἀγάρ
815 1222 852 1286 ἐκ
867 1226 1029 1314 λογισμοῦ
1048 1223 1099 1286 δι-
1117 1224 1166 1280 437

41 1345 43 1348 ·
93 1321 245 1399 καίωςάν
258 1349 307 1400 τις
318 1324 434 1406 ἕλοιτο,
450 1327 552 1389 ταῦτα
567 1333 634 1397 τοϊς
646 1317 690 1405 μή
704 1320 902 1404 δυναμένοις
912 1321 1101 1402 λογίζεσθαι

93 1414 139 1484 δι’
161 1415 359 1505 ἀφροσύνην
380 1417 442 1486 οῦκ
464 1424 592 1486 ἔνεστιν
611 1422 707 1502 ἔχειν.
737 1419 810 1483 ε’πεί
827 1441 880 1490 τοιΙ
897 1411 1102 1500 Προμηθεὺς

92 1510 112 1600 ή
129 1521 222 1582 θεῶν
238 1543 286 1594 τις
303 1515 402 1595 ἀλλος
418 1522 448 1584 εί
466 1523 552 1583 νοῦν
569 1515 695 1603 ἑκάστῳ
711 1514 905 1593 συνέζευξεν
924 1509 1101 1597 ἀνθρώπι-

94 1637 172 1695 νον,
194 1610 256 1678 οῦκ
272 1607 315 1679 άν
332 1615 449 1698 ἐρημία
470 1614 524 1679 καὶ
544 1617 615 1698 βίος
635 1610 744 1695 ὄρειος
764 1609 886 1688 αὐτοῦς
908 1614 1101 1695 ἐποίμαινεν

94 1705 173 1776 οὐδὲ
188 1706 352 1793 ἀλλήλους
371 1706 501 1795 τροφήν
517 1707 620 1795 εἶχον,
643 1712 676 1789 ἐξ
699 1718 775 1779 ίσου
787 1710 826 1774 δὲ
846 1706 927 1794 ἡμῖν
942 1705 1015 1791 ίερά
1033 1711 1102 1774 δει-

93 1806 235 1891 μάμενοι
251 1808 305 1873 καὶ
325 1810 429 1893 μέσην
444 1811 555 1874 ἑστίαν
575 1814 642 1873 τῶν
658 1810 753 1872 ίδίων
766 1806 902 1882 ἕκαστος
917 1811 1020 1872 οίκοῦυ
1032 1801 1099 1871 ῦπό

93 1917 162 1981 τοῖς
177 1917 302 1981 κοινοῖς
323 1906 553 1973 ἐπολιτεύοντο
573 1905 699 1990 νόμοις.
731 1909 766 1970 τί
780 1900 820 1988 δή
842 1901 1048 1986 παράδοξον,
1072 1909 1101 1971 εί

94 2007 159 2091 ζῷα
174 2007 231 2087 τῆς
247 2001 379 2086 φάσεως
394 2004 574 2088 κατάκριτα
586 2003 691 2088 μηδὲν
703 1993 752 2067 τόν
768 2002 920 2085 λογισμοὶ
936 2003 1101 2085 παρέχον-

92 2125 162 2184 ται,
178 2097 266 2184 παρά
281 2106 338 2186 τής
352 2108 512 2187 προνοίας
527 2107 642 2186 λαβεῖν
655 2095 864 2184 ηῦτυχηκότα
878 2098 1102 2184 προσαφήρη-

92 2225 146 2266 ται
170 2196 250 2284 μετά
270 2207 338 2266 τοῖν
360 2197 471 2268 ἀλλων
492 2203 546 2268 καὶ
572 2195 630 2276 τάς
652 2196 796 2284 άρρενας
815 2197 1010 2281 ἐπιθυμίας;
1038 2193 1101 2262 οῦκ

93 2301 193 2380 ἐροῦσι
218 2299 363 2382 λέοντες,
396 2298 474 2367 οῦδὲ
496 2297 561 2386 γάρ
590 2303 853 2381 φιλοσοφοῦσιν·
887 2293 950 2362 οῦκ
978 2297 1100 2377 ἐροῦσιν

92 2393 225 2478 ἀρκτοι,
241 2392 278 2461 τό
296 2393 359 2480 γάρ
376 2398 411 2465 ἐκ
427 2403 537 2482 φιλίας
554 2393 659 2464 καλόν
674 2390 737 2462 οῦκ
756 2404 875 2462 ίσασιν.
905 2391 1100 2479 ἀνθρώποις

91 2491 124 2560 δ’
142 2490 163 2578 ἡ
181 2493 253 2579 μετ’
271 2495 448 2582 ἐπιστήμης
463 2495 626 2581 φρόνησις
640 2497 677 2562 ἐκ
691 2501 752 2560 τοῦ
770 2493 929 2570 πολλάκις
943 2498 1100 2577 πειρᾶσαι

88 2589 129 2660 τό
146 2592 323 2661 κάλλιστον
335 2597 472 2681 ἑλομένη
485 2593 720 2683 βεβαιοτάτους
731 2593 864 2678 ἐράτων
879 2593 1012 2679 ἐνόμισε
1022 2588 1102 2668 τοῦς

90 2690 244 2775 ἄρρενας.
272 2695 322 2760 37.
341 2691 385 2778 μή
407 2701 540 2778 τοίνυν,
564 2685 796 2777 άΧαρίκλεις,
818 2689 1007 2760 ἀκολάστου
1022 2696 1099 2776 βίου
1120 2693 1170 2747 438

90 2788 312 2874 συμφορήσας
334 2790 481 2877 ἑταιρικά
509 2792 693 2878 διηγήματα
720 2797 839 2877 γυμνῷ
863 2797 910 2877 τῷ
934 2790 1023 2877 λόγῳ
1043 2794 1101 2872 τῆς

89 2885 396 2974 σεμνότητοςήμων
405 2891 640 2977 καταπόμπευε
649 2892 731 2975 μηδὲ
740 2887 799 2956 τόν
809 2887 1101 2974 οῦράνιονἝρωτα

90 2991 136 3074 τῷ
157 2995 267 3076 νηπίω
287 2995 506 3075 συναρίθμει,
536 2995 668 3074 λογίζου
690 2988 726 3053 δὲ
748 2983 810 3065 ὀψέ
829 2985 892 3071 μὲν
911 2982 1039 3071 ἡλικίας
1058 2980 1099 3050 τά

90 3091 228 3152 τοιαῦτα
247 3087 533 3173 μεταμανθάνων,
561 3086 651 3172 ὅμως
671 3079 703 3150 δ’
729 3076 792 3152 οὖν
813 3088 945 3168 λογίζου
964 3087 1030 3147 νῦν
1052 3106 1099 3164 γε,

90 3183 269 3269 ἐπειδήπερ
287 3182 328 3252 οῦ
345 3185 526 3272 πρότερον,
552 3183 603 3252 ότι
625 3189 763 3259 διπλοῦς
782 3179 863 3259 θεός
884 3179 1035 3265 ὁἝρως,
1059 3176 1100 3245 οῦ

89 3283 174 3350 κατά
194 3289 274 3369 μίαν
290 3281 372 3350 ὁδόν
386 3292 514 3370 φοιτῶν
528 3280 607 3351 οῦδὲ
624 3285 670 3351 ἑνὶ
694 3281 857 3366 πνεύματι
872 3276 930 3357 τάς
942 3277 1101 3365 ἡμετέρας

93 3379 199 3469 ψυχάς
211 3384 385 3468 ἐρεθίζων,
401 3379 472 3450 ἀλλ’
488 3379 595 3469 ὁμέν,
613 3379 657 3458 ὡς
668 3380 727 3466 ἀν,
743 3378 848 3466 οἶμαι,
865 3382 986 3529 κηέιβή
997 3377 1101 3465 νήπια
