2575 3842
374 235 501 291 ΖΕΥΣ
522 233 809 293 ΤΡΑΓΩιΔΟΣ.
1031 233 1093 296 355

81 419 163 461 τειν.
187 392 325 478 ἀμεινον
342 385 421 476 οάυ,
445 389 551 478 οἶμαι,
572 399 610 481 τῇ
625 395 709 478 χειρὶ
724 401 898 480 σημαίνειν
915 398 969 464 καὶ
984 421 1094 484 παρα-

83 490 283 557 κελεύεσθαι
302 497 441 557 σιωπᾶν.
463 495 464 500 ’

168 609 294 670 ΖΕΥΣ.
321 600 419 670 Οὕτω
437 609 532 670 ποίει.

171 717 219 782 14.
237 719 342 780 ΕΡΜ.
364 703 417 780 Εὖ
432 737 486 797 γε,
510 709 718 796 ἀφωνότεροι
739 716 935 800 γεγένηνταί
953 734 1006 780 σοι
1027 722 1095 780 τῶν

84 819 264 897 σοφιστῶν.
289 809 372 878 ἀστε
394 808 465 894 ἀρα
482 815 691 896 δημηγορεῖν.
716 808 812 900 ὁρᾷςς
835 811 938 880 πάλαι
959 809 1043 899 πρὸς
1057 815 1094 880 σέ

85 907 313 994 ἀποβλέπουσι
327 911 560 994 περιμένοντες
575 906 595 973 ὅ
611 935 641 975 τι
657 911 711 975 καὶ
728 911 820 990 ἐρεῖς.

171 1027 296 1087 ΖΕΥΣ.
315 1017 400 1088 Ἀλλ’
415 1018 435 1086 ὅ
448 1045 485 1104 γε
496 1023 669 1104 πέπονθα,
688 1012 844 1105 ὦἘρμη,
863 1018 925 1088 οὐκ
936 1017 980 1086 ἀν
991 1017 1095 1105 ὀκνη-

87 1137 179 1204 σαιμι
201 1115 284 1203 πρὸς
299 1118 335 1186 σὲ
353 1124 457 1186 είπείν
474 1114 551 1184 υίδν
569 1115 658 1184 ὄντα.
689 1115 787 1184 οἶσθα
803 1116 893 1196 ὅπως
907 1123 1095 1204 θαρραλέος

87 1212 138 1283 ἀεὶ
155 1218 209 1282 καὶ
226 1216 452 1302 μεγαληγόρος
467 1219 503 1284 ἐν
521 1229 590 1293 ταῖς
605 1218 791 1302 ἐκκλησίαις
807 1207 859 1302 ἦν.

173 1333 274 1396 ΕΡΜ.
308 1325 391 1396 Οἶδα
413 1330 467 1396 καὶ
487 1331 624 1396 ἐδεδίειν
646 1353 685 1415 γε
706 1326 841 1396 ἀκούων
865 1350 927 1394 σου
947 1332 1095 1413 δημηγο-

88 1431 244 1512 ροῦντος,
260 1428 315 1494 καὶ
326 1427 466 1513 μάλιστα
477 1425 575 1495 ὁπότε
587 1425 755 1512 ἀπειλοίης
767 1423 972 1492 ἀνασπάσειν
984 1427 1020 1492 ἐκ
1031 1424 1095 1511 βά·
1130 1467 1136 1476 2

87 1531 185 1605 θρων
198 1522 259 1608 τὴν
273 1530 337 1609 γην
348 1526 402 1592 καὶ
419 1523 480 1610 την
493 1526 666 1594 θάλατταν
676 1521 788 1601 αὐτοῖς
798 1533 891 1602 θεοῖς
905 1519 967 1609 τὴν
978 1519 1094 1607 σειρὰν

89 1621 219 1704 ἐκείνην
234 1618 296 1704 τὴν
309 1627 436 1706 χρυσῆν
451 1630 575 1700 καθείς.
1111 1625 1163 1683 65⁷

173 1736 298 1796 ΖΕΥΣ.
318 1727 414 1797 Ἀλλά
435 1738 517 1816 νῦν,
540 1726 719 1818 ἀτέκνου,
744 1732 805 1800 οὐκ
827 1732 917 1818 οίδα,
943 1740 1007 1799 είτε
1028 1726 1093 1797 ὑπὸ

92 1833 149 1894 τοῦ
166 1829 331 1911 μεγέθους
345 1835 413 1894 τῶν
434 1829 629 1913 ἐφεστώτων
646 1834 767 1897 δεινῶν
784 1839 848 1897 είτε
869 1833 923 1897 καὶ
945 1826 1010 1895 ὑπὸ
1034 1833 1095 1894 τοῦ

91 1924 241 2010 πλήθους
255 1931 322 1992 τῶν
337 1925 514 2012 παρόντων
531 1967 568 1978 -
584 1929 822 2012 πολυθεωτάτη
842 1929 924 2013 γάρ,
946 1924 989 2004 ὡς
1004 1922 1095 2014 ὁρᾷς,

90 2020 110 2108 ἡ
126 2025 281 2108 ἐκκλησία
292 2065 333 2075 -
346 2022 601 2110 διατετάραγμαι
615 2021 677 2110 τὴν
686 2025 826 2110 γνώμην
837 2026 893 2092 καὶ
906 2021 1096 2108 ὑπότρομός

91 2126 154 2205 είμι
170 2125 224 2188 καὶ
238 2118 258 2206 ἡ
274 2121 402 2206 γλῶττά
418 2148 483 2208 μου
499 2126 708 2209 πεπεδημένη
724 2129 827 2192 ἔοικε
855 2119 891 2190 τὸ
914 2124 950 2187 δὲ
964 2118 1097 2186 ἀποπά-

90 2243 189 2285 τατον
201 2214 369 2304 ἁπάντων,
386 2221 598 2305 ἐπιλέλησμαι
608 2219 646 2287 τό
658 2246 695 2305 γε
707 2227 883 2306 προοίμιον
895 2224 963 2285 τῶν
974 2216 1096 2301 λόγων,

90 2315 108 2383 ὃ
126 2317 442 2405 παρεσκευασάμην,
466 2316 509 2397 ὡς
531 2315 809 2404 εὐπροσωποτάτη
826 2343 883 2404 μοι
903 2314 923 2404 ἡ
940 2312 1024 2402 ἀρχὴ
1040 2316 1096 2400 γε’-

91 2439 180 2480 νοιτο
198 2413 283 2501 πρὸς
300 2413 432 2496 αὐτούς.

174 2539 277 2599 ΕΡΜ.
306 2528 547 2616 Ἀπολάλεκας,
570 2524 597 2598 ἀ
616 2540 699 2617 Ζεῦ,
727 2529 873 2597 ἅπαντα·
902 2534 937 2597 οί
954 2530 989 2595 δὲ
1010 2523 1096 2594 ἀπο-

91 2628 250 2696 πτεάουσι
265 2627 325 2714 τὴν
337 2628 467 2717 σιωπὴν
479 2637 537 2698 καί
544 2656 574 2697 τι
589 2629 759 2716 ὑπέρμεγα
770 2624 876 2696 κακὸν
890 2625 1096 2694 ἀκούσεσθαι

92 2731 340 2812 προσδοκῶσιν,
359 2727 412 2813 ἐφ’
430 2727 495 2820 ὅτῳ
510 2728 553 2796 σύ
570 2734 762 2815 διαμέλλεις.

175 2845 300 2905 ΖΕΥΣ.
316 2838 442 2906 ’Βοάλει
459 2833 538 2923 οάν,
562 2832 588 2905 ἀ
605 2837 722 2925 Ἐρμῇ,
745 2836 781 2905 τό
793 2834 974 2924 Ὁμηρικὸν
991 2835 1097 2901 ἐκεῖνο

92 2942 269 3023 προοίμιον
285 2934 560 3027 ἀναρραψῳδήσω
577 2934 661 3019 πρὸς
676 2934 814 3017 αάτοάς;

174 3043 277 3104 ΕΡΜ.
303 3035 347 3102 T&
364 3049 478 3114 ποίους

169 3142 294 3204 ΖΕΥΣ.
309 3137 455 3202 Κίκλυτε
466 3159 529 3220 μευ
539 3132 661 3213 πάντες
670 3160 705 3202 τε
715 3133 791 3201 θεολ
801 3138 905 3199 πάσαί
912 3156 946 3196 τε
954 3133 1098 3196 θέαιναι.

173 3239 277 3301 ΕΡΜ.
293 3229 432 3320 Ἄπαγε,
455 3237 577 3311 ίκαυοὸς
599 3235 653 3301 καὶ
668 3230 752 3317 πρὸς
767 3229 851 3316 ἡμᾶς
866 3227 1103 3319 πεπαρῴνηταί

92 3353 143 3399 σοι
159 3331 198 3398 τά
214 3337 336 3417 πρῶτα.
362 3329 449 3418 πλὴν
466 3334 496 3400 εί
512 3335 617 3418 δοκεῖ,
641 3328 678 3398 τὸ
701 3330 763 3416 μὲν
777 3325 940 3414 φορτικὸν
954 3335 1021 3394 τῶν
1039 3329 1096 3413 με’-
1116 3343 1168 3399 658

92 3455 180 3511 τρων
202 3429 300 3515 ἀφες,
325 3429 368 3498 σύ
385 3432 421 3498 δὲ
442 3437 510 3498 τοῖν
536 3429 775 3518 Δημοσθένους
797 3433 1011 3580 δημηηέοδρηῶν
1031 3433 1098 3494 τῶν
