2575 3842
178 196 240 256 290
537 196 831 255 AOTKIANOY

178 355 281 440 ζώκης
296 353 406 424 ούκέτι
419 353 574 442 ἠνέσχετο
586 357 722 441 βλέπειν
732 351 833 432 αὐτός
844 357 897 422 ἐπὶ
909 363 1067 447 τυφλῷ
1035 364 1081 423 τώ
1092 367 1188 425 Λαν-

178 453 309 540 δάμιδι,
341 450 425 520 ἀλλὰ
449 453 629 570 τυφλώσας
653 455 709 520 καὶ
731 450 832 530 αάτός
859 452 981 521 ἑαυτὸν
1002 452 1187 540 ἀμφότεροι
1281 452 1282 479 ’

178 553 344 638 κάθηνται
367 548 515 618 ἀπὸτοῦ
537 557 656 617 κοινοῦ
675 557 744 617 τών
762 557 916 617 Σκυθῶν
943 555 1085 641 δημοσία
1106 549 1187 676 μετὰ

178 649 286 735 πάσης
301 676 396 736 τιμης
409 649 620 767 τρεφόμενοι.

263 752 313 815 42.
332 753 375 815 Τί
385 739 789 831 τοιουτον,ωΜνησιππε,
799 744 893 833 υμεῖς
904 743 1037 832 ἐχοιτε
1015 773 1060 813 αν
1070 753 1187 832 εἰπεῖν,

110 867 162 919 550
181 851 211 913 εἰ
197 846 277 913 ίκαλ
292 843 414 922 ἀλλους
426 864 479 911 σοι
494 846 573 911 δέκα
585 847 659 928 δοίη
670 870 720 922 τις
730 846 782 912 ἐπὶ
791 859 861 922 τοῖς
870 846 968 912 πέντε
978 844 1188 933 καταριθμή-

179 952 304 1010 σασθαι
320 939 531 1028 ἀνωμότους,
548 967 563 1008 ε
566 939 762 1027 ίβούλει,
740 969 785 1020 ως
801 945 856 1010 καὶ
871 941 976 1010 πολλοὶ
993 944 1188 1024 ἐπιψεύδοιο

179 1038 308 1122 αύτοῖςς
335 1048 443 1108 καίτοι
459 1038 523 1125 ἐγώ
539 1041 601 1126 μέν
617 1062 671 1108 σοι
694 1039 828 1128 γυμνόν
851 1040 1005 1129 τὸέργον
1026 1043 1187 1128 διηγησά-
1282 1096 1283 1103 1

177 1165 259 1226 μην·
284 1145 313 1206 εί
329 1138 366 1206 δέ
383 1137 427 1205 σύ
444 1164 520 1206 τινα
535 1147 688 1207 τοιοῦτον
708 1145 833 1226 ἐλεγες,
855 1134 895 1208 εύ
908 1139 999 1223 οἶδα,
1021 1139 1128 1208 ὁπόσα
1144 1136 1188 1206 ἀν

179 1234 291 1324 κομψά
314 1239 523 1323 ἐγκατέμιξας
545 1245 592 1327 τῷ
614 1238 720 1325 λόγῳ,
744 1235 798 1307 οἷα
812 1240 960 1307 ἱκέτευεν
979 1237 997 1305 6
1013 1238 1188 1322 Δάνδαμις

179 1337 233 1404 καλ
251 1333 294 1414 ώς
311 1338 495 1422 ἐτυφλοῦτο
507 1337 561 1402 καὶ
575 1332 598 1401 δι’
613 1333 683 1402 εἷπε
696 1339 752 1404 καλ
767 1334 811 1415 ὡς
821 1339 964 1422 ἐπανῆκε
977 1338 1032 1402 καὶ
1048 1331 1091 1412 ὡς
1105 1333 1187 1400 ὑπε-

178 1435 314 1513 δέξαντο
327 1431 432 1500 αὐτόν
446 1435 719 1518 ἐπευφημοῦντες
732 1438 767 1502 οί
773 1433 911 1502 Σκύθαι
923 1436 978 1502 καλ
992 1431 1077 1501 ἀλλα
1089 1430 1188 1498 ὁποῖα

177 1528 271 1615 ὑμεῖς
282 1539 495 1617 μηχανᾶσθαι
508 1531 650 1599 εἰώθατε
660 1529 744 1615 πρός
754 1529 816 1618 τὴν
826 1530 998 1615 ἀκρόασιν.
1020 1535 1072 1598 43.
1085 1527 1189 1596 ἀκουε

179 1627 212 1695 δ’
229 1621 294 1695 οὖν
315 1631 369 1695 καλ
386 1627 489 1696 ἀλλον
505 1629 671 1713 ἰσότιμον,
693 1636 851 1697 Βελίτταν
869 1627 1050 1714 Ἀμιζώκου
1064 1627 1188 1695 τούτου

179 1723 336 1806 ἀνεψιόν·
355 1723 391 1804 ὃς
406 1728 475 1794 ἐπεὶ
486 1729 763 1794 κατασπασθέντα
775 1730 811 1794 ἐκ
821 1733 883 1794 τοῦ
893 1729 999 1794 ἵππου
1010 1722 1078 1792 ύπό
1090 1727 1188 1792 λέον-

180 1848 234 1900 τος
248 1821 313 1890 εἶδε
321 1824 465 1910 Βάσθην
475 1822 536 1891 τόν
548 1830 649 1909 φίλον
659 1865 696 1875 -
711 1822 780 1910 ἀμα
791 1825 827 1892 δὲ
838 1829 955 1909 ἔτυχον
966 1830 1189 1910 θηρῶντες-

180 1923 234 1989 καὶ
249 1920 313 2008 ἤδη
328 1920 346 1990 6
366 1925 453 1991 λέων
467 1925 678 2007 περιπλακεὶς
694 1920 784 2012 αύτῷ
803 1923 1000 2008 ἐνεπεφύκει
1017 1929 1063 2011 τῷ
1082 1929 1189 2010 λαιμῷ

180 2020 234 2087 καὶ
249 2033 317 2098 τοῖς
331 2017 448 2100 ὄνυξιν
463 2020 660 2106 ἐσπάραττε,
683 2019 916 2106 καταπηδήσας
932 2022 986 2086 καὶ
1002 2017 1102 2097 αὐτὸς
1117 2021 1189 2085 ἐπι-

180 2124 290 2187 πίπτει
314 2119 456 2187 κατόπιν
475 2127 521 2210 τῷ
546 2125 656 2209 θηρίφ
680 2120 735 2186 καὶ
757 2120 935 2204 περιέσπα,
961 2115 1044 2204 πρός
1068 2115 1189 2184 ἑαυτόν

178 2218 380 2305 παροξύνων
400 2221 455 2286 καλ
473 2219 627 2305 μετάγων
649 2219 703 2285 καὶ
730 2213 785 2283 διά
810 2224 878 2283 τῶν
898 2214 1048 2284 ὀδόντων
1067 2215 1190 2304 μεταξύ

179 2322 314 2403 διείρων
328 2314 406 2395 τούς
418 2317 604 2394 δακτύλους
619 2318 674 2383 καί
688 2314 748 2383 τόν
761 2315 921 2402 Βάσθην,
939 2313 984 2393 ὦς
997 2310 1117 2383 οἷόντε
1132 2307 1188 2400 ἦν,

178 2414 351 2494 ὑπεξελεῖν
370 2415 575 2502 πειρώμενος
596 2421 658 2483 τοῦ
682 2414 863 2500 δήγματος·
895 2413 971 2499 ἀχρι
993 2410 1034 2500 δὴ
1056 2410 1073 2480 6
1101 2417 1189 2481 λέων

178 2511 273 2596 ἀφείς
288 2514 417 2580 ἐκεῖνον
429 2511 598 2600 ἡμιθνῆτα
612 2513 676 2599 ἤδη
689 2516 741 2581 ἐπὶ
752 2511 812 2581 τόν
822 2520 980 2582 Βελίτταν
990 2511 1187 2596 ἀπεστράφη

178 2613 231 2678 καλ
247 2611 451 2697 συμπλακεὶς
472 2609 644 2679 ἀπέκτεινε
660 2610 833 2680 κάκεῖνον·
861 2609 880 2680 6
902 2612 939 2680 δέ
959 2609 1187 2698 ἀποθνήσκων

178 2707 214 2776 τὸ
233 2717 319 2796 γοῦν
336 2718 499 2778 τοσοῦτον
510 2715 601 2797 ἐφθη
616 2711 761 2791 πατάξας
775 2719 823 2801 τῷ
839 2708 982 2798 ἀκινάκη
999 2706 1060 2777 τόν
1070 2712 1188 2776 λέοντα

179 2816 224 2888 είς
244 2806 280 2878 τὸ
303 2812 461 2896 στέρνον,
484 2807 567 2877 ὥστε
582 2806 651 2896 ἅμα
671 2811 793 2889 πάντες
814 2807 1004 2892 ἀπέθανον,
1026 2809 1082 2876 καὶ
1096 2805 1189 2893 ἡμεῖς

109 2924 158 2977 551
180 2907 355 2994 ἐθάψαμεν
366 2904 490 2986 αὐτούς
504 2909 566 2976 δύο
577 2908 706 2993 τάφους
716 2908 946 2995 ἀναχώσαντες
959 2916 1110 2994 πλησίον,
1128 2909 1188 2976 ἕνα

177 3007 239 3092 μὲν
253 3013 321 3074 τῶν
335 3013 461 3092 φίλων,
479 3008 539 3075 ἕνα
555 3006 592 3076 δέ
608 3005 811 3090 καταντικρύ
826 3015 888 3075 τού
904 3011 1045 3086 λέοντος.

261 3108 312 3171 44.
339 3111 461 3192 Τρίτην
479 3109 517 3174 δέ
535 3126 588 3175 σοι
611 3107 826 3192 διηγήσομαι,
849 3099 877 3174 ώ
896 3107 1098 3193 Μνήσιππε,
1125 3102 1188 3191 τὴν

177 3204 359 3270 Μακέντου
375 3211 493 3289 φιλίαν
513 3207 568 3273 καὶ
584 3206 759 3290 Λογχάτου
775 3206 830 3274 καὶ
851 3202 1047 3290 Ἀρσακόμα.
1081 3200 1099 3271 6
1121 3201 1186 3288 γάρ

173 3298 378 3385 Ἀρσακόμας
394 3295 492 3382 οὗτος
506 3303 640 3390 ἠράσθη
658 3309 810 3385 Μαζαίας
824 3311 882 3389 τῆς
896 3303 1111 3384 Λευκάνορος
1125 3308 1187 3369 τοῦ

176 3398 436 3483 βασιλεύσαντος
450 3403 488 3468 ἐν
498 3400 679 3491 Βοσπόρφ,
696 3400 796 3470 ὁπότε
811 3403 1012 3487 ἐπρέσβευεν
1027 3398 1111 3484 ὑπὲρ
1125 3405 1187 3467 τοῦ
