2575 3842
506 201 599 258 ΕΡΩ
609 202 706 258 ΤΕΣ.
1044 199 1105 261 223

103 364 157 430 καὶ
175 359 254 447 ὑμῖν
276 359 429 444 ἀρέσκειν
446 360 601 441 δύναται,
625 356 708 444 πρός
726 357 890 446 ἀλλήλους
909 360 1001 446 ἡμεῖς
1021 359 1106 427 ἀπο-

102 457 337 544 τειχισῶμεθα,
355 463 384 524 εί
398 456 432 522 δέ
448 471 515 534 τοῖς
530 455 667 541 ἀρρεσιν
683 455 854 542 εὐπρεπεῖς
866 463 902 525 αί
910 457 989 543 μετά
1005 457 1103 542 ἀρρέ·
1121 469 1173 524 429

102 583 173 623 νων
190 553 329 641 ὁμιλίαι,
346 551 429 639 πρὸς
443 551 479 619 τό
492 551 610 620 λοιπόν
626 553 796 639 ε’ράτωσαν
810 554 963 641 ἀλλήλων
977 557 1031 621 καὶ
1043 581 1104 640 γυ-

102 668 221 729 ναῖκες.
244 651 303 738 ἀίγε
325 658 407 736 νῦν,
430 642 455 716 ῶ
472 650 616 739 νεῶτερε,
629 651 728 735 χρόνε
744 653 797 718 καλ
814 659 882 717 τῶν
898 656 1002 730 ξένων
1023 649 1104 738 ἡδο-

103 760 172 818 νῶν
188 755 370 837 νομοθέτα,
387 747 503 825 καινάς
519 747 618 826 ὁδους
633 747 773 832 ἄρρενος
787 757 915 834 τρυφῆς
929 749 1104 834 ἐπινοήσας

101 849 233 933 χοίρισαι
254 844 314 932 τὴν
333 855 409 931 ίσην
430 847 582 922 ἐξουσίαν
597 846 650 910 καλ
666 850 835 930 γυναιξίν,
858 843 1013 931 ἀλλήλαις
1030 842 1104 930 ὁμι-

103 952 263 1013 λείτωσαν
281 941 323 1020 ῶς
340 941 474 1025 ἀνδρες
497 940 648 1028 ἀσελγῶν
666 947 701 1009 δὲ
717 941 872 1028 ὀργάνων
886 942 1103 1028 δποζυγωσάἒ

103 1071 198 1131 μεναι
210 1047 382 1129 τέχνασμα,
399 1039 557 1127 ἀσπόρων
567 1042 740 1127 τεράστιον
751 1051 897 1128 αἴνιγμα,
912 1041 1104 1128 κοιμάσθω·

104 1163 167 1209 σαν
183 1137 269 1226 γυνή
284 1138 363 1224 μετά
377 1136 537 1223 γυναικὸς
552 1136 595 1216 ῶς
611 1137 715 1224 ἀνήρ·
735 1137 771 1206 τό
785 1139 821 1207 δὲ
839 1146 884 1218 είς
899 1137 1003 1224 ἀκοήν
1019 1160 1104 1206 σπα-

104 1248 181 1314 νίως
201 1230 284 1322 ἧκον
302 1234 407 1321 ὄνομα
427 1276 467 1285 -
486 1237 682 1322 αἰσχύνομαι
703 1239 757 1303 καὶ
774 1239 884 1321 λέγειν
901 1277 944 1288 -
962 1244 1018 1323 τῆς
1032 1263 1103 1323 τρι-

102 1342 205 1422 βακής
230 1332 398 1419 ἀσελγείας
419 1331 540 1419 ἀνέδην
564 1337 766 1419 πομπευέτω.
801 1341 889 1399 πᾶσα
913 1332 944 1400 δ’
966 1331 1102 1420 ἡμῶνή

103 1445 333 1519 γυναικωνῖτις
348 1437 430 1498 ἔστω
447 1434 596 1508 Φιλαινὶς
612 1429 843 1516 ἀνδρογόνους
859 1436 981 1516 ἔρωτας
1002 1429 1103 1517 ἀσχη-

103 1536 261 1616 μονοῦσα.
291 1528 346 1594 καὶ
366 1529 458 1618 πόσφ
473 1542 621 1613 κρεῖττον
642 1535 688 1605 είς
701 1527 826 1613 ἀρρενα
845 1526 978 1614 τρυφήν
993 1529 1103 1614 βιάζε-

103 1635 183 1694 σθαι
199 1639 341 1710 γυναῖκα
355 1620 376 1711 ή
392 1623 428 1691 τό
450 1639 606 1710 γενναῖον
623 1623 756 1708 ἀνδρῶν
773 1631 817 1702 είς
837 1639 980 1710 γυναῖκα
993 1624 1102 1710 θηλή-

102 1725 236 1798 νεσθαι;

185 1825 235 1886 29.
268 1825 411 1884 Τοιαῦτα
426 1819 595 1896 συντόνως
609 1816 729 1902 μεταξὺ
741 1819 988 1905 παθαινόμενος
1002 1817 1018 1886 ὁ
1031 1829 1102 1888 Χα-

102 1923 215 2001 ρικλής
230 1915 395 1982 ἐπαύσατο
408 1915 519 1981 δεινόν
533 1942 562 1981 τι
578 1915 631 1980 καὶ
643 1917 808 1999 θηριῶδες
823 1918 859 1980 ἐν
875 1931 942 1994 τοῖς
958 1915 1102 2001 όμμασιν

101 2014 307 2098 ὑποβλέπων.
326 2011 419 2102 ἐῴκει
429 2013 467 2077 δέ
473 2038 528 2097 μοι
538 2013 591 2078 καὶ
601 2017 773 2100 καθαρσίῳ
781 2019 924 2096 χρῆσθαι
933 2011 1015 2098 πρός
1024 2011 1102 2090 τούς

101 2106 273 2186 παιδικοὺς
288 2114 418 2194 ἔρωτας.
440 2107 501 2195 έγῶ
520 2109 555 2176 δὲ
572 2105 677 2196 ἡσυχῇ
690 2109 861 2193 μειδιάσας
876 2111 930 2176 καὶ
944 2109 1026 2195 πρὸς
1042 2108 1102 2176 τόν

100 2207 277 2292 Ἀθηναῖον
302 2203 407 2291 ἠρέμα
432 2205 477 2274 τῶ
503 2204 667 2292 ὀφθαλμῶ
693 2205 912 2292 παραβαλῶν,
948 2210 1099 2291 Παιδιᾶς,
1139 2220 1142 2224 ’

102 2310 204 2389 ἔφην,
219 2307 273 2370 καλ
288 2306 444 2388 γέλωτος,
463 2297 760 2388 ῶΚαλλικρατίδα,
777 2302 931 2389 δικαστής
946 2309 1099 2371 καθεδεδ
1117 2321 1169 2376 430

101 2410 182 2466 σθαι
204 2399 432 2485 προσδοκήσας
449 2397 510 2464 οὐκ
531 2397 595 2466 οἶδ’
623 2397 713 2478 ὅπως
733 2397 799 2467 ὑπὸ
821 2410 877 2487 τῆς
897 2405 1100 2484 Χαρικλέους

102 2495 287 2581 δεινότητος
303 2497 354 2563 έπλ
375 2498 636 2583 σπουδαιότερον
654 2489 769 2583 ήγμαι·
792 2496 910 2583 σχεδόν
927 2495 990 2584 γάρ
1006 2495 1049 2576 ῶς
1064 2500 1100 2563 έν

97 2591 210 2683 Ἀρείῳ
224 2593 318 2682 πάγςο
335 2594 409 2678 περὶ
430 2594 540 2678 φόνου
557 2597 609 2662 καὶ
630 2603 808 2680 πυρκαϊᾶς,
828 2592 850 2680 ἢ
873 2593 914 2680 νὴ
929 2602 995 2662 Δία
1012 2620 1100 2680 φαρ-

99 2691 216 2774 μάιιων
231 2687 470 2776 ἀγωνιζόμενος
485 2689 666 2779 ὑπερφυῶς
681 2692 880 2777 έπαθήνατο.
909 2690 1023 2775 καιρός
1036 2684 1103 2757 οὖν

99 2785 215 2868 δυῶν,
239 2795 271 2854 εί
286 2811 365 2853 ποτε
385 2789 440 2855 καὶ
460 2789 641 2875 πρότερον,
668 2786 801 2856 ἀπαιτεῖ
814 2809 850 2854 σε
870 2788 928 2866 τάς
946 2788 1098 2873 Ἀθήνας,

98 2891 295 2968 Περίκλειον
310 2887 344 2954 δὲ
367 2884 475 2954 πειθῶ
496 2891 550 2955 καλ
564 2895 631 2954 τῶν
646 2891 724 2954 δέκα
739 2887 890 2973 ρητόρων
910 2885 968 2964 τάς
981 2894 1098 2952 Μακε-

99 2983 195 3048 δόσιν
213 2978 490 3068 ἀνθωπλισμένας
504 2985 656 3069 γλῶσσας
673 2986 709 3050 έν
730 2985 777 3051 ἑνὶ
797 2990 842 3071 τῷ
861 2988 907 3070 σῷ
923 2983 1010 3071 λόγῳ
1027 2985 1098 3046 δια-

97 3092 210 3163 τρῖψαι
226 3087 302 3162 μιᾶς
315 3087 382 3146 τῶν
397 3081 433 3146 έν
446 3083 556 3148 Πνυκὶ
572 3085 783 3166 δημηγοριῶν
799 3077 1055 3164 ἀναμνησθέντα

181 3181 230 3244 30.
253 3175 388 3262 Μικρὸν
404 3170 468 3244 οὖν
484 3174 626 3263 ἐπισχῶν
644 3175 935 3262 ὁΚιιλλικρατίδας
947 3215 990 3227 -
1004 3176 1097 3266 έςόκει

98 3276 132 3340 δὲ
148 3269 213 3339 ἀπὸ
237 3281 296 3340 τοῦ
310 3273 491 3358 προσιόπου
509 3301 564 3360 μοι
580 3277 827 3364 τεκμαιρομένῳ
845 3273 898 3340 καὶ
914 3279 989 3340 λίαν
1009 3270 1097 3358 ἀγω-

97 3377 167 3448 νίας
181 3369 299 3456 μεστός
310 3371 393 3439 εἶναι
405 3413 446 3422 -
458 3372 568 3457 λόγων
579 3370 763 3462 ἀμοιβαίων
778 3373 961 3459 ἐνάρχεταν
983 3378 1026 3439 El
1035 3396 1097 3454 γυ·
