2575 3842
485 153 716 212 ΕΙΚΟΝΕΣ.
1044 150 1106 214 247

98 309 153 381 διά
165 311 329 379 τοιούτων
339 317 474 396 χειλῶν,
491 307 536 378 δι’
554 313 691 377 ἐκείνων
703 309 739 376 δὲ
751 317 819 376 τῶν
833 308 984 378 ὀδόντων
999 313 1107 390 ἐξιού-

98 431 170 481 σαν.
195 408 343 493 έῶρακοις
357 408 457 475 δὲκαὶ
473 403 573 485 αύτδς
587 405 632 493 ῆν
647 433 748 493 φημι,
766 405 849 474 ῶστε
863 411 918 476 καὶ
929 407 1107 494 ἀκηκοέναι

97 507 219 591 νόμιζε.
243 510 293 574 15.
309 503 346 572 τὸ
359 505 420 591 μὲν
433 502 499 592 γάρ
514 503 647 592 ἀκριβὲς
663 511 761 572 τοῦτο
776 512 834 591 τῆς
848 513 963 591 φωνῆς
977 507 1030 573 καλ
1045 531 1108 572 κα·

99 610 213 686 θαρῶς
224 601 371 672 Ἰωνικδν
387 606 442 670 καὶ
456 601 507 669 ότι
525 600 680 688 ὁμιλῆσαι
694 603 849 688 στωμύλη
867 605 921 670 καὶ
937 601 1024 670 πολύ
1039 611 1107 669 τῶν

95 699 251 768 Ἀττικῶν
260 707 403 786 χαρίτων
415 705 536 785 ἔχουσα
548 697 626 767 ούδὲ
638 700 825 785 θαυμάζειν
836 699 947 780 ἀξιον·
965 700 1107 784 πάτριον

98 798 162 886 γάρ
178 796 262 886 αύτῆ
277 801 332 866 καὶ
343 799 565 883 προγονικόν,
582 795 662 866 οὐδὲ
672 796 780 874 άλλως
791 801 890 883 ἐχρῆν
904 801 1107 883 μετέχουσαν

98 905 165 964 τῶν
177 893 366 981 Ἀθηναίων
377 893 460 962 κατά
475 892 537 981 τῆν
548 893 713 962 ἀποικίαν.
738 892 816 962 οὐδὲ
832 893 897 981 γάρ
910 892 984 962 οὐδ’
999 899 1109 982 έκεῖνο
1124 910 1177 966 474

99 990 310 1078 θαυμάσαιμ’
330 990 389 1077 ἀν,
407 997 437 1060 εί
449 991 643 1077 καλποιῆσει
654 999 759 1076 χαίρει
769 995 824 1059 καὶ
834 990 875 1058 τά
886 989 994 1059 πολλὰ
1004 991 1108 1077 ταύτη

99 1089 209 1178 δμιλεί
219 1097 280 1158 τοῦ
288 1089 435 1177 Ὀμήρου
450 1099 575 1167 πολίτις
589 1083 684 1157 οὖσα.
707 1097 765 1174 μία
776 1091 837 1175 μὲν
853 1089 895 1175 δῆ
911 1110 981 1173 σοι,
998 1082 1025 1156 ῶ
1034 1097 1108 1156 Λυ-

99 1205 187 1274 κῖνε,
211 1196 436 1275 καλλιφωνίας
452 1187 536 1273 αὕτη
553 1188 608 1254 καὶ
624 1184 710 1276 ᾠδῆς
725 1187 841 1272 είκῶν,
867 1185 911 1266 ῶς
931 1186 975 1254 ἀν
991 1214 1040 1266 τις
1056 1189 1108 1254 ἐπὶ

99 1282 135 1354 τδ
153 1292 290 1354 ἔλαττον
301 1284 452 1354 εἰκάσειε.
476 1285 592 1352 σκόπει
608 1283 643 1351 δὲ
659 1283 699 1370 δῆ
712 1286 767 1352 καὶ
777 1282 836 1363 τάς
850 1283 966 1364 ἀλλας·
989 1283 1031 1352 ού
1042 1273 1107 1370 γνῶ

99 1391 179 1469 μίαν
202 1382 312 1468 ῶσπερ
330 1380 374 1451 σύ
394 1385 430 1450 ἐκ
452 1388 586 1450 πολλῶν
607 1384 745 1460 συνθεὶς
767 1385 925 1462 ἐπιδείξαι
945 1384 1107 1469 διέγνωκα

99 1521 141 1534 -
151 1473 251 1565 ῆττον
262 1479 328 1567 γάρ
340 1477 381 1566 δῆ
393 1487 491 1548 τοῦτο
503 1482 557 1547 καλ
568 1484 741 1566 γραφικῶς
752 1482 987 1563 συντελεσθέν,
1003 1480 1107 1565 κάλλη

100 1587 243 1648 τοσαῦτα
261 1582 315 1648 καὶ
329 1581 501 1655 πολυειδές
516 1603 547 1646 τι
562 1580 599 1644 ἐκ
615 1584 749 1645 πολλῶν
764 1575 936 1647 ἀποτελεῖν
950 1575 1032 1646 αύτό
1044 1576 1108 1644 αὑ-

99 1685 146 1765 τῶ
162 1675 466 1761 ἀνθαμιλλώμενον
483 1716 519 1726 -
539 1671 612 1742 ἀλλ’
629 1679 666 1742 αί
683 1684 786 1742 πᾶσαι
802 1682 859 1760 τῆς
874 1682 981 1760 ψυχῆς
995 1673 1109 1760 ἀρεταί

101 1771 181 1842 καθ’
200 1773 340 1857 ἑκάστην
363 1770 462 1841 εἰκῶν
478 1776 536 1857 μία
553 1772 754 1855 γεγράψεται
770 1770 853 1856 πρὸς
866 1771 903 1838 τό
922 1770 1108 1857 ἀρχέτυπον

101 1871 317 1956 μεμνημένη
1042 1935 1047 1942 .

184 1977 284 2038 ΛΤΚ.
298 1968 443 2055 Ὲορτῆν,
455 1963 482 2038 ῶ
493 1969 719 2054 Πολύστρατε,
729 1971 783 2036 καὶ
794 1972 995 2035 πανδαισίαν
1005 1971 1108 2052 ἐπαγ-

100 2071 235 2155 γέλλεις.
258 2071 368 2144 ἔοικας
377 2073 463 2152 γοῦν
477 2067 580 2135 λῶίον
592 2063 635 2143 ῶς
649 2062 783 2149 ἀληθῶς
800 2063 989 2132 αποδῶσειν
1003 2088 1061 2147 μοι
1069 2060 1107 2129 τὸ

40 2177 46 2186 “
101 2170 231 2255 μέτρον.
265 2168 428 2250 ἐπιμέτρει
447 2162 478 2232 δ’
498 2157 577 2232 οὖν·
611 2160 655 2241 ῶς
671 2160 734 2230 οὐκ
755 2168 845 2231 ἔστιν
868 2155 887 2228 ό
907 2189 939 2228 τι
959 2155 1004 2226 ἀν
1026 2158 1107 2227 ἀλλο

100 2266 240 2353 ποιῆσας
255 2271 382 2350 μᾶλλον
398 2262 550 2356 χαρίσαιό
565 2288 631 2346 μοι.

184 2368 235 2431 16.
257 2368 361 2430 ΠΟΛ.
386 2358 523 2429 Ούκοῶν
541 2359 653 2445 ἐπειδὴ
673 2360 810 2428 πάντων
825 2365 940 2427 καλῶν
955 2360 1109 2425 παιδείαν

99 2459 255 2547 ῆγεϊσθαι
270 2457 416 2544 ἀνάγκη,
438 2459 493 2524 καὶ
507 2457 649 2542 μάλιστα
668 2458 798 2526 τούτων
812 2455 919 2526 ὁπόσα
936 2455 1106 2543 μελετητά,
1126 2470 1176 2526 475

101 2560 182 2653 φέρε
194 2559 249 2624 καὶ
263 2558 388 2641 ταύτην
402 2554 465 2641 ἤδη
480 2557 741 2642 συστησώμεθα,
757 2562 913 2642 ποικίλην
927 2558 1040 2642 μέντοι
1054 2555 1109 2621 καὶ

101 2657 338 2740 πολύμορφον,
356 2651 399 2731 ῶς
415 2657 497 2740 μηδὲ
513 2653 595 2721 κατὰ
609 2663 708 2723 τοῦτο
725 2653 971 2740 ἀπολιποίμεθα
981 2661 1038 2739 τῆς
1049 2659 1109 2737 σῆς

102 2759 290 2836 πλαστικῆς.
323 2753 378 2820 καὶ
399 2749 439 2837 δῆ
461 2753 647 2839 γεγράφθω
668 2755 777 2821 πάντα
799 2753 992 2839 συλλήβδην
1011 2747 1051 2817 τά
1072 2752 1109 2816 ἐκ

101 2855 162 2916 τοῦ
174 2846 351 2925 Ἑλικῶνος
367 2846 479 2932 ἀγαθά
496 2856 617 2934 ἔχουσα
638 2850 699 2936 ούχ
720 2849 831 2934 ῶσπερ
849 2847 870 2935 ῆ
886 2845 996 2917 Κλειῶ
1012 2848 1066 2914 καὶ
1088 2844 1108 2931 ῆ

101 2947 279 3033 Πολύμνια
294 2948 349 3016 καὶ
361 2944 381 3032 ῆ
395 2948 567 3032 Καλλιόπη
579 2949 633 3016 καὶ
645 2952 681 3014 αλ
694 2945 791 3015 ἀλλαι
805 2949 843 3013 ἐν
858 2973 889 3013 τι
904 2946 1024 3030 ἑκάστη
1036 2947 1110 3011 ἐπι-

102 3047 257 3133 σταμένη,
267 3041 350 3114 ἀλλά
361 3043 400 3112 τά
410 3052 527 3112 πασῶν
537 3048 591 3113 καλ
601 3044 735 3127 προσέτι
745 3042 784 3111 τὰ
793 3040 915 3128 Ἑρμοῦ
925 3046 980 3110 καλ
992 3041 1109 3110 Ἀπόλ-

102 3155 223 3224 λωνος·
247 3142 353 3213 ὁπόσα
369 3140 434 3229 γάρ
451 3138 473 3230 ῆ
496 3145 628 3230 ποιηταὶ
644 3143 775 3229 μέτροις
792 3140 1072 3227 διακοσμήσαντες
1088 3135 1109 3225 ῆ

102 3244 238 3328 ῆῆτορες
253 3243 416 3328 δεινότητι
437 3244 662 3328 κρατύναντες
679 3239 913 3325 ἐξενηνόχασιν
926 3233 947 3326 ῆ
961 3259 1110 3325 συγγρα·

103 3357 175 3430 φείς
188 3341 404 3428 ίστορῆκασιυ
416 3336 439 3427 ῆ
451 3340 633 3428 φιλόσοφοι
648 3342 869 3430 παρῃνέκασι,
884 3347 964 3407 πάσι
979 3339 1109 3418 τούτοις
