2575 3842
187 188 227 253 72
538 194 845 253 ΛΟΥΚΙΑΝΟΤ

185 349 249 423 ούιι
263 353 472 438 ἐδοκίμαζον,
489 349 572 420 ἀλλὰ
589 351 691 437 δήσας
703 351 888 436 ἐφύλαττον
900 352 1037 439 αὐτούς,
1055 352 1129 438 όὶχρι
1145 348 1186 437 δὴ

184 456 345 537 α’φίκοντο
360 449 450 536 παρὰ
464 458 533 517 τῶν
543 446 771 532 Βουκεφάλων
785 454 937 537 πρέσβεις
952 456 1121 528 αἰτοῦντες
1136 451 1189 517 ἐπί

184 548 317 631 λύτροις
331 545 410 625 τούς
421 548 719 632 συνειλημμένους·
742 554 899 632 συνίεμεν
909 546 973 633 γὰρ
988 546 1099 616 αὐτῶν
1114 553 1188 615 δια-

184 644 355 711 νευόντων
369 648 423 712 καὶ
435 644 557 731 γοερόν
567 669 597 709 τι
612 645 819 728 μυκωμένων
832 643 941 731 ῶσπερ
958 645 1185 712 ἱκετευόντων.

183 736 223 805 τὰ
237 740 342 825 λύτρα
358 742 394 809 δὲ
409 735 452 826 ἡν
472 743 566 825 τυροὶ
585 742 701 806 πολλοὶ
715 743 769 807 καὶ
788 746 885 826 ἰχθύς
900 744 992 827 ξηροὶ
1007 744 1061 809 καὶ
1081 740 1189 827 κρόμ-

115 852 167 909 138
185 864 253 923 μυα
274 840 328 906 καὶ
350 845 466 923 ἐλαφοι
488 841 654 922 τέτταρες,
682 851 768 921 τρεῖς
789 838 907 923 ἑκάστη
928 840 1033 917 πόδας
1055 845 1186 924 ἔχουσα,

184 934 245 1001 δύο
260 934 320 1019 μὲν
336 933 415 1012 τούς
436 933 595 1016 ὄπισθεν,
617 936 651 998 οί
664 932 700 998 δὲ
715 932 829 1017 πρόσω
851 941 896 1012 είς
916 938 974 1002 ἕνα
993 935 1187 1019 συνεπεφύ-

183 1053 306 1102 κεισαν.
331 1037 383 1102 ἐπὶ
399 1034 529 1111 τούτοις
544 1029 726 1109 ἀποδόντες
740 1030 818 1110 τούς
833 1037 1115 1120 συνειλημμένους
1130 1036 1187 1100 καὶ

183 1139 263 1217 μίαν
278 1129 405 1218 ἡμέραν
417 1134 641 1217 ἐπιμείναντες
655 1127 859 1215 ἀνήχθημεν.
882 1136 931 1200 45.
948 1130 1010 1218 ἤδη
1025 1131 1061 1199 δὲ
1072 1131 1187 1217 ίχθύες

182 1255 217 1295 τε
233 1229 312 1315 ἡμῖν
327 1233 504 1315 ἐφαίνοντο
520 1229 574 1295 καὶ
588 1225 690 1311 όρνεα
705 1230 903 1309 παρεπέτετο
921 1231 975 1295 καὶ
989 1226 1061 1296 ἄλλ’
1079 1226 1187 1295 ὁπόσα

181 1334 243 1413 γης
256 1334 398 1412 πλησίον
412 1325 514 1410 ούσης
527 1338 661 1409 σημεῖα,
676 1322 910 1409 προύφαίνετο.
935 1322 1003 1410 μετ’
1021 1323 1134 1409 ὀλίγον
1149 1324 1187 1392 δέ

182 1426 237 1491 καὶ
256 1423 380 1508 ἄνδρας
395 1427 526 1508 είδομεν
543 1428 648 1510 καινῷ
662 1423 774 1511 τρόπφ
796 1430 966 1501 ναυτιλίας
979 1426 1185 1509 χρωμένους·

182 1520 276 1589 αὐτοὶ
297 1518 361 1607 γὰρ
380 1523 434 1588 καλ
450 1527 570 1586 ναῦται
587 1521 642 1586 καὶ
663 1527 740 1605 νὴες
754 1514 848 1606 ἦσαν.
877 1525 958 1600 λέξω
974 1522 1010 1589 δέ
1023 1527 1083 1588 τοῦ
1100 1528 1186 1588 πλοῦ

181 1618 242 1687 τόν
255 1618 397 1701 τρόπον·
420 1615 531 1684 ὕπτιοι
543 1624 689 1702 κείμενοι
703 1621 755 1687 ἐπὶ
768 1626 829 1686 τοῦ
841 1618 962 1697 ὕδατος
974 1617 1187 1705 ὀρθώσαντες

181 1714 221 1783 τὰ
241 1720 350 1784 αίδοῐα
366 1755 408 1764 -
422 1712 548 1801 μεχύλα
572 1715 608 1782 δὲ
624 1718 787 1800 φέρουσιν
808 1758 851 1769 -
870 1720 903 1796 ἐξ
923 1715 1035 1784 αύτῶν
1055 1714 1186 1802 ὀθόνην

181 1813 381 1890 πετάσαντες
395 1813 450 1879 καλ
464 1826 533 1889 ταῖς
546 1813 636 1897 χερσί
651 1809 729 1891 τούς
743 1818 912 1893 ποδεῶνας
925 1818 1113 1899 κατέχοντες
1127 1818 1186 1899 ἐμ-

180 1916 357 1987 πίπτοντος
369 1916 431 1976 τού
445 1907 572 1994 ύνέμου
587 1915 716 1977 ἔπλεον.
739 1909 832 1979 ἄλλοι
844 1912 880 1979 δέ
890 1910 971 1998 μετὰ
982 1912 1122 1989 τούτους
1133 1914 1186 1979 ἐπὶ

181 2014 314 2097 φελλῶν
330 2007 518 2092 καθήμενοι
534 2007 704 2087 ζεύξαντες
724 2008 785 2077 δύο
809 2013 966 2096 δελφῖνας
985 2007 1135 2096 ἤλαυνόν
1150 2034 1186 2075 τε

180 2109 234 2174 καὶ
251 2104 427 2192 ἡνιόχουν·
450 2110 483 2172 οί
494 2106 529 2172 δὲ
541 2106 715 2193 προϊόντες
729 2109 928 2192 ἐπεφέροντο
940 2105 1019 2185 τούς
1031 2106 1183 2192 φελλούς.

180 2198 273 2272 οὗτοι
289 2202 376 2291 ἡμᾶς
397 2203 473 2270 ούτε
496 2199 637 2289 ἠδίκουν
659 2202 735 2271 ούτε
755 2211 916 2291 ἔφευγον,
944 2203 1016 2271 ἀλλ’
1035 2202 1185 2289 ἤλαυνον

180 2300 284 2378 α’δεῶς
305 2328 340 2368 τε
361 2303 415 2368 καλ
435 2307 608 2386 εἰρηνικῶς
633 2299 669 2368 τό
694 2300 779 2381 εἶδος
799 2312 860 2371 τοῦ
879 2302 1042 2390 ἡμετέρου
1065 2308 1185 2370 πλοίου

108 2404 161 2459 139
179 2398 405 2482 θαυμάζοντες
420 2399 475 2465 καὶ
485 2398 657 2467 πάντοθεν
668 2409 956 2487 περισκοποῦντες.
977 2405 1026 2467 46.
1047 2400 1185 2483 ἑσπέρας

179 2500 214 2562 δέ
224 2494 286 2581 ἤδη
298 2496 538 2582 προσήχθημεν
548 2497 640 2585 νη’σφ
652 2496 694 2564 ού
705 2499 847 2587 μεχύλη·
870 2501 1040 2590 κατφκητο
1052 2498 1088 2565 δὲ
1098 2496 1183 2583 αὕτη

178 2592 244 2660 ὑπὸ
259 2602 445 2679 γυναικῶν,
462 2592 507 2673 ῶς
522 2597 731 2683 ἐνομιῖομεν,
743 2595 883 2665 Ἐλλάδα
894 2596 1014 2683 φωνην
1029 2599 1184 2682 προϊεμέ-

177 2718 264 2759 νων·
282 2694 472 2781 προσῄεσαν
483 2692 547 2778 γὰρ
559 2699 613 2762 καὶ
624 2698 811 2773 ἐδεξιοῦντο
823 2696 876 2762 καὶ
885 2692 1081 2779 ἠσπάζοντο,
1092 2694 1184 2761 πάνυ

177 2793 347 2877 ἑταιρικῶς
356 2796 598 2879 κεκοσμημέναι
609 2796 663 2862 καὶ
673 2794 771 2861 καλαὶ
779 2800 880 2861 πᾶσαι
892 2795 946 2861 καὶ
956 2793 1115 2877 νεάνιδες,
1124 2816 1183 2858 πο-

176 2889 288 2975 δήρεις
298 2888 376 2967 τούς
386 2897 526 2975 χιτῶνας
540 2892 786 2976 ἐπισυρόμεναι.
809 2889 901 2976 ἡμὶν
913 2884 976 2958 ούν
990 2899 1091 2977 νῆσος
1106 2893 1183 2957 ἐκα-

174 2994 261 3053 λείτο
280 2991 521 3075 Καββαλοῦσα,
545 2988 565 3075 ἡ
586 2991 621 3057 δὲ
642 2992 738 3066 πόλις
755 2985 985 3075 ’Τδραμαρδία
1019 2995 1184 3076 λαβοῦσαι

174 3082 207 3151 δ’
226 3079 290 3151 οὖν
303 3083 388 3171 ἡμᾶς
409 3091 446 3154 αί
459 3103 617 3173 γυναῖκες
631 3087 751 3171 ἑκύστη
770 3084 852 3173 πρὸς
868 3086 990 3173 έαυτὴυ
1005 3085 1112 3173 ἀπῆρε
1127 3090 1184 3155 καὶ

174 3183 270 3261 ξένον
281 3186 432 3252 ἐποιεῖτο.
456 3185 521 3270 έχῶ
537 3187 572 3254 δὲ
584 3185 706 3273 μικρὸν
716 3182 864 3263 ύποστύς
875 3228 917 3237 -
928 3184 969 3251 ού
981 3182 1046 3271 γὰρ
1057 3183 1182 3272 χρηστὰ

173 3282 403 3368 ἐμαντευόμην
418 3324 456 3335 -
474 3283 710 3371 ἀκριβέστερόν
726 3312 761 3353 τε
783 3290 992 3373 περιβλέπων
1010 3285 1078 3375 ὁρῶ
1098 3296 1184 3356 πολ-

171 3384 242 3445 λῶν
252 3377 446 3464 ύνθρῶπων
456 3379 536 3449 όστᾶ
546 3386 599 3451 καὶ
612 3392 731 3469 κρανία
743 3392 893 3469 κείμενα·
909 3388 963 3451 καλ
973 3379 1009 3452 τό
1022 3384 1083 3470 μὲν
1094 3382 1183 3472 βοὴν
