2575 3842
360 208 811 268 ΤΥΡΑΝΝΟΚΤΟΝΟΣ.
1046 204 1086 270 75

77 368 173 458 ᾤμην
192 368 399 454 γενήσεσθαί
416 393 472 451 μοι
494 364 573 451 παρ’
591 364 687 452 ὑμῶν
705 370 759 435 καὶ
776 366 903 452 δωρεάς
919 368 1086 452 λήψεσθαι

76 472 278 549 ἰσαρίθμους
294 477 362 541 τοῖς
377 461 614 555 ἀνῃρημένοις,
639 462 684 540 ὡς
704 460 748 530 ἀν
763 462 805 530 ού
825 474 893 531 τῶν
909 464 1085 552 παρόντων

76 561 267 642 ἀπαλλάξας
288 558 375 646 ὑμᾶς
396 561 519 645 μόνον,
547 558 630 626 ἀλλά
654 564 709 628 καὶ
730 569 787 647 τῆς
804 568 871 627 τεόν
894 562 1085 647 μελλόντων

77 667 190 727 κακῶν
205 662 351 743 ἐλπίδος,
374 658 429 725 καὶ
444 653 506 742 τῆν
523 660 720 741 ἐλευθερίαν
735 661 873 746 βέβαιον
893 657 1084 741 παρασχόν,

77 753 218 834 οὐδενός
231 756 537 839 παραλελειμμένου
549 755 762 840 κληρονόμου
771 763 839 822 των
854 754 1083 840 ἀδικημάτων·

78 851 201 937 μεταξύ
225 854 262 919 δὲ
284 852 474 919 κινδυνεύω
498 859 642 918 τοσαῦτα
667 852 885 937 κατορθώσας
906 849 1085 936 ἀγέραστος

77 948 240 1016 ἀπελθεῖν
254 945 334 1034 παρ’
350 943 445 1032 ὑμῶν
460 950 515 1015 καὶ
529 947 633 1031 μόνος
646 951 821 1034 στέρεσθαι
843 956 900 1034 τῆς
913 945 1001 1035 παρά
1016 952 1084 1012 τῶν

78 1045 194 1129 νόμων
214 1042 370 1129 ἀμοιβῆς,
397 1040 456 1120 οὓς
476 1045 670 1128 διεφύλαξα.
704 1042 802 1129 ὁμὲν
820 1036 883 1110 ούν
901 1041 1083 1126 ἀντιλέγων

78 1138 193 1208 οὑτοσί
212 1144 306 1207 δοκεῖ
321 1166 377 1225 μοι
393 1137 435 1205 ού
456 1139 656 1225 κηδόμενος,
683 1138 727 1218 άός
748 1161 846 1226 φησι,
872 1146 940 1207 τῶν
959 1145 1084 1206 κοινῶν

77 1244 178 1304 τοῦτο
200 1251 323 1321 ποιεῖν,
343 1233 416 1303 ἀλλ’
435 1238 487 1303 ἐπὶ
508 1250 576 1313 τοῖς
596 1237 842 1323 τετελευτηκόσι
858 1238 1084 1321 λελυπημένος

78 1338 132 1401 καὶ
148 1332 358 1419 ἀμυνόμενος
368 1330 428 1400 τόν
439 1336 578 1411 ε’κείνοις
588 1341 649 1402 τοῦ
660 1335 813 1401 θανάτου
827 1344 934 1402 αῖτιον
945 1358 1083 1418 γεγενη-

77 1435 192 1517 μένον.
220 1438 246 1499 4.
263 1430 357 1517 ὑμεῖς
371 1434 406 1498 δὲ
427 1430 616 1517 ἀνάσχεσθέ
630 1457 713 1516 μου,
738 1426 763 1497 ἀ
786 1430 905 1515 ἀνδρες
921 1432 1081 1512 δικασταί,

77 1528 161 1614 πρὸς
173 1528 286 1615 ὀλίγον
296 1527 335 1595 τά
349 1532 385 1596 ἐν
395 1536 435 1617 τῆ
445 1532 617 1615 τυραννίδι
629 1536 747 1614 καίπερ
759 1531 883 1596 εἰδόσιν
893 1527 973 1614 ὑμῖν
985 1524 1080 1610 ἀκρι-
1101 1542 1152 1596 143

78 1636 145 1714 βοός
161 1629 398 1712 διηγουμένου·
420 1628 474 1693 καὶ
488 1623 552 1711 γάρ
567 1622 603 1691 τό
619 1627 761 1710 μέγεθος
774 1623 863 1691 οὕτω
884 1620 1019 1709 μάθοιτ’
1039 1616 1082 1687 ἀν

79 1732 136 1809 τῆς
152 1722 341 1808 εὐεργεσίας
353 1731 411 1809 τῆς
427 1726 520 1808 ε’μῆς,
536 1724 592 1789 καὶ
606 1720 701 1790 αὐτοὶ
716 1729 843 1807 μᾶλλον
858 1720 1082 1807 εὐφρανεῖσθε

79 1824 286 1909 λογιζόμενοι
303 1815 352 1891 άν
368 1821 585 1908 ἀπηλλάγητε.
609 1819 651 1887 ού
665 1821 730 1906 γάρ
746 1820 856 1903 ὥσπερ
870 1818 983 1896 ἀλλοις
997 1820 1082 1885 τισὶν

78 1921 141 2008 ῆδη
163 1924 289 2007 συνέβη
311 1921 484 2006 πολλάκις,
511 1920 619 2003 ἀπλῆν
641 1922 694 1986 καὶ
714 1916 807 2004 ἡμεῖς
824 1920 1007 2001 τυραννίδα
1028 1916 1082 1981 καὶ

79 2025 159 2103 μίαν
171 2022 327 2086 δουλείαν
339 2016 576 2105 ὑπεμείναμεν,
590 2016 668 2083 οὐδὲ
680 2014 753 2093 ἑνός
765 2012 999 2099 ὑπηνέγκαμεν
1010 2014 1082 2077 έπι-

80 2123 210 2202 θνμίαν
234 2116 413 2196 δεσπότου,
441 2114 524 2183 ἀλλά
548 2114 647 2200 μόνοι
669 2118 736 2179 τῶν
758 2110 891 2177 πύποτε
917 2106 956 2175 τά
984 2106 1082 2191 ὅμοια

80 2213 360 2299 δυστυχησάντων
384 2214 446 2279 δύο
468 2210 549 2280 ἀνθ’
569 2209 644 2289 ἑνός
665 2212 855 2294 τυράννους
876 2218 1006 2293 είχομεν
1028 2205 1083 2271 καὶ

80 2311 164 2398 πρός
175 2308 268 2378 διττά
280 2316 313 2377 οί
322 2316 491 2397 δυστυχεῖς
504 2308 688 2396 ἀδικήματα
702 2308 919 2397 διηρούμεθα.
942 2302 1084 2390 μετριά-

80 2436 173 2495 τερος
188 2408 226 2475 δέ
241 2405 259 2475 ὁ
273 2410 460 2496 πρεσβύτης
473 2403 517 2496 ῆν
530 2405 620 2494 παρά
637 2404 725 2475 πολὺ
742 2408 797 2474 καὶ
813 2403 895 2491 πρός
911 2401 969 2481 τάς
983 2400 1084 2487 ὀργάς

79 2508 263 2594 ἠπιώτερος
284 2510 338 2574 καὶ
361 2506 444 2593 πρὸς
464 2507 523 2586 τάς
542 2507 693 2583 κολάσεις
708 2503 910 2591 βραδύτερος
926 2506 980 2571 καὶ
1000 2498 1084 2587 πρὸς

79 2606 135 2685 τάς
151 2609 332 2690 ἐπιθυμίας
344 2604 564 2692 ἀμβλύτερος,
581 2602 625 2683 ὡς
634 2600 678 2671 ἀν
690 2602 754 2691 ῆδη
765 2612 821 2690 τῆς
831 2601 958 2689 ῆλικίας
972 2598 1084 2685 τὸμὲν

78 2705 309 2790 σφοδρότερον
326 2712 383 2789 τῆς
401 2702 504 2789 ὁρμῆς
519 2703 714 2788 ἐπεχούσης,
734 2700 793 2779 τὰς
813 2701 849 2768 δέ
868 2708 936 2767 τῶν
950 2697 1083 2785 ῆδονών

12 2797 13 2802 ’
79 2801 204 2887 ὀρεῖεις
214 2801 513 2887 χαλιναγωγούσης.
535 2805 588 2868 καὶ
600 2803 684 2885 πρός
696 2828 733 2888 γε
743 2800 805 2887 τῆν
817 2798 921 2885 ἀρχῆν
931 2805 999 2865 τῶν
1010 2795 1084 2861 ἀδι-

78 2900 237 2988 κημάτων
256 2898 323 2967 ὑπό
347 2908 408 2968 τοῦ
428 2896 546 2977 παιδός
565 2898 657 2967 ἀκων
678 2906 846 2985 προῆχθαι
871 2899 1016 2981 ἐλέγετο,
1043 2889 1084 2958 ού

78 3002 170 3067 πάνυ
187 2996 387 3084 τυραννικός
401 2994 502 3075 αὐτὸς
515 2994 579 3079 ἀν,
594 2996 666 3066 ἀλλ’
684 3006 783 3065 είκων
799 2997 929 3082 ε’κείνφ·
950 2989 1085 3077 φιλότε-

78 3124 157 3175 κνος
173 3094 237 3183 γάρ
254 3100 286 3175 ἐς
300 3094 491 3184 ὑπερβολὴν
505 3098 651 3181 ἐγένετο,
673 3092 717 3172 ὡς
730 3095 847 3174 ἐδειξε,
872 3092 927 3158 καὶ
943 3090 1052 3157 πάντα
1067 3084 1085 3155 ὃ

78 3211 156 3274 παῖς
169 3189 214 3283 ῆν
228 3194 385 3285 αὐτῷκαὶ
398 3200 514 3285 ἐκείνῳ
529 3198 678 3262 ἐπείθετο
689 3193 741 3257 καί
756 3188 862 3275 ῆδίκει
875 3187 937 3255 ὅσα
953 3186 1084 3255 κελεύοι

79 3297 132 3363 καὶ
155 3294 310 3374 ἐκόλαζεν
330 3291 389 3371 οὑς
410 3294 607 3377 προστάττοι
626 3292 681 3359 καὶ
703 3288 810 3355 πάντα
831 3283 1002 3371 ὑπηρέτει,
1030 3288 1085 3352 καὶ

12 3459 13 3470 ,
79 3392 165 3471 ὅλως
178 3396 389 3479 ἐτυραννεῖτο
402 3389 461 3459 ὑπ’
474 3389 579 3458 αὐτοῦ
590 3393 644 3458 καὶ
656 3386 846 3473 δορυφόρος
857 3395 924 3453 τῶν
934 3393 996 3454 τοῦ
1008 3408 1088 3451 παι-
