2575 3842
214 214 590 282 ΑΛΕΞΑΝΔΡΟΣΗ
617 221 999 279 ²FEPAOMANTIZ.
1046 216 1105 279 115

102 384 224 441 νεσθαι
240 378 294 443 καί
310 374 393 460 ὑπὲρ
414 383 481 444 τών
498 376 587 446 ὅλων
606 376 828 445 κινδυνεύειν.
855 374 878 463 ή
893 385 957 446 τίνι
972 376 1105 465 βιωτόν,

102 476 132 535 εί
145 472 339 557 κριθήσεται
353 480 414 540 τοῦ
428 470 624 543 ἀνατιθέναι
641 478 696 543 καὶ
710 473 861 553 ἀνάξιος;

506 646 706 656 ——.

163 802 535 884 ΑΛΕΞΑΝΛΡΟΣ
560 818 597 874 Η
629 808 1045 876 ΨΕΥΛΟΜΑΝΤΙΣ.

185 971 213 1033 l.
232 964 286 1033 Σῦ
299 969 361 1053 μέν
377 978 471 1052 ίσως,
489 963 516 1036 ώ
532 976 666 1054 φίλτατε
679 973 802 1053 Κέλσε,
824 968 944 1055 μικρόν
959 994 990 1035 τι
1004 974 1101 1035 τοῦτο

101 1064 154 1128 καὶ
166 1070 297 1146 φαῦλον
309 1075 370 1133 οίει
385 1065 421 1134 τό
433 1067 636 1153 πρόσταγμα,
654 1069 868 1153 προστάττειν
879 1064 939 1134 τόν
952 1064 1102 1145 Ἀλεξάν·
1121 1083 1171 1137 ‘208

101 1161 184 1239 δρου
206 1180 257 1228 σοι
277 1170 337 1228 τοῦ
357 1162 621 1249 Ἀβωνοτειχίτου
643 1170 703 1229 τοῦ
720 1163 839 1249 γόητος
861 1168 936 1249 βίον
956 1165 1010 1229 καὶ
1032 1164 1103 1227 ἐπι-

101 1262 192 1333 νοίας
214 1256 318 1327 αῦτοῦ
339 1263 395 1329 καὶ
413 1262 604 1347 τολμήματα
625 1263 679 1328 καὶ
699 1266 899 1346 μαγγανείας
920 1261 952 1336 ἐς
971 1264 1103 1344 βιβλίον

100 1353 311 1438 ἐγγράψαντα
330 1361 471 1444 πέμψαι·
491 1355 528 1425 τδ
550 1362 601 1442 δέ,
625 1366 658 1425 εί
669 1386 718 1436 τις
729 1360 839 1425 ἐθέλοι
856 1354 938 1442 πρὸς
955 1354 990 1423 τό
1007 1354 1102 1437 άκρι-

99 1453 155 1537 βὲς
170 1452 308 1521 ἕκαστον
325 1458 500 1539 ἐπεξιέναι,
517 1454 557 1523 οῦ
573 1455 668 1540 μεῖόν
684 1457 772 1522 ἐστιν
783 1451 805 1540 ή
817 1452 874 1531 τάς
885 1451 1101 1533 Ἀλεξάνδρου

98 1556 160 1615 τοῦ
173 1556 341 1619 Φιλίππου
352 1554 486 1638 πράξεις
497 1550 702 1638 ἀναγράψαι·
716 1557 873 1627 τοσοῦτος
884 1552 920 1615 έν
931 1553 1028 1633 κακίᾳ
1040 1538 1101 1611 οὗ·

98 1670 171 1727 τος,
186 1642 264 1724 ὅσος
279 1654 325 1726 είς
335 1646 456 1735 ἀρετήν
470 1654 603 1727 ἐκεῖνος.
625 1647 714 1735 ὅμως
724 1650 759 1715 δὲ
771 1653 801 1715 εί
810 1644 891 1733 μετά
902 1643 1101 1731 συγγνώμης

99 1738 356 1828 ἀναγνώσεσθαι
374 1750 504 1831 μέλλοις
518 1750 573 1815 καὶ
593 1744 634 1814 τά
652 1748 806 1813 ἐνδέοντα
824 1758 891 1821 τοῖς
906 1742 1101 1827 ἱστορουμέ-

99 1864 168 1916 νοις
179 1849 467 1927 προσλογιεῖσθαι,
479 1841 710 1926 ὑποστήσομαί
719 1860 770 1907 σοι
781 1838 842 1906 τόν
853 1833 962 1905 ἆθλον
974 1838 1027 1903 καὶ
1039 1833 1100 1920 τήν

97 1935 233 2021 Αὐγέου
248 1945 466 2024 βουστασίαν,
489 1945 520 2007 εί
537 1936 650 2024 καὶμὴ
668 1944 792 2019 πάσαν,
815 1931 888 2001 ἀλλ’
908 1935 940 2010 ἐς
955 1932 1100 2015 δύναμίν

97 2059 134 2117 γε
158 2032 220 2119 τήν
246 2038 390 2121 ἐμαυτοῦ
415 2035 696 2122 ἀνακαθήρασθαι
723 2031 935 2116 πειράσομαι,
968 2026 1100 2112 ὀλίγους

97 2129 199 2209 ὅσους
213 2138 281 2197 τών
296 2139 446 2217 κοφίνων
462 2133 666 2219 ἐκφορήσας,
682 2129 725 2208 ώς
739 2128 798 2197 ἀπ’
814 2131 951 2208 ἐκείνων
965 2130 1101 2210 τεκμαί-

96 2252 169 2312 ροιο
181 2225 267 2313 πόση
279 2236 368 2295 πᾶσα
381 2233 434 2297 καὶ
446 2228 489 2309 ώς
501 2228 672 2315 ἀμύθητος
683 2221 727 2313 ήν
737 2225 757 2313 ἡ
769 2225 909 2308 κόπρος,
921 2220 964 2309 ἣν
976 2225 1100 2304 τρισχί-

95 2330 161 2390 λιοι
176 2324 254 2409 βόες
270 2326 307 2390 ἐν
321 2334 454 2404 πολλοῖς
469 2332 553 2393 ἔτεσι
571 2332 704 2411 ποιήσαι
722 2322 893 2391 ἐδύναντο.

181 2426 211 2487 2.
232 2426 398 2507 Αίδοῦμαι
408 2428 470 2509 μὲν
481 2415 545 2489 οὖν
556 2420 647 2508 ὑπὲρ
658 2419 805 2507 ἀμφοῖν,
822 2416 906 2502 ῦπέρ
922 2442 956 2483 τε
971 2420 1033 2482 σοῦ
1044 2415 1099 2481 καί

95 2514 182 2601 ὑπὲρ
204 2520 366 2603 ἐμαυτοῦ·
396 2527 459 2586 σοῦ
480 2522 559 2605 μέν,
585 2516 757 2596 ἀξιοῦντος
777 2515 889 2602 μνήμη
910 2516 964 2580 καὶ
984 2519 1100 2597 γραφή

94 2619 330 2701 παραδοθῆναι
339 2613 445 2700 ἀνδρα
455 2616 727 2700 τρισκατάρατον,
737 2616 881 2700 ἐμαυτοῦ
892 2613 938 2695 δέ,
948 2606 1100 2694 σπουδήν

94 2714 301 2795 ποιουμένου
311 2714 363 2779 ἐπὶ
375 2713 510 2799 τοιαύτη
525 2716 653 2800 ίστορίᾳ
663 2711 718 2778 καὶ
730 2710 887 2792 πράξεσιν
901 2705 1098 2791 ἀνθρώπου,

92 2806 133 2875 δν
155 2808 217 2877 οῦκ
245 2808 533 2895 ἀναγινώσκεσθαι
558 2808 641 2896 πρὸς
666 2818 733 2877 τών
757 2809 1031 2893 πεπαιδευμένων
1054 2798 1097 2889 ἦν
1116 2819 1167 2873 209

93 2904 204 2990 ἀξιον,
230 2903 303 2976 ἀλλ’
326 2910 364 2975 ἐν
384 2910 544 2998 πανδήμφ
564 2912 629 2976 τινί
647 2916 788 2997 μεγίστφ
803 2908 936 2994 θεάτρφ
954 2904 1098 2989 ὁρᾶσθαι

92 3000 158 3070 ῦπδ
181 3001 373 3091 πιθήκωυή
394 3003 575 3074 ἀλωπέκων
588 3006 867 3090 σπαραττόμενον.
901 3000 974 3070 ἀλλ’
990 3002 1034 3087 ήν
1051 3028 1099 3079 τις

90 3097 171 3184 ἡμῖν
194 3100 319 3185 ταύτην
342 3104 482 3189 ἐπιφέρῃ
505 3100 567 3188 τήν
584 3108 709 3187 αἰτίαν,
738 3104 854 3186 ἕξομεν
877 3101 931 3167 καὶ
951 3096 1044 3165 αὐτοὶ
1067 3100 1098 3174 ἐς

91 3197 301 3281 παράδειγμά
313 3224 344 3265 τι
355 3206 507 3266 τοιοῦτον
518 3197 727 3283 ἀνενεγκεῖν·
751 3199 805 3265 καί
815 3194 988 3282 Ἀρριανὸς
1002 3191 1095 3281 γάρὸ

90 3302 151 3359 τοῦ
170 3292 365 3381 Ἐπικτήτου
385 3295 552 3382 μαθητής,
577 3294 663 3381 ἀνήρ
677 3292 842 3381 Ῥωμαίων
859 3298 895 3363 ἐν
917 3307 985 3371 τοῖς
1004 3294 1095 3375 πρώ-

88 3416 157 3469 τοις
167 3393 222 3458 καί
234 3396 365 3481 παιδείᾳ
377 3389 451 3478 παρ’
464 3391 546 3460 όλον
554 3392 614 3461 τδν
624 3401 700 3481 βίον
712 3394 966 3482 συγγενόμενος,
978 3391 1097 3481 όμοιόν

945 3494 957 3521 ¹*
