<?xml version="1.0" encoding="UTF-8"?>
<!DOCTYPE html PUBLIC "-//W3C//DTD XHTML 1.0 Transitional//EN"
    "http://www.w3.org/TR/xhtml1/DTD/xhtml1-transitional.dtd">
<html xmlns="http://www.w3.org/1999/xhtml" xml:lang="en" lang="en">
 <head>
  <title>
</title>
<meta http-equiv="Content-Type" content="text/html;charset=utf-8" />
  <meta name='ocr-system' content='tesseract 3.04.00' />
  <meta name='ocr-capabilities' content='ocr_page ocr_carea ocr_par ocr_line ocrx_word'/>
</head>
<body>
  <div class='ocr_page' id='page_1' title='image "./operaadoptimoru00jacogoog/operaadoptimoru00jacogoog_0306.png"; bbox 0 0 2575 3842; ppageno 0'>
   <div class='ocr_carea' id='block_1_1' title="bbox 164 189 834 254">
    <p class='ocr_par' dir='ltr' id='par_1_1' title="bbox 164 189 834 254">
     <span class='ocr_line' id='line_1_1' title="bbox 164 189 834 254; baseline -0.013 0"><span class='ocrx_word' id='word_1_1' title='bbox 164 191 226 254; x_wconf 73' lang='lat'><strong><em>258</em></strong></span> <span class='ocrx_word' id='word_1_2' title='bbox 520 189 834 248; x_wconf 75' lang='lat' dir='ltr'><em>AOYKIANOY-</em></span> 
     </span>
    </p>
   </div>
   <div class='ocr_carea' id='block_1_2' title="bbox 95 345 1288 2688">
    <p class='ocr_par' dir='ltr' id='par_1_2' title="bbox 164 345 1177 437">
     <span class='ocr_line' id='line_1_2' title="bbox 164 345 1177 437; baseline -0.002 -19"><span class='ocrx_word' id='word_1_3' title='bbox 164 350 275 436; x_wconf 88' lang='grc' dir='ltr'><strong><em>λόγων</em></strong></span> <span class='ocrx_word' id='word_1_4' title='bbox 290 351 498 437; x_wconf 82' lang='grc' dir='ltr'><strong><em>ἐνάρχεσθαι.</em></strong></span> <span class='ocrx_word' id='word_1_5' title='bbox 523 355 628 416; x_wconf 92' lang='grc' dir='ltr'><strong><em>καίτοι</em></strong></span> <span class='ocrx_word' id='word_1_6' title='bbox 644 390 687 400; x_wconf 92' lang='grc'><strong>-</strong></span> <span class='ocrx_word' id='word_1_7' title='bbox 701 346 743 414; x_wconf 84' lang='grc' dir='ltr'><strong><em>οὐ</em></strong></span> <span class='ocrx_word' id='word_1_8' title='bbox 757 345 821 432; x_wconf 79' lang='grc' dir='ltr'><strong><em>γὰρ</em></strong></span> <span class='ocrx_word' id='word_1_9' title='bbox 833 345 967 434; x_wconf 80' lang='grc' dir='ltr'><strong><em>ὀκνήσω</em></strong></span> <span class='ocrx_word' id='word_1_10' title='bbox 980 347 1065 433; x_wconf 83' lang='grc' dir='ltr'><strong><em>πρὸς</em></strong></span> <span class='ocrx_word' id='word_1_11' title='bbox 1080 348 1118 416; x_wconf 76' lang='grc' dir='ltr'><strong><em>σὲ</em></strong></span> <span class='ocrx_word' id='word_1_12' title='bbox 1129 355 1177 416; x_wconf 81' lang='grc' dir='ltr'><strong><em>εἰ-</em></strong></span> 
     </span>
    </p>

    <p class='ocr_par' dir='ltr' id='par_1_3' title="bbox 163 443 1287 923">
     <span class='ocr_line' id='line_1_3' title="bbox 164 443 1177 532; baseline -0.003 -17"><span class='ocrx_word' id='word_1_13' title='bbox 164 461 239 515; x_wconf 72' lang='grc' dir='ltr'><strong><em>πεῖν</em></strong></span> <span class='ocrx_word' id='word_1_14' title='bbox 254 446 273 515; x_wconf 84' lang='grc' dir='ltr'><strong><em>ὁ</em></strong></span> <span class='ocrx_word' id='word_1_15' title='bbox 289 452 445 517; x_wconf 83' lang='grc' dir='ltr'><strong><em>πέπονθα</em></strong></span> <span class='ocrx_word' id='word_1_16' title='bbox 461 489 501 497; x_wconf 91' lang='grc'>-</span> <span class='ocrx_word' id='word_1_17' title='bbox 521 445 583 513; x_wconf 84' lang='grc' dir='ltr'><strong><em>οὐκ</em></strong></span> <span class='ocrx_word' id='word_1_18' title='bbox 604 444 678 512; x_wconf 85' lang='grc' dir='ltr'><strong><em>οίδα</em></strong></span> <span class='ocrx_word' id='word_1_19' title='bbox 697 443 788 522; x_wconf 84' lang='grc' dir='ltr'><strong><em>ὁπως</em></strong></span> <span class='ocrx_word' id='word_1_20' title='bbox 809 444 1045 531; x_wconf 78' lang='grc' dir='ltr'><strong><em>φοβερώτερόν</em></strong></span> <span class='ocrx_word' id='word_1_21' title='bbox 1060 473 1118 532; x_wconf 91' lang='grc' dir='ltr'><strong><em>μοι</em></strong></span> <span class='ocrx_word' id='word_1_22' title='bbox 1137 443 1177 513; x_wconf 81' lang='grc' dir='ltr'><strong><em>τὰ</em></strong></span> 
     </span>
     <span class='ocr_line' id='line_1_4' title="bbox 164 540 1287 637; baseline -0.001 -26"><span class='ocrx_word' id='word_1_23' title='bbox 164 553 300 631; x_wconf 83' lang='grc' dir='ltr'><strong><em>πρᾶγμα</em></strong></span> <span class='ocrx_word' id='word_1_24' title='bbox 316 553 513 631; x_wconf 89' lang='grc' dir='ltr'><strong><em>πεποίηκας,</em></strong></span> <span class='ocrx_word' id='word_1_25' title='bbox 530 545 585 611; x_wconf 87' lang='grc' dir='ltr'><strong><em>καὶ</em></strong></span> <span class='ocrx_word' id='word_1_26' title='bbox 597 541 641 621; x_wconf 86' lang='grc' dir='ltr'><strong><em>ώς</em></strong></span> <span class='ocrx_word' id='word_1_27' title='bbox 657 540 738 630; x_wconf 79' lang='grc' dir='ltr'><strong><em>ὁρᾷς</em></strong></span> <span class='ocrx_word' id='word_1_28' title='bbox 751 545 834 625; x_wconf 87' lang='grc' dir='ltr'><strong><em>ίδρώ</em></strong></span> <span class='ocrx_word' id='word_1_29' title='bbox 846 568 881 609; x_wconf 88' lang='grc' dir='ltr'><strong><em>τε</em></strong></span> <span class='ocrx_word' id='word_1_30' title='bbox 892 540 956 628; x_wconf 87' lang='grc' dir='ltr'><strong><em>ήδη</em></strong></span> <span class='ocrx_word' id='word_1_31' title='bbox 971 544 1026 610; x_wconf 81' lang='grc' dir='ltr'><strong><em>καὶ</em></strong></span> <span class='ocrx_word' id='word_1_32' title='bbox 1040 545 1179 610; x_wconf 81' lang='grc' dir='ltr'><strong><em>δέδοικα</em></strong></span> <span class='ocrx_word' id='word_1_33' title='bbox 1286 618 1287 637; x_wconf 39' lang='grc'><strong><em>,</em></strong></span> 
     </span>
     <span class='ocr_line' id='line_1_5' title="bbox 163 637 1287 730; baseline -0.003 -20"><span class='ocrx_word' id='word_1_34' title='bbox 163 645 218 711; x_wconf 78' lang='grc' dir='ltr'><strong><em>καὶ</em></strong></span> <span class='ocrx_word' id='word_1_35' title='bbox 230 645 408 730; x_wconf 72' lang='grc' dir='ltr'><strong><em>μονονουχὶ</em></strong></span> <span class='ocrx_word' id='word_1_36' title='bbox 422 644 476 710; x_wconf 76' lang='grc' dir='ltr'><strong><em>καὶ</em></strong></span> <span class='ocrx_word' id='word_1_37' title='bbox 488 641 573 726; x_wconf 86' lang='grc' dir='ltr'><strong><em>ὁρᾶν</em></strong></span> <span class='ocrx_word' id='word_1_38' title='bbox 585 637 691 724; x_wconf 74' lang='grc' dir='ltr'><strong><em>αὐτήν</em></strong></span> <span class='ocrx_word' id='word_1_39' title='bbox 703 649 815 724; x_wconf 86' lang='grc' dir='ltr'><strong><em>οίομαι</em></strong></span> <span class='ocrx_word' id='word_1_40' title='bbox 825 642 880 707; x_wconf 80' lang='grc' dir='ltr'><strong><em>καὶ</em></strong></span> <span class='ocrx_word' id='word_1_41' title='bbox 891 637 928 706; x_wconf 88' lang='grc' dir='ltr'><strong><em>τὸ</em></strong></span> <span class='ocrx_word' id='word_1_42' title='bbox 942 647 1078 726; x_wconf 84' lang='grc' dir='ltr'><strong><em>πρᾶγμα</em></strong></span> <span class='ocrx_word' id='word_1_43' title='bbox 1092 649 1179 708; x_wconf 96' lang='grc' dir='ltr'><strong><em>πολ-</em></strong></span> <span class='ocrx_word' id='word_1_44' title='bbox 1286 650 1287 727; x_wconf 55' lang='grc' dir='ltr'>ξ</span> 
     </span>
     <span class='ocr_line' id='line_1_6' title="bbox 163 733 1287 826; baseline -0.009 -19"><span class='ocrx_word' id='word_1_45' title='bbox 163 741 227 825; x_wconf 89' lang='grc' dir='ltr'><strong><em>λήν</em></strong></span> <span class='ocrx_word' id='word_1_46' title='bbox 243 767 299 826; x_wconf 93' lang='grc' dir='ltr'><strong><em>μοι</em></strong></span> <span class='ocrx_word' id='word_1_47' title='bbox 315 738 377 825; x_wconf 87' lang='grc' dir='ltr'><strong><em>τήν</em></strong></span> <span class='ocrx_word' id='word_1_48' title='bbox 389 736 536 825; x_wconf 86' lang='grc' dir='ltr'><strong><em>ταραχήν</em></strong></span> <span class='ocrx_word' id='word_1_49' title='bbox 547 741 775 823; x_wconf 85' lang='grc' dir='ltr'><strong><em>ἐμπεποίηκεν.</em></strong></span> <span class='ocrx_word' id='word_1_50' title='bbox 800 733 940 821; x_wconf 81' lang='grc' dir='ltr'><strong><em>ἀρξομαι</em></strong></span> <span class='ocrx_word' id='word_1_51' title='bbox 955 735 985 803; x_wconf 92' lang='grc' dir='ltr'><strong><em>δ’</em></strong></span> <span class='ocrx_word' id='word_1_52' title='bbox 1003 735 1111 822; x_wconf 83' lang='grc' dir='ltr'><strong><em>ὅμως·</em></strong></span> <span class='ocrx_word' id='word_1_53' title='bbox 1132 736 1178 804; x_wconf 84' lang='grc' dir='ltr'><strong><em>οὐ</em></strong></span> <span class='ocrx_word' id='word_1_54' title='bbox 1286 740 1287 797; x_wconf 62' lang='grc' dir='ltr'>Ξ</span> 
     </span>
     <span class='ocr_line' id='line_1_7' title="bbox 165 834 824 923; baseline -0.002 -19"><span class='ocrx_word' id='word_1_55' title='bbox 165 837 230 923; x_wconf 89' lang='grc' dir='ltr'><strong><em>γάρ</em></strong></span> <span class='ocrx_word' id='word_1_56' title='bbox 247 834 321 905; x_wconf 83' lang='grc' dir='ltr'><strong><em>οἷόν</em></strong></span> <span class='ocrx_word' id='word_1_57' title='bbox 335 864 370 905; x_wconf 89' lang='grc' dir='ltr'><strong><em>τε</em></strong></span> <span class='ocrx_word' id='word_1_58' title='bbox 384 835 551 904; x_wconf 85' lang='grc' dir='ltr'><strong><em>ἀναδῦναι</em></strong></span> <span class='ocrx_word' id='word_1_59' title='bbox 566 834 629 920; x_wconf 85' lang='grc' dir='ltr'><strong><em>ήδη</em></strong></span> <span class='ocrx_word' id='word_1_60' title='bbox 644 835 824 920; x_wconf 75' lang='grc' dir='ltr'><strong><em>παρούσης.</em></strong></span> 
     </span>
    </p>

    <p class='ocr_par' dir='ltr' id='par_1_4' title="bbox 165 930 1288 1217">
     <span class='ocr_line' id='line_1_8' title="bbox 249 930 1288 1020; baseline -0.003 -17"><span class='ocrx_word' id='word_1_61' title='bbox 249 943 352 1004; x_wconf 89' lang='grc' dir='ltr'><strong><em>ΠΟΛ.</em></strong></span> <span class='ocrx_word' id='word_1_62' title='bbox 375 939 440 1003; x_wconf 80' lang='grc' dir='ltr'><strong><em>Καὶ</em></strong></span> <span class='ocrx_word' id='word_1_63' title='bbox 455 932 497 1020; x_wconf 86' lang='grc' dir='ltr'><strong><em>νή</em></strong></span> <span class='ocrx_word' id='word_1_64' title='bbox 512 941 580 1002; x_wconf 86' lang='grc' dir='ltr'><strong><em>Δία</em></strong></span> <span class='ocrx_word' id='word_1_65' title='bbox 594 930 722 1018; x_wconf 87' lang='grc' dir='ltr'><strong><em>πολλήν</em></strong></span> <span class='ocrx_word' id='word_1_66' title='bbox 739 932 801 1018; x_wconf 89' lang='grc' dir='ltr'><strong><em>τήν</em></strong></span> <span class='ocrx_word' id='word_1_67' title='bbox 816 931 991 1018; x_wconf 78' lang='grc' dir='ltr'><strong><em>εὐμένειαν</em></strong></span> <span class='ocrx_word' id='word_1_68' title='bbox 1007 936 1178 1020; x_wconf 78' lang='grc' dir='ltr'><strong><em>ἐπιφαίνει</em></strong></span> <span class='ocrx_word' id='word_1_69' title='bbox 1287 1013 1288 1020; x_wconf 15' lang='grc' dir='ltr'><strong><em>χ</em></strong></span> 
     </span>
     <span class='ocr_line' id='line_1_9' title="bbox 165 1028 1178 1124; baseline -0.004 -23"><span class='ocrx_word' id='word_1_70' title='bbox 165 1041 210 1124; x_wconf 76' lang='grc' dir='ltr'><strong><em>τῷ</em></strong></span> <span class='ocrx_word' id='word_1_71' title='bbox 227 1033 411 1124; x_wconf 76' lang='grc' dir='ltr'><strong><em>προσώπῳ·</em></strong></span> <span class='ocrx_word' id='word_1_72' title='bbox 440 1031 565 1117; x_wconf 78' lang='grc' dir='ltr'><strong><em>φαιδρὰ</em></strong></span> <span class='ocrx_word' id='word_1_73' title='bbox 579 1031 644 1117; x_wconf 84' lang='grc' dir='ltr'><strong><em>γάρ</em></strong></span> <span class='ocrx_word' id='word_1_74' title='bbox 661 1028 704 1108; x_wconf 85' lang='grc' dir='ltr'><strong><em>ώς</em></strong></span> <span class='ocrx_word' id='word_1_75' title='bbox 720 1028 800 1120; x_wconf 79' lang='grc' dir='ltr'><strong><em>ὁρᾷς</em></strong></span> <span class='ocrx_word' id='word_1_76' title='bbox 814 1034 870 1098; x_wconf 86' lang='grc' dir='ltr'><strong><em>καὶ</em></strong></span> <span class='ocrx_word' id='word_1_77' title='bbox 884 1032 1062 1118; x_wconf 90' lang='grc' dir='ltr'><strong><em>προσηνής.</em></strong></span> <span class='ocrx_word' id='word_1_78' title='bbox 1091 1030 1178 1098; x_wconf 76' lang='grc' dir='ltr'><strong><em>ὥστε</em></strong></span> 
     </span>
     <span class='ocr_line' id='line_1_10' title="bbox 165 1128 596 1217; baseline -0.009 -18"><span class='ocrx_word' id='word_1_79' title='bbox 165 1137 306 1217; x_wconf 79' lang='grc' dir='ltr'><strong><em>θαρρῶν</em></strong></span> <span class='ocrx_word' id='word_1_80' title='bbox 320 1132 395 1216; x_wconf 82' lang='grc' dir='ltr'><strong><em>λέγε</em></strong></span> <span class='ocrx_word' id='word_1_81' title='bbox 409 1128 469 1198; x_wconf 85' lang='grc' dir='ltr'><strong><em>τὸν</em></strong></span> <span class='ocrx_word' id='word_1_82' title='bbox 486 1131 596 1214; x_wconf 91' lang='grc' dir='ltr'><strong><em>λόγον.</em></strong></span> 
     </span>
    </p>

    <p class='ocr_par' dir='ltr' id='par_1_5' title="bbox 95 1218 1288 2688">
     <span class='ocr_line' id='line_1_11' title="bbox 95 1218 1175 1314; baseline -0.006 -16"><span class='ocrx_word' id='word_1_83' title='bbox 95 1243 147 1300; x_wconf 73' lang='lat'><strong><em>495</em></strong></span> <span class='ocrx_word' id='word_1_84' title='bbox 252 1234 301 1298; x_wconf 88' lang='grc'><strong><em>17.</em></strong></span> <span class='ocrx_word' id='word_1_85' title='bbox 319 1236 419 1297; x_wconf 71' lang='grc' dir='ltr'><strong><em>ΛΤΚ.</em></strong></span> <span class='ocrx_word' id='word_1_86' title='bbox 440 1226 521 1314; x_wconf 72' lang='grc' dir='ltr'><strong><em>Ἐγώ</em></strong></span> <span class='ocrx_word' id='word_1_87' title='bbox 534 1249 585 1312; x_wconf 88' lang='grc' dir='ltr'><strong><em>σε,</em></strong></span> <span class='ocrx_word' id='word_1_88' title='bbox 602 1218 810 1312; x_wconf 83' lang='grc' dir='ltr'><strong><em>ώγυναικῶν</em></strong></span> <span class='ocrx_word' id='word_1_89' title='bbox 820 1224 953 1312; x_wconf 88' lang='grc' dir='ltr'><strong><em>ἀρίστη,</em></strong></span> <span class='ocrx_word' id='word_1_90' title='bbox 970 1227 1114 1312; x_wconf 84' lang='grc' dir='ltr'><strong><em>μεγαλα,</em></strong></span> <span class='ocrx_word' id='word_1_91' title='bbox 1131 1224 1175 1304; x_wconf 83' lang='grc' dir='ltr'><strong><em>ὡς</em></strong></span> 
     </span>
     <span class='ocr_line' id='line_1_12' title="bbox 166 1321 1173 1414; baseline -0.005 -20"><span class='ocrx_word' id='word_1_92' title='bbox 166 1323 249 1414; x_wconf 85' lang='grc' dir='ltr'><strong><em>φής,</em></strong></span> <span class='ocrx_word' id='word_1_93' title='bbox 268 1327 324 1394; x_wconf 88' lang='grc' dir='ltr'><strong><em>καὶ</em></strong></span> <span class='ocrx_word' id='word_1_94' title='bbox 337 1327 422 1408; x_wconf 90' lang='grc' dir='ltr'><strong><em>πέρα</em></strong></span> <span class='ocrx_word' id='word_1_95' title='bbox 437 1332 498 1392; x_wconf 84' lang='grc' dir='ltr'><strong><em>τοῦ</em></strong></span> <span class='ocrx_word' id='word_1_96' title='bbox 514 1327 638 1410; x_wconf 83' lang='grc' dir='ltr'><strong><em>μέτρου</em></strong></span> <span class='ocrx_word' id='word_1_97' title='bbox 653 1324 828 1401; x_wconf 78' lang='grc' dir='ltr'><strong><em>ἐπαινέσας</em></strong></span> <span class='ocrx_word' id='word_1_98' title='bbox 842 1321 903 1410; x_wconf 81' lang='grc' dir='ltr'><strong><em>οὐχ</em></strong></span> <span class='ocrx_word' id='word_1_99' title='bbox 919 1321 988 1405; x_wconf 83' lang='grc' dir='ltr'><strong><em>ὁρώ</em></strong></span> <span class='ocrx_word' id='word_1_100' title='bbox 999 1322 1023 1391; x_wconf 73' lang='grc' dir='ltr'><strong><em>’ὅ</em></strong></span> <span class='ocrx_word' id='word_1_101' title='bbox 1035 1350 1067 1390; x_wconf 91' lang='grc' dir='ltr'><strong><em>τι</em></strong></span> <span class='ocrx_word' id='word_1_102' title='bbox 1083 1331 1173 1408; x_wconf 90' lang='grc' dir='ltr'><strong><em>τηλι-</em></strong></span> 
     </span>
     <span class='ocr_line' id='line_1_13' title="bbox 166 1418 1177 1511; baseline -0.006 -19"><span class='ocrx_word' id='word_1_103' title='bbox 166 1430 290 1492; x_wconf 84' lang='grc' dir='ltr'><strong><em>κοῦτον</em></strong></span> <span class='ocrx_word' id='word_1_104' title='bbox 309 1423 471 1511; x_wconf 78' lang='grc' dir='ltr'><strong><em>ἐπῄνεσα,</em></strong></span> <span class='ocrx_word' id='word_1_105' title='bbox 494 1418 611 1506; x_wconf 78' lang='grc' dir='ltr'><strong><em>ἡλίκον</em></strong></span> <span class='ocrx_word' id='word_1_106' title='bbox 626 1418 709 1506; x_wconf 79' lang='grc' dir='ltr'><strong><em>αὐτή</em></strong></span> <span class='ocrx_word' id='word_1_107' title='bbox 725 1418 768 1487; x_wconf 83' lang='grc' dir='ltr'>σύ</span> <span class='ocrx_word' id='word_1_108' title='bbox 788 1428 886 1488; x_wconf 77' lang='grc' dir='ltr'><strong><em>τοῦτο</em></strong></span> <span class='ocrx_word' id='word_1_109' title='bbox 903 1421 1068 1507; x_wconf 83' lang='grc' dir='ltr'><strong><em>ἐγκώμιον</em></strong></span> <span class='ocrx_word' id='word_1_110' title='bbox 1089 1418 1177 1502; x_wconf 70' lang='grc' dir='ltr'><strong><em>ὑπὲρ</em></strong></span> 
     </span>
     <span class='ocr_line' id='line_1_14' title="bbox 167 1515 1177 1607; baseline -0.003 -20"><span class='ocrx_word' id='word_1_111' title='bbox 167 1527 307 1604; x_wconf 86' lang='grc' dir='ltr'><strong><em>σεαυτής</em></strong></span> <span class='ocrx_word' id='word_1_112' title='bbox 324 1519 518 1605; x_wconf 80' lang='grc' dir='ltr'><strong><em>ἐξενήνοχας</em></strong></span> <span class='ocrx_word' id='word_1_113' title='bbox 532 1516 593 1604; x_wconf 87' lang='grc' dir='ltr'><strong><em>τήν</em></strong></span> <span class='ocrx_word' id='word_1_114' title='bbox 610 1516 694 1601; x_wconf 78' lang='grc' dir='ltr'><strong><em>πρὸς</em></strong></span> <span class='ocrx_word' id='word_1_115' title='bbox 708 1515 745 1584; x_wconf 88' lang='grc' dir='ltr'><strong><em>τὸ</em></strong></span> <span class='ocrx_word' id='word_1_116' title='bbox 761 1529 859 1586; x_wconf 80' lang='grc' dir='ltr'><strong><em>θεῖον</em></strong></span> <span class='ocrx_word' id='word_1_117' title='bbox 873 1516 972 1605; x_wconf 88' lang='grc' dir='ltr'><strong><em>τιμήν</em></strong></span> <span class='ocrx_word' id='word_1_118' title='bbox 988 1521 1025 1586; x_wconf 93' lang='grc' dir='ltr'><strong><em>ἐν</em></strong></span> <span class='ocrx_word' id='word_1_119' title='bbox 1041 1519 1177 1607; x_wconf 83' lang='grc' dir='ltr'><strong><em>μεγάλφ</em></strong></span> 
     </span>
     <span class='ocr_line' id='line_1_15' title="bbox 167 1610 1287 1703; baseline -0.003 -17"><span class='ocrx_word' id='word_1_120' title='bbox 167 1619 342 1702; x_wconf 77' lang='grc' dir='ltr'><strong><em>τιθεμένη·</em></strong></span> <span class='ocrx_word' id='word_1_121' title='bbox 367 1614 487 1703; x_wconf 84' lang='grc' dir='ltr'><strong><em>σχεδὸν</em></strong></span> <span class='ocrx_word' id='word_1_122' title='bbox 502 1615 567 1702; x_wconf 81' lang='grc' dir='ltr'><strong><em>γὰρ</em></strong></span> <span class='ocrx_word' id='word_1_123' title='bbox 584 1615 742 1684; x_wconf 81' lang='grc' dir='ltr'><strong><em>ἁπάντων</em></strong></span> <span class='ocrx_word' id='word_1_124' title='bbox 757 1625 855 1684; x_wconf 85' lang='grc' dir='ltr'><strong><em>τοῦτο</em></strong></span> <span class='ocrx_word' id='word_1_125' title='bbox 870 1623 981 1703; x_wconf 80' lang='grc' dir='ltr'><strong><em>μεῖζον</em></strong></span> <span class='ocrx_word' id='word_1_126' title='bbox 994 1610 1042 1685; x_wconf 84' lang='grc' dir='ltr'><strong><em>ών</em></strong></span> <span class='ocrx_word' id='word_1_127' title='bbox 1060 1627 1177 1703; x_wconf 75' lang='grc' dir='ltr'><strong><em>εἴρηκα</em></strong></span> <span class='ocrx_word' id='word_1_128' title='bbox 1286 1624 1287 1641; x_wconf 67' lang='lat'><em>²</em></span> 
     </span>
     <span class='ocr_line' id='line_1_16' title="bbox 166 1712 1178 1802; baseline -0.002 -20"><span class='ocrx_word' id='word_1_129' title='bbox 166 1718 241 1798; x_wconf 86' lang='grc' dir='ltr'><strong><em>περὶ</em></strong></span> <span class='ocrx_word' id='word_1_130' title='bbox 263 1721 342 1797; x_wconf 86' lang='grc' dir='ltr'><strong><em>σοῦ,</em></strong></span> <span class='ocrx_word' id='word_1_131' title='bbox 369 1718 423 1782; x_wconf 83' lang='grc' dir='ltr'>καί</span> <span class='ocrx_word' id='word_1_132' title='bbox 445 1716 643 1802; x_wconf 73' lang='grc' dir='ltr'><strong><em>συγγνώμη,</em></strong></span> <span class='ocrx_word' id='word_1_133' title='bbox 671 1721 701 1783; x_wconf 88' lang='grc' dir='ltr'><strong><em>εί</em></strong></span> <span class='ocrx_word' id='word_1_134' title='bbox 719 1712 763 1799; x_wconf 87' lang='grc' dir='ltr'><strong><em>μή</em></strong></span> <span class='ocrx_word' id='word_1_135' title='bbox 778 1717 832 1782; x_wconf 80' lang='grc' dir='ltr'><strong><em>καὶ</em></strong></span> <span class='ocrx_word' id='word_1_136' title='bbox 846 1715 970 1801; x_wconf 82' lang='grc' dir='ltr'><strong><em>ταύτην</em></strong></span> <span class='ocrx_word' id='word_1_137' title='bbox 985 1736 1038 1782; x_wconf 95' lang='grc' dir='ltr'><strong><em>σοι</em></strong></span> <span class='ocrx_word' id='word_1_138' title='bbox 1054 1719 1178 1797; x_wconf 83' lang='grc' dir='ltr'><strong><em>προσέ-</em></strong></span> 
     </span>
     <span class='ocr_line' id='line_1_17' title="bbox 166 1809 1177 1900; baseline 0.002 -23"><span class='ocrx_word' id='word_1_139' title='bbox 166 1825 279 1900; x_wconf 75' lang='grc' dir='ltr'><strong><em>γραψα</em></strong></span> <span class='ocrx_word' id='word_1_140' title='bbox 296 1809 357 1896; x_wconf 87' lang='grc' dir='ltr'><strong><em>τήν</em></strong></span> <span class='ocrx_word' id='word_1_141' title='bbox 376 1814 489 1880; x_wconf 75' lang='grc' dir='ltr'><strong><em>εἰκόνα</em></strong></span> <span class='ocrx_word' id='word_1_142' title='bbox 504 1812 561 1880; x_wconf 82' lang='grc' dir='ltr'><strong><em>ὑπ’</em></strong></span> <span class='ocrx_word' id='word_1_143' title='bbox 580 1813 716 1900; x_wconf 77' lang='grc' dir='ltr'><strong><em>ἀγνοίας</em></strong></span> <span class='ocrx_word' id='word_1_144' title='bbox 729 1839 770 1898; x_wconf 87' lang='grc' dir='ltr'><strong><em>με</em></strong></span> <span class='ocrx_word' id='word_1_145' title='bbox 786 1817 1031 1882; x_wconf 76' lang='grc' dir='ltr'><strong><em>διαλαθοῦσαν·</em></strong></span> <span class='ocrx_word' id='word_1_146' title='bbox 1051 1810 1093 1880; x_wconf 83' lang='grc' dir='ltr'><strong><em>οὐ</em></strong></span> <span class='ocrx_word' id='word_1_147' title='bbox 1111 1812 1177 1898; x_wconf 80' lang='grc' dir='ltr'><strong><em>γὰρ</em></strong></span> 
     </span>
     <span class='ocr_line' id='line_1_18' title="bbox 167 1907 1288 2000; baseline 0.002 -23"><span class='ocrx_word' id='word_1_148' title='bbox 167 1907 211 1977; x_wconf 81' lang='grc' dir='ltr'><strong><em>ἀν</em></strong></span> <span class='ocrx_word' id='word_1_149' title='bbox 223 1908 329 1994; x_wconf 83' lang='grc' dir='ltr'><strong><em>ἀλλην</em></strong></span> <span class='ocrx_word' id='word_1_150' title='bbox 340 1909 404 1995; x_wconf 81' lang='grc' dir='ltr'><strong><em>πρὸ</em></strong></span> <span class='ocrx_word' id='word_1_151' title='bbox 417 1909 517 1998; x_wconf 83' lang='grc' dir='ltr'><strong><em>αὐτῆς</em></strong></span> <span class='ocrx_word' id='word_1_152' title='bbox 528 1913 733 1998; x_wconf 71' lang='grc' dir='ltr'><strong><em>ἐγραψάμην.</em></strong></span> <span class='ocrx_word' id='word_1_153' title='bbox 751 1910 835 1979; x_wconf 83' lang='grc' dir='ltr'><strong><em>ώστε</em></strong></span> <span class='ocrx_word' id='word_1_154' title='bbox 846 1913 950 2000; x_wconf 82' lang='grc' dir='ltr'><strong><em>ταύτη</em></strong></span> <span class='ocrx_word' id='word_1_155' title='bbox 961 1939 1000 1997; x_wconf 86' lang='grc' dir='ltr'><strong><em>γε</em></strong></span> <span class='ocrx_word' id='word_1_156' title='bbox 1014 1909 1074 1998; x_wconf 82' lang='grc' dir='ltr'><strong><em>οὐχ</em></strong></span> <span class='ocrx_word' id='word_1_157' title='bbox 1086 1909 1177 1989; x_wconf 83' lang='grc' dir='ltr'><strong><em>ὅπως</em></strong></span> <span class='ocrx_word' id='word_1_158' title='bbox 1287 1927 1288 1940; x_wconf 18' lang='grc' dir='ltr'>ἢ</span> 
     </span>
     <span class='ocr_line' id='line_1_19' title="bbox 167 2008 1179 2098; baseline 0.002 -22"><span class='ocrx_word' id='word_1_159' title='bbox 167 2008 438 2098; x_wconf 79' lang='grc' dir='ltr'><strong><em>ὑπερβάλλεσθαι</em></strong></span> <span class='ocrx_word' id='word_1_160' title='bbox 450 2011 528 2090; x_wconf 86' lang='grc' dir='ltr'><strong><em>τούς</em></strong></span> <span class='ocrx_word' id='word_1_161' title='bbox 540 2017 711 2094; x_wconf 86' lang='grc' dir='ltr'><strong><em>ἐπαίνους,</em></strong></span> <span class='ocrx_word' id='word_1_162' title='bbox 724 2008 808 2078; x_wconf 77' lang='grc' dir='ltr'><strong><em>ἀλλὰ</em></strong></span> <span class='ocrx_word' id='word_1_163' title='bbox 819 2009 906 2079; x_wconf 75' lang='grc' dir='ltr'><strong><em>πολὺ</em></strong></span> <span class='ocrx_word' id='word_1_164' title='bbox 918 2012 1179 2095; x_wconf 80' lang='grc' dir='ltr'><strong><em>καταδεέστερόν</em></strong></span> 
     </span>
     <span class='ocr_line' id='line_1_20' title="bbox 168 2107 1177 2196; baseline -0.001 -21"><span class='ocrx_word' id='word_1_165' title='bbox 168 2135 223 2194; x_wconf 92' lang='grc' dir='ltr'><strong><em>μοι</em></strong></span> <span class='ocrx_word' id='word_1_166' title='bbox 238 2112 327 2176; x_wconf 82' lang='grc' dir='ltr'><strong><em>δοκοῦ</em></strong></span> <span class='ocrx_word' id='word_1_167' title='bbox 340 2118 397 2195; x_wconf 86' lang='grc' dir='ltr'><strong><em>τής</em></strong></span> <span class='ocrx_word' id='word_1_168' title='bbox 412 2108 502 2190; x_wconf 82' lang='grc' dir='ltr'><strong><em>ἀξίας</em></strong></span> <span class='ocrx_word' id='word_1_169' title='bbox 518 2112 691 2196; x_wconf 85' lang='grc' dir='ltr'><strong><em>είρηκέναι.</em></strong></span> <span class='ocrx_word' id='word_1_170' title='bbox 715 2109 831 2177; x_wconf 85' lang='grc' dir='ltr'><strong><em>σκόπει</em></strong></span> <span class='ocrx_word' id='word_1_171' title='bbox 846 2117 932 2195; x_wconf 85' lang='grc' dir='ltr'><strong><em>γοῦν</em></strong></span> <span class='ocrx_word' id='word_1_172' title='bbox 946 2107 1063 2196; x_wconf 78' lang='grc' dir='ltr'><strong><em>ἡλίκον</em></strong></span> <span class='ocrx_word' id='word_1_173' title='bbox 1077 2115 1177 2175; x_wconf 86' lang='grc' dir='ltr'><strong><em>τοῦτο</em></strong></span> 
     </span>
     <span class='ocr_line' id='line_1_21' title="bbox 168 2205 1177 2294; baseline 0 -21"><span class='ocrx_word' id='word_1_174' title='bbox 168 2210 368 2292; x_wconf 84' lang='grc' dir='ltr'><strong><em>παρέλιπον,</em></strong></span> <span class='ocrx_word' id='word_1_175' title='bbox 385 2205 429 2285; x_wconf 82' lang='grc' dir='ltr'><strong><em>ώς</em></strong></span> <span class='ocrx_word' id='word_1_176' title='bbox 439 2212 651 2294; x_wconf 83' lang='grc' dir='ltr'><strong><em>παμμέγεθες</em></strong></span> <span class='ocrx_word' id='word_1_177' title='bbox 663 2213 708 2285; x_wconf 89' lang='grc' dir='ltr'><strong><em>είς</em></strong></span> <span class='ocrx_word' id='word_1_178' title='bbox 719 2211 877 2288; x_wconf 83' lang='grc' dir='ltr'><strong><em>ἐπίδειξιν</em></strong></span> <span class='ocrx_word' id='word_1_179' title='bbox 887 2209 1016 2293; x_wconf 86' lang='grc' dir='ltr'><strong><em>τρόπον</em></strong></span> <span class='ocrx_word' id='word_1_180' title='bbox 1029 2213 1177 2294; x_wconf 84' lang='grc' dir='ltr'><strong><em>χρηστοῦ</em></strong></span> 
     </span>
     <span class='ocr_line' id='line_1_22' title="bbox 168 2304 1288 2397; baseline 0 -24"><span class='ocrx_word' id='word_1_181' title='bbox 168 2309 222 2374; x_wconf 83' lang='grc' dir='ltr'><strong><em>καὶ</em></strong></span> <span class='ocrx_word' id='word_1_182' title='bbox 236 2307 372 2392; x_wconf 87' lang='grc' dir='ltr'><strong><em>γνώμης</em></strong></span> <span class='ocrx_word' id='word_1_183' title='bbox 387 2305 508 2391; x_wconf 83' lang='grc' dir='ltr'><strong><em>ὀρθῆς·</em></strong></span> <span class='ocrx_word' id='word_1_184' title='bbox 533 2304 577 2384; x_wconf 82' lang='grc' dir='ltr'><strong><em>ὡς</em></strong></span> <span class='ocrx_word' id='word_1_185' title='bbox 588 2305 661 2373; x_wconf 87' lang='grc' dir='ltr'><strong><em>ὅσοι</em></strong></span> <span class='ocrx_word' id='word_1_186' title='bbox 676 2304 712 2372; x_wconf 87' lang='grc' dir='ltr'>τό</span> <span class='ocrx_word' id='word_1_187' title='bbox 729 2317 827 2374; x_wconf 77' lang='grc' dir='ltr'><strong><em>θεῖον</em></strong></span> <span class='ocrx_word' id='word_1_188' title='bbox 837 2304 882 2392; x_wconf 87' lang='grc' dir='ltr'><strong><em>μή</em></strong></span> <span class='ocrx_word' id='word_1_189' title='bbox 899 2309 935 2375; x_wconf 91' lang='grc' dir='ltr'><strong><em>ἐν</em></strong></span> <span class='ocrx_word' id='word_1_190' title='bbox 950 2311 1105 2397; x_wconf 77' lang='grc' dir='ltr'><strong><em>παρέργῳ</em></strong></span> <span class='ocrx_word' id='word_1_191' title='bbox 1121 2309 1178 2373; x_wconf 80' lang='grc' dir='ltr'><strong><em>σε’-</em></strong></span> <span class='ocrx_word' id='word_1_192' title='bbox 1287 2377 1288 2386; x_wconf 38' lang='grc'><strong><em>,</em></strong></span> 
     </span>
     <span class='ocr_line' id='line_1_23' title="bbox 168 2395 1288 2491; baseline 0.004 -23"><span class='ocrx_word' id='word_1_193' title='bbox 168 2411 304 2490; x_wconf 82' lang='grc' dir='ltr'><strong><em>βουσιυ,</em></strong></span> <span class='ocrx_word' id='word_1_194' title='bbox 326 2395 418 2468; x_wconf 80' lang='grc' dir='ltr'><strong><em>οὗτοι</em></strong></span> <span class='ocrx_word' id='word_1_195' title='bbox 438 2401 549 2470; x_wconf 81' lang='grc' dir='ltr'><strong><em>καὶτὰ</em></strong></span> <span class='ocrx_word' id='word_1_196' title='bbox 569 2401 654 2486; x_wconf 86' lang='grc' dir='ltr'><strong><em>πρὸς</em></strong></span> <span class='ocrx_word' id='word_1_197' title='bbox 668 2402 873 2488; x_wconf 82' lang='grc' dir='ltr'><strong><em>ἀνθρώπους</em></strong></span> <span class='ocrx_word' id='word_1_198' title='bbox 894 2403 1022 2491; x_wconf 75' lang='grc' dir='ltr'><strong><em>ἄριστοι</em></strong></span> <span class='ocrx_word' id='word_1_199' title='bbox 1039 2403 1084 2473; x_wconf 88' lang='grc' dir='ltr'><strong><em>ἀν</em></strong></span> <span class='ocrx_word' id='word_1_200' title='bbox 1099 2403 1177 2473; x_wconf 81' lang='grc' dir='ltr'><strong><em>εἶεν.</em></strong></span> <span class='ocrx_word' id='word_1_201' title='bbox 1287 2415 1288 2482; x_wconf 58' lang='grc'><strong>1</strong></span> 
     </span>
     <span class='ocr_line' id='line_1_24' title="bbox 126 2497 1288 2590; baseline 0.005 -24"><span class='ocrx_word' id='word_1_202' title='bbox 126 2529 127 2532; x_wconf 62' lang='grc'>’</span> <span class='ocrx_word' id='word_1_203' title='bbox 170 2499 252 2566; x_wconf 81' lang='grc' dir='ltr'><strong><em>ώστε</em></strong></span> <span class='ocrx_word' id='word_1_204' title='bbox 262 2505 292 2565; x_wconf 87' lang='grc' dir='ltr'><strong><em>εί</em></strong></span> <span class='ocrx_word' id='word_1_205' title='bbox 299 2498 431 2575; x_wconf 84' lang='grc' dir='ltr'><strong><em>πάντως</em></strong></span> <span class='ocrx_word' id='word_1_206' title='bbox 441 2507 687 2584; x_wconf 80' lang='grc' dir='ltr'><strong><em>μετακοσμῆσαι</em></strong></span> <span class='ocrx_word' id='word_1_207' title='bbox 697 2507 765 2570; x_wconf 88' lang='grc' dir='ltr'><strong><em>δέοι</em></strong></span> <span class='ocrx_word' id='word_1_208' title='bbox 776 2501 836 2570; x_wconf 87' lang='grc' dir='ltr'><strong><em>τὸν</em></strong></span> <span class='ocrx_word' id='word_1_209' title='bbox 846 2504 949 2590; x_wconf 86' lang='grc' dir='ltr'><strong><em>λόγον</em></strong></span> <span class='ocrx_word' id='word_1_210' title='bbox 959 2505 1014 2571; x_wconf 75' lang='grc' dir='ltr'><strong><em>καὶ</em></strong></span> <span class='ocrx_word' id='word_1_211' title='bbox 1024 2501 1060 2571; x_wconf 86' lang='grc' dir='ltr'><strong><em>τὸ</em></strong></span> <span class='ocrx_word' id='word_1_212' title='bbox 1072 2502 1176 2588; x_wconf 85' lang='grc' dir='ltr'><strong><em>ἀγαλ-</em></strong></span> <span class='ocrx_word' id='word_1_213' title='bbox 1287 2497 1288 2538; x_wconf 61' lang='lat'>³</span> 
     </span>
     <span class='ocr_line' id='line_1_25' title="bbox 169 2594 1177 2688; baseline 0.003 -24"><span class='ocrx_word' id='word_1_214' title='bbox 169 2624 214 2683; x_wconf 91' lang='grc' dir='ltr'><strong><em>μα</em></strong></span> <span class='ocrx_word' id='word_1_215' title='bbox 232 2597 555 2680; x_wconf 88' lang='grc' dir='ltr'><strong><em>ἐπανορθώσασθαι,</em></strong></span> <span class='ocrx_word' id='word_1_216' title='bbox 571 2594 710 2683; x_wconf 82' lang='grc' dir='ltr'><strong><em>ἀφελεῖν</em></strong></span> <span class='ocrx_word' id='word_1_217' title='bbox 723 2605 786 2687; x_wconf 80' lang='grc' dir='ltr'><strong><em>μὲν</em></strong></span> <span class='ocrx_word' id='word_1_218' title='bbox 799 2600 862 2670; x_wconf 80' lang='grc' dir='ltr'><strong><em>οὐκ</em></strong></span> <span class='ocrx_word' id='word_1_219' title='bbox 873 2601 917 2670; x_wconf 81' lang='grc' dir='ltr'><strong><em>ἀν</em></strong></span> <span class='ocrx_word' id='word_1_220' title='bbox 930 2629 962 2669; x_wconf 89' lang='grc' dir='ltr'><strong><em>τι</em></strong></span> <span class='ocrx_word' id='word_1_221' title='bbox 978 2602 1177 2688; x_wconf 82' lang='grc' dir='ltr'><strong><em>τολμήσαιμι</em></strong></span> 
     </span>
    </p>
   </div>
   <div class='ocr_carea' id='block_1_3' title="bbox 167 2791 1288 3472">
    <p class='ocr_par' dir='ltr' id='par_1_6' title="bbox 167 2791 1288 3472">
     <span class='ocr_line' id='line_1_26' title="bbox 168 2791 1288 2888; baseline 0.003 -27"><span class='ocrx_word' id='word_1_222' title='bbox 168 2791 292 2872; x_wconf 79' lang='grc' dir='ltr'><strong><em>παντὸς</em></strong></span> <span class='ocrx_word' id='word_1_223' title='bbox 308 2799 409 2880; x_wconf 81' lang='grc' dir='ltr'><strong><em>ἔργου</em></strong></span> <span class='ocrx_word' id='word_1_224' title='bbox 422 2797 476 2860; x_wconf 88' lang='grc' dir='ltr'><strong><em>καὶ</em></strong></span> <span class='ocrx_word' id='word_1_225' title='bbox 491 2795 656 2882; x_wconf 91' lang='grc' dir='ltr'><strong><em>κορυφήν.</em></strong></span> <span class='ocrx_word' id='word_1_226' title='bbox 687 2798 738 2865; x_wconf 82' lang='grc' dir='ltr'><strong><em>ἐπ’</em></strong></span> <span class='ocrx_word' id='word_1_227' title='bbox 754 2801 869 2888; x_wconf 80' lang='grc' dir='ltr'><strong><em>ἐκείνῳ</em></strong></span> <span class='ocrx_word' id='word_1_228' title='bbox 883 2801 995 2884; x_wconf 81' lang='grc' dir='ltr'><strong><em>μέντοι</em></strong></span> <span class='ocrx_word' id='word_1_229' title='bbox 1014 2799 1067 2864; x_wconf 84' lang='grc' dir='ltr'><strong><em>καὶ</em></strong></span> <span class='ocrx_word' id='word_1_230' title='bbox 1083 2797 1177 2864; x_wconf 90' lang='grc' dir='ltr'><strong><em>πάνυ</em></strong></span> <span class='ocrx_word' id='word_1_231' title='bbox 1287 2885 1288 2888; x_wconf 8' lang='lat'>¹</span> 
     </span>
     <span class='ocr_line' id='line_1_27' title="bbox 168 2891 1176 2982; baseline 0 -21"><span class='ocrx_word' id='word_1_232' title='bbox 168 2894 296 2978; x_wconf 89' lang='grc' dir='ltr'><strong><em>πολλήν</em></strong></span> <span class='ocrx_word' id='word_1_233' title='bbox 314 2913 366 2959; x_wconf 90' lang='grc' dir='ltr'><strong><em>σοι</em></strong></span> <span class='ocrx_word' id='word_1_234' title='bbox 382 2896 503 2960; x_wconf 88' lang='grc' dir='ltr'><strong><em>είδέναι</em></strong></span> <span class='ocrx_word' id='word_1_235' title='bbox 518 2891 579 2978; x_wconf 82' lang='grc' dir='ltr'><strong><em>τήν</em></strong></span> <span class='ocrx_word' id='word_1_236' title='bbox 594 2895 692 2980; x_wconf 89' lang='grc' dir='ltr'><strong><em>χάριν</em></strong></span> <span class='ocrx_word' id='word_1_237' title='bbox 707 2894 875 2982; x_wconf 80' lang='grc' dir='ltr'><strong><em>ὁμολογῶ·</em></strong></span> <span class='ocrx_word' id='word_1_238' title='bbox 905 2899 987 2982; x_wconf 85' lang='grc' dir='ltr'><strong><em>ἐμοῦ</em></strong></span> <span class='ocrx_word' id='word_1_239' title='bbox 1001 2893 1065 2981; x_wconf 87' lang='grc' dir='ltr'><strong><em>γάρ</em></strong></span> <span class='ocrx_word' id='word_1_240' title='bbox 1081 2897 1176 2962; x_wconf 90' lang='grc' dir='ltr'><strong><em>ἐπαι-</em></strong></span> 
     </span>
     <span class='ocr_line' id='line_1_28' title="bbox 169 2989 1176 3079; baseline -0.001 -20"><span class='ocrx_word' id='word_1_241' title='bbox 169 2996 326 3068; x_wconf 82' lang='grc' dir='ltr'><strong><em>νέσαντος</em></strong></span> <span class='ocrx_word' id='word_1_242' title='bbox 336 2998 398 3058; x_wconf 83' lang='grc' dir='ltr'><strong><em>τοῦ</em></strong></span> <span class='ocrx_word' id='word_1_243' title='bbox 413 2999 475 3058; x_wconf 85' lang='grc' dir='ltr'><strong><em>σοῦ</em></strong></span> <span class='ocrx_word' id='word_1_244' title='bbox 487 2992 614 3074; x_wconf 87' lang='grc' dir='ltr'><strong><em>τρόπον</em></strong></span> <span class='ocrx_word' id='word_1_245' title='bbox 625 2989 662 3059; x_wconf 88' lang='grc' dir='ltr'><strong><em>τὸ</em></strong></span> <span class='ocrx_word' id='word_1_246' title='bbox 678 2999 813 3079; x_wconf 80' lang='grc' dir='ltr'><strong><em>μέτριον</em></strong></span> <span class='ocrx_word' id='word_1_247' title='bbox 827 2997 880 3062; x_wconf 80' lang='grc' dir='ltr'><strong><em>καὶ</em></strong></span> <span class='ocrx_word' id='word_1_248' title='bbox 893 2993 944 3062; x_wconf 83' lang='grc' dir='ltr'><strong><em>ὅτι</em></strong></span> <span class='ocrx_word' id='word_1_249' title='bbox 954 2994 1059 3079; x_wconf 73' lang='grc' dir='ltr'><strong><em>μηδὲν</em></strong></span> <span class='ocrx_word' id='word_1_250' title='bbox 1071 2989 1176 3077; x_wconf 83' lang='grc' dir='ltr'><strong><em>ὑπερ-</em></strong></span> 
     </span>
     <span class='ocr_line' id='line_1_29' title="bbox 169 3089 1178 3180; baseline -0.003 -20"><span class='ocrx_word' id='word_1_251' title='bbox 169 3095 262 3171; x_wconf 83' lang='grc' dir='ltr'><strong><em>πετὲς</em></strong></span> <span class='ocrx_word' id='word_1_252' title='bbox 279 3093 361 3179; x_wconf 74' lang='grc' dir='ltr'><strong><em>μηδὲ</em></strong></span> <span class='ocrx_word' id='word_1_253' title='bbox 376 3093 488 3178; x_wconf 83' lang='grc' dir='ltr'><strong><em>τύφου</em></strong></span> <span class='ocrx_word' id='word_1_254' title='bbox 510 3091 632 3178; x_wconf 81' lang='grc' dir='ltr'><strong><em>μεστὸν</em></strong></span> <span class='ocrx_word' id='word_1_255' title='bbox 650 3095 823 3180; x_wconf 84' lang='grc' dir='ltr'><strong><em>ἐνεποίησέ</em></strong></span> <span class='ocrx_word' id='word_1_256' title='bbox 836 3113 888 3160; x_wconf 93' lang='grc' dir='ltr'><strong><em>σοι</em></strong></span> <span class='ocrx_word' id='word_1_257' title='bbox 908 3089 926 3159; x_wconf 91' lang='grc' dir='ltr'><strong><em>ὁ</em></strong></span> <span class='ocrx_word' id='word_1_258' title='bbox 944 3089 1061 3177; x_wconf 81' lang='grc' dir='ltr'><strong><em>παρών</em></strong></span> <span class='ocrx_word' id='word_1_259' title='bbox 1077 3091 1178 3177; x_wconf 83' lang='grc' dir='ltr'><strong><em>ὄγκος</em></strong></span> 
     </span>
     <span class='ocr_line' id='line_1_30' title="bbox 167 3189 1176 3277; baseline -0.004 -18"><span class='ocrx_word' id='word_1_260' title='bbox 167 3199 235 3259; x_wconf 82' lang='grc' dir='ltr'><strong><em>τών</em></strong></span> <span class='ocrx_word' id='word_1_261' title='bbox 249 3191 470 3277; x_wconf 78' lang='grc' dir='ltr'><strong><em>πραγμάτων,</em></strong></span> <span class='ocrx_word' id='word_1_262' title='bbox 495 3190 538 3259; x_wconf 80' lang='grc' dir='ltr'>σύ</span> <span class='ocrx_word' id='word_1_263' title='bbox 557 3189 596 3259; x_wconf 83' lang='grc' dir='ltr'><strong><em>τά</em></strong></span> <span class='ocrx_word' id='word_1_264' title='bbox 612 3199 750 3258; x_wconf 84' lang='grc' dir='ltr'><strong><em>τοιαῦτα</em></strong></span> <span class='ocrx_word' id='word_1_265' title='bbox 767 3194 981 3277; x_wconf 78' lang='grc' dir='ltr'><strong><em>αἰτιασαμένη</em></strong></span> <span class='ocrx_word' id='word_1_266' title='bbox 995 3198 1057 3256; x_wconf 85' lang='grc' dir='ltr'><strong><em>τοῦ</em></strong></span> <span class='ocrx_word' id='word_1_267' title='bbox 1072 3191 1176 3275; x_wconf 88' lang='grc' dir='ltr'><strong><em>λόγου</em></strong></span> 
     </span>
     <span class='ocr_line' id='line_1_31' title="bbox 168 3284 1175 3375; baseline -0.005 -18"><span class='ocrx_word' id='word_1_268' title='bbox 168 3289 336 3357; x_wconf 76' lang='grc' dir='ltr'><strong><em>ἐπιστώσω</em></strong></span> <span class='ocrx_word' id='word_1_269' title='bbox 346 3297 409 3356; x_wconf 82' lang='grc' dir='ltr'><strong><em>’τοῦ</em></strong></span> <span class='ocrx_word' id='word_1_270' title='bbox 420 3292 560 3357; x_wconf 79' lang='grc' dir='ltr'><strong><em>ἐπαίνου</em></strong></span> <span class='ocrx_word' id='word_1_271' title='bbox 571 3287 632 3375; x_wconf 86' lang='grc' dir='ltr'><strong><em>τήν</em></strong></span> <span class='ocrx_word' id='word_1_272' title='bbox 648 3287 826 3374; x_wconf 88' lang='grc' dir='ltr'><strong><em>ἀλήθειαν·</em></strong></span> <span class='ocrx_word' id='word_1_273' title='bbox 842 3286 878 3356; x_wconf 88' lang='grc' dir='ltr'><strong><em>τὸ</em></strong></span> <span class='ocrx_word' id='word_1_274' title='bbox 893 3285 958 3373; x_wconf 79' lang='grc' dir='ltr'><strong><em>γὰρ</em></strong></span> <span class='ocrx_word' id='word_1_275' title='bbox 970 3284 1014 3372; x_wconf 87' lang='grc' dir='ltr'><strong><em>μή</em></strong></span> <span class='ocrx_word' id='word_1_276' title='bbox 1026 3305 1175 3371; x_wconf 89' lang='grc' dir='ltr'><strong><em>προσαρ-</em></strong></span> 
     </span>
     <span class='ocr_line' id='line_1_32' title="bbox 168 3383 1172 3472; baseline 0 -20"><span class='ocrx_word' id='word_1_277' title='bbox 168 3388 280 3472; x_wconf 75' lang='grc' dir='ltr'><strong><em>μόζων</em></strong></span> <span class='ocrx_word' id='word_1_278' title='bbox 301 3383 340 3453; x_wconf 85' lang='grc' dir='ltr'><strong><em>τά</em></strong></span> <span class='ocrx_word' id='word_1_279' title='bbox 368 3395 505 3453; x_wconf 86' lang='grc' dir='ltr'><strong><em>τοιαῦτα</em></strong></span> <span class='ocrx_word' id='word_1_280' title='bbox 526 3395 593 3454; x_wconf 82' lang='grc' dir='ltr'><strong><em>τῶν</em></strong></span> <span class='ocrx_word' id='word_1_281' title='bbox 617 3389 804 3472; x_wconf 86' lang='grc' dir='ltr'><strong><em>ἐγκωμίων,</em></strong></span> <span class='ocrx_word' id='word_1_282' title='bbox 836 3385 908 3453; x_wconf 88' lang='grc' dir='ltr'><strong><em>ἀλλ’</em></strong></span> <span class='ocrx_word' id='word_1_283' title='bbox 932 3390 1100 3453; x_wconf 79' lang='grc' dir='ltr'><strong><em>αίδείσθαι</em></strong></span> <span class='ocrx_word' id='word_1_284' title='bbox 1122 3383 1172 3452; x_wconf 84' lang='grc' dir='ltr'><strong><em>ἐπ’</em></strong></span> 
     </span>
    </p>
   </div>
   <div class='ocr_carea' id='block_1_4' title="bbox 0 0 1293 3842">
    <p class='ocr_par' dir='ltr' id='par_1_7' title="bbox 0 0 1293 3842">
     <span class='ocr_line' id='line_1_33' title="bbox 0 0 1293 3842; baseline 0 0"><span class='ocrx_word' id='word_1_285' title='bbox 0 0 1293 3842; x_wconf 95' lang='lat' dir='ltr'><strong><em> </em></strong></span> 
     </span>
    </p>
   </div>
  </div>
 </body>
</html>
