2575 3842
379 213 591 281 ΤΟΞΑΡΙΣ
607 223 636 276 Η
658 221 814 279 ΦΙΛΙΑ.
1032 214 1094 282 271

83 380 182 466 ἥδιον
203 383 245 447 ἄν
270 405 327 467 μοι
349 383 438 445 δοκῶ
460 385 659 462 μονομαχῶν
681 376 835 466 ἡττηθεὶς
858 377 1094 467 ἀποτμηθῆναι

80 475 143 562 τῆν
160 478 290 562 δεξιόν,
313 473 397 559 ὅπερ
415 482 472 560 τῆς
486 482 662 561 Σκυθικῆς
680 478 845 562 ἐπιτίμιόν
860 479 965 561 ἐστιν,
984 471 1007 562 ῆ
1026 483 1094 562 χεί-

81 602 152 656 ρων
169 573 274 643 ἄλλον
295 571 378 642 κατὰ
400 580 516 658 φιλίαν
530 581 723 660 κεκρίσθαι,
749 578 803 643 καὶ
823 573 1093 661 ταῦταἝλληνος

81 672 222 758 Σκύθης
237 669 337 750 αὑτός
356 671 413 738 ῶν.

168 776 216 839 11.
239 777 390 838 ΜΝΗΣ.
402 767 493 837 ’Ἐστι
507 770 579 855 μέν,
600 763 626 837 ὡ
642 772 773 857 Τόξαρι,
790 769 831 837 οὑ
842 778 977 858 φαῦλον
987 768 1024 837 τό
1038 776 1095 855 ἔρ-

80 896 143 954 γον
161 866 259 952 ἀνδρὶ
273 870 333 957 οίςο
350 867 403 933 σοὶ
422 874 602 954 πολεμιστῇ
624 876 854 955 μονομαχῆσαι
867 869 958 936 πάνυ
975 865 1093 937 εὐστό-

79 993 160 1053 χους
174 969 227 1032 καὶ
245 966 474 1051 τεθηγμένους
489 970 791 1057 παρεσκευασμένῳ
805 965 883 1046 τούς
897 968 1029 1052 λόγους.
1050 962 1093 1032 οὐ

80 1064 149 1151 μῆν
163 1062 312 1150 ἀγεννῶς
325 1089 364 1149 χε
379 1061 486 1141 οὑτως
499 1063 730 1147 καταπροδοὺς
749 1069 787 1132 ἐν
800 1073 918 1151 βραχεῖ
929 1061 966 1132 τό
978 1063 1092 1149 Ἑλλη-

80 1159 179 1230 νικὸν
194 1160 286 1229 ἅπαν
301 1160 565 1247 ὑποχωρήσομαί
576 1183 646 1228 σοι·
675 1165 729 1230 καὶ
746 1161 811 1248 γὰρ
829 1158 873 1231 ῶν
888 1172 938 1249 ελη
952 1163 1093 1230 πάνδει-

79 1285 159 1344 νον,
181 1257 247 1326 ὑπὸ
266 1262 363 1327 δυοῖν
383 1257 445 1344 μὲν
465 1260 607 1325 ἐκείνοιν
624 1256 812 1346 ἡττηθῆναι
827 1262 1008 1339 τοσούτους
1024 1266 1092 1327 τῶν

78 1364 247 1443 Σκυθῶν,
271 1355 418 1434 ὁπόσους
436 1359 471 1424 οί
484 1382 520 1424 τε
536 1364 643 1442 μῦθοι
659 1363 799 1444 δηλοῦσι
815 1362 870 1427 καὶ
885 1364 923 1426 αι’
935 1357 1092 1445 ὑμέτεραι

79 1456 216 1525 παλαιαὶ
233 1461 375 1543 γραφαί,
398 1451 437 1532 ἃς
450 1464 559 1545 μικρῷ
575 1456 728 1540 πρόσθεν
744 1450 784 1524 εὑ
801 1457 889 1544 μάλα
909 1456 1091 1548 ἐξετραγῴ-

80 1559 198 1640 δησας,
211 1551 374 1638 Ἕλληνας
389 1553 425 1619 δὲ
442 1553 583 1639 πάντας,
600 1563 744 1623 τοσαῦτα
760 1561 845 1642 ἔθνη
860 1557 915 1623 καὶ
928 1554 1092 1632 τοσαύτας

83 1655 193 1732 πόλεις
213 1655 339 1740 ἐρήμην
359 1651 425 1718 ὑπό
449 1660 511 1721 σοῦ
532 1652 669 1723 ἁλῶναι.
703 1661 733 1724 εί
747 1655 812 1742 γὰρ
833 1664 932 1724 τοῦτο
948 1660 1089 1743 γένοιτο,

80 1750 122 1819 οὐ
139 1749 200 1836 τῆν
216 1748 328 1829 δεξιὰν
344 1747 455 1831 ὡσπερ
472 1748 580 1835 ὑμεῖς,
603 1750 687 1820 ἀλλὰ
702 1750 765 1838 τῆν
778 1761 928 1840 γλῶτταν
942 1752 1091 1840 ἀποτμη-

78 1857 184 1935 θῆναι
200 1847 314 1916 καλόν.
339 1847 482 1928 πότερον
494 1847 530 1914 δὲ
542 1845 685 1929 ὡρίσθαι
700 1849 761 1936 χρῆ
776 1849 836 1918 τὸν
854 1849 1090 1938 ἀριθμὸνῆμῖν

80 1954 149 2013 τῶν
169 1952 313 2031 φιλικῶν
328 1943 458 2011 τούτων
473 1945 643 2032 πράξεων,
664 1943 815 2038 ῆὸπόσμ
829 1949 873 2014 ἄν
891 1975 939 2027 τις
956 1955 1090 2025 πλείους

79 2051 136 2131 ἔχη
153 2045 278 2129 λέγειν,
301 2041 450 2132 τοσούτῳ
471 2043 699 2130 εὐπορώτερος
719 2047 848 2127 δόξειεν
866 2043 911 2114 ῶν
925 2044 1009 2130 πρὸς
1028 2045 1090 2132 τῆν

79 2148 194 2227 νίκην;
421 2205 426 2215 ,

167 2245 270 2317 ΤΟΞ..
286 2239 466 2329 Οὐδαμῶς,
483 2240 556 2311 ἀλλ’
575 2241 713 2330 ὡρίσθω
726 2244 771 2332 μῆ
784 2247 822 2314 ἐν
832 2250 878 2336 τῶ
889 2244 1013 2330 πλῆθει
1026 2240 1089 2310 αὐ-
1107 2261 1159 2316 518

78 2349 146 2408 τῶν
157 2338 193 2407 τό
206 2341 343 2426 κράτος,
356 2339 432 2410 ἀλλ’
446 2348 477 2410 εί
486 2340 644 2429 ἀμείνους
654 2348 709 2413 καὶ
719 2345 903 2432 τομῶτεραι
914 2348 1089 2430 φαίνοιντο

78 2444 115 2508 αλ
133 2444 187 2509 σαὶ
206 2451 274 2509 τῶν
297 2445 386 2527 ἐμῶν
409 2452 478 2510 ίσαι
497 2440 558 2510 τόν
579 2440 729 2531 όρνθμὸν
750 2437 864 2529 οὑσαι,
890 2441 1088 2527 καιριῶτερα

79 2544 182 2624 δῆλον
200 2537 251 2607 ὅτι
267 2541 468 2627 ἐργάσονταί
480 2567 537 2628 μοι
551 2544 725 2630 τραύματα
740 2547 796 2612 καὶ
809 2551 936 2611 θᾶττον
954 2542 1089 2611 ίνὺῶσω

78 2635 162 2721 πρὸς
175 2637 234 2716 τὰς
250 2640 386 2725 πληγάς.

163 2743 312 2804 ΜΝΗΣ.
336 2731 388 2805 Ee&
405 2740 525 2825 λέγεις,
541 2743 595 2807 καὶ
613 2739 815 2825 ὡρίσθωσαν
831 2739 952 2808 ὁπόσαι
966 2746 1088 2808 ἱκαναί.

79 2835 177 2899 πέντε
191 2838 301 2919 ἔμοιγε
316 2837 476 2901 δοκοῦσιν
490 2839 641 2928 ἑκατέρῳ.

54 2948 57 2952 ’
169 2935 262 3010 ΤΟΞ.
286 2930 396 3017 Κόμοὶ
411 2938 518 3020 δοκεῖ,
535 2937 697 3020 πρότερος
711 2937 747 3004 δὲ
764 2939 855 3023 λέγε,
877 2935 951 3005 ἀλλ’
966 2939 1086 3022 ἐπομο-

79 3031 222 3118 σάμενος
241 3025 265 3119 ῆ
286 3030 353 3118 μῆν
374 3029 485 3119 ἀληθῆ
510 3036 614 3119 ἐρεῖν·
648 3033 755 3114 ἄλλως
779 3034 844 3121 γὰρ
869 3035 1027 3105 πλόττειν
1048 3033 1089 3103 τὰ

77 3137 230 3215 τοιαῦτα,
253 3129 295 3199 οὑ
309 3132 401 3198 πάνυ
421 3130 567 3218 χαλεπόν
585 3136 638 3202 καὶ
660 3131 678 3201 ὑ
695 3139 825 3220 ἔλεγχος
840 3132 982 3220 ἀφανής.
1011 3140 1041 3203 εί
1052 3135 1089 3203 δὲ

78 3227 248 3315 ὀμόσειας,
267 3228 328 3314 οὐχ
343 3228 440 3298 ὅσιον
454 3231 613 3300 οἷπιστεῐν.

161 3335 310 3396 ΜΝΗΣ.
330 3325 539 3416 Ὀμοόμεθα,
564 3340 598 3399 ελ
611 3359 642 3398 τι
658 3333 713 3399 καὶ
730 3329 835 3416 ὅρκου
850 3334 920 3399 δεῖν
935 3337 1086 3416 νομίζεις.

76 3434 124 3504 τίς
138 3429 176 3494 ὑί
186 3447 240 3495 σοι
255 3435 323 3494 τῶν
333 3425 504 3514 ἡμετέρων
515 3437 608 3498 θεῶν
627 3483 705 3498 .....
722 3423 780 3515 ἆρ’
796 3427 911 3510 ἱκανὸς
926 3427 943 3498 ὁ
956 3437 1087 3512 Φίλιοςς
