2575 3842
186 190 206 252 8
544 185 852 242 ΑΟΥΚΙΑΝΟΥ

1269 278 1274 313 6

189 353 328 433 δομενος
338 343 501 428 ἀριστείας
511 340 602 419 τινὰς
612 339 701 427 αύτεὶ
713 344 768 409 καὶ
777 339 996 412 ἀναπλάττων
1007 350 1087 430 ἔργα
1097 347 1197 428 μείζω
1272 358 1273 389 ¹

187 471 244 529 της
259 442 468 527 αληδειας
479 435 592 526 λαβὼν
609 440 734 515 εκείνος
747 464 784 505 το
774 436 979 525 βιβλιον
989 441 1144 515 πλεοντες
1158 438 1197 504 δὲ
1273 450 1275 531 λ

188 542 371 624 ἐτύγχανον
387 541 423 605 έν
438 543 483 626 τῷ
498 542 678 626 ποταμῷ
648 561 695 602 τω
681 534 902 624 ’Τδύσπη-
865 531 1088 623 -έρριυεν’
1071 539 1123 604 επὶ
1138 561 1197 602 κε-

189 636 333 723 (γαλήν’
317 663 349 713 ες
368 661 406 702 το
395 603 517 717 ὕδωρ
533 608 696 716 έπειπύύ,
717 635 783 700 Καὶ
800 636 879 701 σὲδ
853 634 1015 713 δέούτως
1029 637 1145 720 έχρήν,
1166 657 1194 698 ω

186 735 433 820 Ἀριστόβουλε,
449 739 585 799 τοιαῦτα
597 729 683 817 ὑπὲρ
696 734 779 817 έμοῦ
788 741 1042 819 μονομαχοῦντα
1056 759 1112 799 και
1101 733 1204 810 666-¹

191 857 318 953 φαντας
341 828 434 897 ε’νί’
417 835 533 896 ακοντί
533 854 558 918 φ
581 830 780 914 φονεύοντα.
814 832 868 898 καί
889 833 1005 948 ἔμελλέ
1021 855 1060 915 γε
1088 829 1197 904 οὕτως

191 928 433 1015 ἀγανακτήσειν
455 924 472 992 6
493 896 770 1012 Αλέξανδρος,
751 952 788 1004 ος
801 953 839 1012 γε
853 917 981 995 όύδέ
946 955 1007 1013 την
1026 933 1086 994 τοῦ
1101 923 1198 1009 ύρχι-
1269 996 1275 1019 ,χ

190 1029 343 1101 τέκτονος
353 1020 513 1107 τόλμαν’
493 1025 657 1108 ηνέσχετο,
668 1021 943 1142 ὑποσχομένου
909 1050 970 1092 τον
974 1024 1068 1092 ’Ἄθω
1082 1021 1197 1090 είκόνα
1274 1026 1275 1035 ’

190 1125 343 1209 ποιήσειν
360 1119 463 1188 αύτσῦ
475 1123 530 1188 καί
541 1123 803 1207 μετακοσμήσειν
815 1121 852 1188 τό
868 1121 946 1208 ὅρος
961 1118 1032 1199 είς
1019 1119 1198 1206 ομοιότητα
1274 1174 1275 1179 ,

190 1249 250 1290 τον
236 1222 442 1308 βασιλέως,
458 1216 541 1286 όλλόι
557 1221 682 1286 κόλακα
699 1217 804 1297 εὐθὺς
817 1217 1020 1343 έμιγνοῦς
986 1245 1045 1285 τον
1057 1216 1198 1300 ἄνθρω-

191 1344 255 1386 πον
274 1317 371 1414 οῦκέτ
374 1314 472 1412 ὀὐδ’
491 1315 571 1394 ές
535 1341 574 1383 τα
592 1315 705 1384 6666‘
692 1325 812 1402 ομοίως
827 1321 950 1402 ἐχρῆτο.
978 1321 1027 1384 13
1046 1340 1112 1382 που
1097 1321 1194 1381 τοί

191 1443 256 1484 ννν
271 1415 307 1483 τό
323 1405 468 1532 τερπνόν
485 1417 520 1480 ἐν
535 1413 679 1532 τούτοις,
695 1414 832 1492 έκτόςί
803 1440 818 1481 ε
842 1414 887 1500 μή
898 1441 947 1493 τις
960 1411 1109 1500 κομιδή’
1091 1412 1195 1496 ανόη-
1275 1494 1276 1497 ¹

190 1539 246 1591 τος
264 1522 330 1597 είη,
355 1507 398 1589 ὡς
414 1518 539 1597 χαίρειν
553 1509 592 1577 τῦ
609 1520 746 1579 τοιαῦτα
763 1503 1069 1598 ἐπαινούμενος,
1042 1536 1091 1577 ων
1105 1504 1196 1592 παρὰ

145 1626 177 1679 18
193 1611 295 1687 πόδας
308 1613 341 1676 06
350 1608 533 1729 ἔλεγχοι;’
514 1609 623 1693 ω’σπερ
636 1609 704 1677 06’'
683 1633 829 1695 αμορφοι
842 1617 909 1677 των
921 1608 1124 1694 ἀνθρώπων,
1142 1608 1198 1673 καὶ

192 1706 333 1795 μύλιστύ
350 1732 387 1792 γε
397 1705 437 1772 τό
452 1707 573 1824 γύναιμ
588 1721 656 1784 τοῖς
666 1715 832 1792 γραφεῦσι
844 1705 1140 1828 παρακελευόμενα
1153 1701 1198 1781 ὡς

193 1811 367 1882 καλλίστας
382 1801 483 1881 αύτιλς
493 1803 653 1928 γρύφειν
674 1814 800 1872 οίονται
812 1804 876 1890 γὰρ
887 1830 1027 1901 αμεινον
1037 1799 1169 1882 ἕξειν
1134 1827 1198 1893 την

193 1902 289 1986 ὄψιν,
304 1897 353 1988 ’ήν
363 1899 380 1968 6
397 1898 547 1993 γραφεύς
559 1899 674 1979 αῦταϊς
690 1903 843 1989 ε’ρύδημύ
854 1930 889 1970 τε
905 1911 1021 1970 πλείου
1031 1891 1198 1984 έπανθίση

180 2000 301 2069 ’καὶ
268 2028 305 2069 το
327 1999 449 2069 λευκόν
465 2003 662 2088 ἐγκαταμίξῃ
681 1999 769 2068 πολύ
781 2009 828 2088 τῷ
845 2000 1018 2089 φαρμάκῳ.
1050 2004 1198 2065 τοιοῦτοι

192 2108 259 2167 τῶν
271 2100 537 2186 συγγραφόντων
546 2103 580 2166 οί
589 2107 709 2166 πολλοί
718 2098 825 2167 είσι
791 2125 828 2166 το
839 2101 983 2185 τήμερον
996 2099 1049 2164 καὶ
1060 2123 1096 2163 το
1085 2094 1199 2163 ίδιον

192 2202 246 2266 καὶ
261 2197 297 2264 τό
308 2202 476 2282 χρειῶδες,
495 2195 514 2262 ὅ
528 2223 559 2263 τι
573 2195 616 2261 όν
629 2200 665 2262 ἐκ
678 2204 735 2282 τής
747 2204 891 2280 ίστορίας
903 2202 1074 2277 ἐλπίσωσι,
1090 2205 1196 2276 δερα-

193 2297 369 2378 πεύοντες,
393 2293 452 2373 οῦς
472 2309 640 2379 μισεῖσθαι
656 2303 763 2373 καλῶς
785 2295 885 2381 εἶχεν,
908 2300 940 2374 ές
957 2297 1018 2381 μὲν
1032 2292 1069 2362 τό
1086 2291 1198 2378 παρόν

192 2396 337 2470 κόλακας
356 2393 545 2478 προδήλους
565 2396 620 2460 καὶ
639 2391 797 2485 ἀτέχνους
817 2394 930 2479 ὄντας,
956 2398 989 2472 ές
1001 2386 1198 2460 Ι’τούτιιόνδέ

193 2493 344 2560 ὕποπτον
355 2505 424 2568 ταῖς
436 2489 634 2578 ὑπερβολαῖς
646 2491 707 2576 τήν
718 2491 801 2577 ὅλην
812 2497 1041 2584 πραγματείαν
1049 2490 1199 2581 ἀποφαί-

193 2617 321 2667 νοντας.
358 2597 388 2657 εί
407 2594 446 2656 δέ
463 2593 512 2667 τις
531 2585 663 2667 πάντως
685 2589 722 2657 τό
744 2589 889 2673 τερπνόῦ
905 2589 1029 2676 ἡγεῖται
1054 2593 1199 2673 καταμε-

145 2703 177 2769 19
193 2699 310 2776 μίχθαι
323 2693 392 2755 δεῖν
405 2696 443 2776 τῇ
454 2692 580 2778 ίσιορίμ
592 2689 693 2774 πόση,
707 2687 791 2756 ύλλόι
807 2686 829 2754 6
837 2687 905 2755 σύν
917 2687 1057 2775 ἀληθεία
1071 2687 1198 2771 τερπνοί

193 2793 282 2858 ἐστιν
297 2790 333 2854 έν
350 2787 688 2865 τοϊςόλλοιςκύλλεσι
702 2789 895 2873 τοῦλόγου,
913 2781 960 2854 ὦν
975 2785 1199 2876 ἀμελήσαντες

193 2893 226 2956 06
238 2887 355 2954 πολλοὶ
372 2882 411 2951 τὰ
431 2886 535 2970 μηδὲν
549 2887 760 2971 προσήκοντα
777 2889 1060 2954 ἐπείσκυκλόῦσινῐ.
1102 2898 1105 2909 ’
1140 2889 1143 2896 ’

277 2992 325 3054 14.
355 2981 437 3069 ’666
461 2982 494 3050 δ’
519 2977 664 3051 ούνκαί
682 2984 879 3070 διηγήσομαι
899 2983 1007 3052 ὁπόσα
1031 2983 1197 3069 μέμνημαι

192 3090 328 3168 ἔναγχος
349 3086 385 3148 έν
409 3078 514 3170 Ἰωνίᾳ
535 3086 760 3167 συγγραφέων
781 3089 905 3168 τινῶνζ
915 3087 981 3150 καί
1005 3080 1045 3168 νή
1066 3088 1134 3150 Δία
1162 3084 1200 3149 έν

188 3180 298 3266 Ἀχαία
316 3179 433 3268 πρῴην
454 3177 600 3258 ἀκούσας
619 3178 680 3246 τόν
697 3179 801 3248 αὐτόν
817 3189 937 3250 τοῦτον
957 3182 1104 3268 πόλεμον
1125 3186 1201 3266 διη-

192 3279 391 3365 γουμένων·
427 3281 481 3345 καί
507 3277 590 3359 πρός
614 3286 769 3363 Χαρίτων
797 3284 909 3365 μηδεὶς
936 3279 1100 3367 ἀπιστήσῃ
1131 3291 1201 3356 τοῖς

193 3377 465 3461 λεχθησομένοις·
490 3375 540 3444 ότι
554 3375 617 3462 γὰρ
634 3376 745 3463 ιἰληθή
758 3379 825 3445 ἐστι
838 3373 902 3444 κόν
920 3379 1154 3464 ἐπωμοσάμην,
1172 3382 1202 3444 εί
