2575 3842
196 162 259 224 360
562 165 850 225 AOYKIANOT

196 335 279 402 κοιμε
294 321 371 399 τούς
385 321 612 446 κακούργους,
631 320 714 390 ὅσον
734 325 786 390 ἐπὶ
800 326 852 390 σοὶ
875 324 931 392 καὶ
946 331 986 412 τῇ
1004 331 1049 411 σῇ
1063 335 1215 414 προνοίη
1265 208 1268 361 6

197 413 333 486 οὐόὲυ’”
312 445 356 484 αν
377 420 555 488 ἐκωλυεν’
539 427 773 506 εντρυφεόντας
793 427 851 507 ζῆν
867 436 938 499 ταῖς
958 429 1025 490 τῶν
1043 427 1215 506 παροδον-
1267 448 1268 538 6

196 517 394 602 πορούντων
407 532 549 603 σφαγαῖς
557 544 618 584 τον
626 524 801 601 Σκειρωνα
810 515 908 586 καλ
873 544 933 585 τον
942 518 1214 605 Πιτυοκαμπτην
1267 540 1270 675 6

197 617 250 681 καλ
262 613 439 695 Κερκυόνα
456 614 599 693 καὶτοὺς
613 614 751 692 ἄλλους
773 611 795 732 6
811 625 844 682 ελ
854 642 892 701 γε
907 642 951 701 μη
940 612 1214 700 ὁΕόρυσθεύς,

196 708 282 796 ἀνὴρ
300 708 434 795 ἀρχαῖος
447 712 502 778 καὶ
516 712 754 797 προνοητικός,
771 708 837 778 ὑπό
852 711 1147 796 φιλανθρωπίας’
1126 740 1215 780 ανα-
1269 720 1271 825 6

197 809 455 894 πυνθανόμενος
466 806 506 874 τὰ
518 806 597 890 παρ’
611 807 761 886 εκαστοις
771 811 929 894 ἐξέπεμπε
938 808 1122 876 τουτονί
1083 837 1152 876 τον
1162 818 1215 878 oc

128 918 178 972 667
199 931 298 991 κετην
308 931 412 971 αυτου
419 903 814 990 ἐργατικονανθροιπον
825 907 879 971 καὶ
891 905 1073 990 προθυμον
1084 908 1123 984 ἐς
1133 933 1216 984 τους
1270 890 1272 1005 6

198 1003 340 1124 πόνους,
363 1029 380 1070 ο
396 1001 481 1079 Ζευς
495 1001 538 1069 σύ
550 1001 669 1124 ὀλίγον
686 999 911 1087 έφρόντιζες”
889 1029 932 1068 αν
945 1010 1002 1087 τῆς
1010 1000 1137 1088 Ὕδρας
1157 1008 1272 1083 καὶ

198 1109 265 1166 των
280 1104 316 1166 ἐν
332 1097 559 1190 Στυμφόλω’
542 1103 672 1185 ορνέων
684 1103 740 1168 καλ
753 1103 866 1166 ἵππων
881 1108 948 1166 τοῖν
960 1107 1144 1189 Θρᾳκικων
1157 1106 1214 1169 καὶ

198 1206 255 1282 τῆς
269 1198 475 1283 Κενταύρων
496 1197 624 1286 ὕβρεως
645 1200 699 1264 καὶ
719 1204 900 1281 παροινίας.
933 1203 983 1265 λλ.
1000 1196 1075 1266 ἀλλ’
1096 1206 1131 1267 εἰ
1149 1201 1212 1285 χρη

198 1292 327 1380 τάληθῆ
344 1297 469 1381 λέγειν,
488 1296 667 1381 καθήμεθα
678 1300 775 1361 τοῦτο
788 1292 894 1379 μόνον
907 1296 1163 1382 ἐπιτηροῦντες,
1183 1305 1216 1362 ελ

198 1419 248 1471 τις
263 1391 342 1459 θύει
360 1395 416 1460 καλ
430 1402 529 1480 κνισᾷ
528 1390 631 1510 6606
647 1389 725 1468 τούς
738 1391 888 1478 βωμούς·
915 1389 955 1458 τό
973 1390 1004 1459 6'
1023 1391 1108 1461 ἄλλα
1124 1391 1211 1460 κατὰ

199 1493 282 1577 ροῦν
306 1491 439 1573 φέρεται
458 1487 501 1566 ὡς
521 1485 563 1556 όν
579 1490 662 1577 τύχη
683 1492 822 1556 ἕκαστον
837 1491 1106 1575 παρασυρόμενα.
1139 1516 1208 1558 τοι·

200 1595 330 1672 γαροῦν
345 1585 454 1654 εἰκότα
469 1595 535 1654 νῦν
548 1585 717 1707 πάσχομεν
728 1613 782 1653 και
771 1589 841 1654 ἔτι
852 1586 1054 1705 πεισόμεθα,
1070 1587 1211 1656 ε’πειδόιν

200 1710 260 1750 κατ
264 1680 659 1806 ’ὀλίγονολόίγθρωποι’
639 1676 1094 1802 αυακόπτοντεςεόρίσκωσιν
1105 1683 1208 1752 οὐδὲν

199 1781 319 1867 όφελος
335 1779 448 1861 αὐτοῖς
468 1781 563 1866 όν,ε
549 1789 579 1851 εἰ
593 1784 714 1851 θύοιεν
733 1780 813 1868 ἡμῖν
827 1779 934 1849 καὶ
898 1809 956 1859 τας
974 1779 1107 1900 606663
1124 1784 1208 1867 πέμ-

134 1898 183 1952 666
201 1903 307 1946 ποιεν.
332 1877 377 1946 εἶτ
381 1877 444 1947 ’ἐν
458 1889 575 1967 βραχεῖ
588 1881 664 1962 οψει
682 1879 984 1966 καταγελῶνταςμε
984 1878 1099 1957 ντούς
1118 1877 1209 1949 Ἐπι-

199 1977 346 2063 κούρους
360 1980 414 2046 καὶ
429 1981 680 2065 Μητροδώρους
696 1978 751 2046 καὶ
764 1978 934 2095 Δόμιθμς,
959 1981 1211 2064 κρατουμένους
1275 1918 1278 2061 6

200 2073 328 2143 ὲκαλ
309 2079 623 2164 αποφραττομενους
634 2101 681 2144 υπ
704 2101 816 2142 αυτων
826 2102 905 2153 τους
914 2073 1122 2161 ημετέρους
1125 2102 1211 2161 υνη-

199 2174 337 2259 μόρους·
362 2173 445 2243 ὥστε
460 2173 621 2298 ὑμέτερον
635 2170 679 2241 ἂν
694 2183 744 2258 εἴη
758 2173 878 2241 παύειν
891 2175 975 2241 καὶί
961 2179 1078 2242 ἰᾶσθαι
1086 2182 1211 2297 w6w,

199 2298 267 2339 των
281 2276 334 2340 καὶ
347 2276 379 2351 ές
393 2271 521 2341 τόθε’
481 2274 564 2342 αυτοὶ
576 2274 847 2360 προαγαγόντων.
870 2272 992 2363 Μόμιμ
1007 2269 1094 2339 66’
1054 2299 1098 2338 ου
1108 2276 1211 2358 μέγας

200 2369 217 2436 6
234 2377 408 2459 κίνδυνος,
427 2380 457 2441 εί
472 2373 586 2460 όὶτιμος
604 2380 710 2442 ἔσται·
732 2367 888 2456 οὐδὲγὰρ
905 2371 1008 2438 πύλαι
1023 2378 1091 2438 τῶν
1106 2397 1210 2456 τιμω-

200 2472 311 2554 μένων
328 2462 387 2554 ἦν,
403 2468 499 2556 ὑμῶν
514 2477 561 2538 ἔτι
575 2497 609 2538 τε
625 2468 857 2555 εὐτυχούντων
871 2472 926 2536 καὶ
936 2467 994 2546 τός
1008 2477 1132 2546 θυσίας
1148 2469 1212 2556 μό-

201 2593 271 2634 νων
287 2569 501 2653 ἑστιωμένων.

284 2672 462 2735 λὸΖΕΤΣ.
492 2675 620 2735 Τοῦτον
632 2671 705 2752 μέν,
723 2661 846 2752 όθεοί,
863 2676 977 2753 ληρεῖν
993 2668 1146 2752 ἐάσωμεν
1160 2666 1212 2733 66

200 2761 324 2850 τραχύν
340 2764 420 2832 ὅντα
435 2770 489 2834 καλ
504 2766 745 2853 ἐπιτιμητικόν·
769 2773 836 2834 ἔστι
853 2768 914 2853 μὲν
927 2767 1011 2853 γόρ,
1028 2764 1072 2844 ὡς
1086 2762 1105 2832 ό
1119 2776 1212 2833 θαυ-

201 2863 322 2950 μαστός
338 2869 561 2952 Δημοσθένης
576 2870 657 2951 ἔφη,
680 2864 717 2931 τό
735 2865 796 2950 μὲν
817 2868 990 2950 ἐγκαλέσαι
1009 2867 1064 2931 καὶ
1078 2866 1212 2948 μέμψα-

201 2975 282 3032 σθαι
300 2967 353 3032 καὶ
371 2968 556 3051 ἐπιτιμῆσαι
571 2963 689 3054 ῥᾴδιον
703 2965 758 3030 καὶ
774 2971 834 3031 τοῦ
849 2967 1059 3050 βουλομένου
1073 2961 1210 3046 παντός,

200 3060 236 3128 τό
255 3061 286 3129 6’
305 3060 395 3140 ὅπως
411 3060 450 3129 τό
467 3063 616 3146 παρόντα
632 3067 750 3147 βελτίω
763 3061 936 3147 γενήσεται
950 3064 1209 3144 ξυμβουλεῦσαι,

131 3177 182 3231 669
201 3167 298 3226 τοῦτο
314 3165 480 3244 ἔμφρονος
491 3157 536 3237 ὡς
547 3159 683 3245 εἰληθεὶς
699 3159 905 3246 ξυμβούλου,
920 3155 1003 3239 ὅπερ
1016 3161 1050 3224 ολ
1058 3154 1155 3223 ἄλλοι
1170 3149 1210 3222 εό

79 3271 83 3279 ’
201 3256 264 3326 οἷδ’
283 3257 333 3325 ότι
348 3257 500 3343 ποιήσετε
515 3262 569 3325 καὶ
584 3259 707 3325 τούτου
723 3265 922 3335 σιωπῶντος.

283 3360 333 3421 24.
354 3363 457 3421 ΠΟΣ.
477 3353 558 3440 Ἐγώ
573 3354 609 3422 66
623 3353 662 3422 τό
674 3356 737 3439 μὲν
750 3353 834 3421 όίλλα
846 3352 1051 3439 ὑποβρύχιός
1065 3357 1148 3440 εἰμι,
1165 3350 1210 3430 ὥς
