2575 3842
389 216 833 301 ιιτκεοιαειιιιιαοε.
1052 211 1115 274 405

105 375 252 462 ιἰκριβῶς
262 373 473 461 ἐπιστάμενοι
484 370 520 440 τδ
533 369 656 459 μεταξύ
665 381 722 458 τῆς
732 373 872 458 σελήνης
881 377 936 441 καί
945 380 1005 440 τοῦ
1015 371 1114 460 ἡλίου
1133 390 1186 445 758

105 480 229 560 χωρίον
250 471 385 541 ὁπόσων
401 481 452 558 είη
473 478 588 557 πηχῶν
606 469 644 538 τό
667 474 810 557 μέγεθος
830 469 978 557 ἐτόλμων
994 473 1115 556 λέγειν,

104 570 203 655 άέρος
218 599 253 640 τε
267 571 338 658 ύψη
352 573 407 639 καὶ
421 572 588 655 θαλάττης
598 571 691 656 βάθη
703 574 757 638 καλ
770 578 831 657 γῆς
842 571 1021 655 περιόδους
1032 571 1117 639 άνα-

105 677 321 758 μετροῦντες,
337 675 384 737 ἐτι
402 672 438 737 δὲ
455 670 601 748 κύκλους
617 669 890 756 καταγράφοντες
904 671 959 736 καὶ
972 676 1118 755 τρίγωνα

107 771 160 836 ε’πδ
174 768 707 855 τετραγῶνοιςδιασχηματίζοντες
718 769 773 834 καί
784 774 928 853 σφαίρας
936 765 1030 846 τινάς
1041 791 1118 833 ποι-

106 874 200 946 κίλας
211 864 272 934 τόν
283 864 432 951 ούρανόν
442 873 549 954 δῆθεν
560 864 664 935 αύτόν
676 872 937 954 ἐπιμετροῦντες.
962 872 991 936 7.
1006 874 1118 936 ἔπειτα

107 969 144 1034 δὲ
162 963 295 1033 κάκεϊνο
312 973 381 1043 πῶς
395 963 458 1034 οὐκ
474 963 632 1051 άγνωμον
646 962 759 1034 αὐτῶν
770 970 825 1034 καλ
838 973 1007 1043 παντελῶς
1021 991 1118 1033 τετυ-

108 1066 268 1150 φωμένον
281 1059 318 1130 τό
334 1064 409 1148 περὶ
427 1068 495 1129 τῶν
510 1061 616 1141 οὕτως
632 1060 767 1149 ἀδήλων
781 1066 938 1149 λέγοντας
954 1063 1059 1149 μηδὲν
1074 1059 1118 1139 ῶς

108 1161 296 1241 εἰκάζοντας
312 1157 579 1244 άποφαίνεσθαι,
597 1156 672 1227 ἀλλ’
689 1156 1003 1244 ὑπερδιατείνεσθαί
1014 1186 1050 1227 τε
1063 1161 1119 1227 καὶ

108 1264 273 1344 μηδεμίαν
281 1271 348 1334 τοῖς
358 1254 470 1334 άλλοις
479 1254 671 1343 ὑπερβολὴν
680 1254 928 1342 άπολιμπάνειν
938 1259 1120 1343 μονονουχὶ

109 1359 353 1443 διομνυμένους
368 1355 499 1442 μύδρον
514 1357 576 1441 μὲν
587 1353 672 1423 εἶναι
686 1352 745 1421 τόν
760 1353 872 1440 ἥλιον,
891 1364 1120 1422 κατοικεῖσθαι

108 1455 145 1521 δὲ
161 1453 223 1540 την
239 1455 400 1540 σελήνην,
417 1449 636 1520 ὑδατοποτεῖν
652 1454 688 1519 δέ
702 1449 781 1529 τούς
794 1450 933 1537 άστέρας
947 1459 1009 1518 τοῦ
1022 1450 1120 1537 ἡλίου

109 1553 263 1636 καθάπερ
284 1556 397 1640 ἱμονιᾷ
417 1576 482 1617 τινι
502 1548 564 1636 τὴν
580 1549 703 1636 ίκμάδα
720 1554 757 1616 ἐκ
775 1556 833 1635 τῆς
849 1550 1017 1634 θαλάττης
1034 1548 1120 1616 άνα-

114 1655 259 1725 τπῶντος
272 1651 327 1715 καί
348 1647 473 1715 ἅπασιν
489 1645 602 1726 αὐτοῖς
617 1644 655 1714 τό
672 1645 777 1716 ποτόν
797 1650 829 1727 ἐξ
848 1658 924 1716 ἴσον
940 1651 1128 1734 διανέμον-’

108 1773 173 1825 τος.
190 1753 219 1815 8.
235 1744 297 1830 τὴν
307 1748 369 1831 μὲν
380 1745 444 1830 γάρ
456 1746 669 1830 ἐναντιότητα
681 1744 788 1831 ὁπόση
799 1756 867 1814 τῶν
876 1748 988 1833 λόγων
999 1747 1120 1836 ῥᾴδιον

110 1854 324 1929 καταμαθεῖν.
355 1844 410 1911 καλ
425 1843 542 1910 σκόπει
559 1839 642 1927 πρὸς
657 1844 755 1927 Διός,
780 1849 809 1910 εί
822 1847 859 1910 ἐν
873 1843 1035 1927 γειτόνων
1051 1846 1119 1910 ἐστὶ

108 1939 148 2009 τά
164 1942 313 2028 δόγματα
326 1938 436 2026 καὶμὴ
452 1941 611 2025 πάμπολυ
623 1941 832 2023 διεστηκότα·
854 1947 968 2023 πρῶτα
982 1941 1043 2025 μὲν
1054 1937 1120 2024 γάρ

109 2038 222 2116 αὐτοῖς
243 2036 263 2124 ἡ
284 2039 437 2123 περὶτοῦ
457 2037 587 2124 κόσμον
607 2036 724 2122 γνῶμη
745 2036 924 2122 διάφορος,
951 2045 985 2104 εί
995 2063 1034 2121 γε
1049 2050 1119 2113 τοῖς
1137 2055 1189 2111 759

109 2137 172 2223 μὲν
187 2133 369 2221 άγέννητός
382 2161 418 2202 τε
439 2136 493 2203 καὶ
507 2132 703 2218 άνάλεθρος
723 2131 808 2200 εἶναι
824 2138 930 2202 δοκεῖ·
959 2138 994 2201 οἱ
1014 2135 1050 2201 δὲ
1066 2135 1122 2200 καὶ

108 2232 170 2302 τόν
190 2232 397 2320 δημιουργὸν
418 2230 523 2301 αὐτοῦ
543 2235 597 2300 καί
618 2241 677 2318 τῆς
693 2241 898 2319 κατασκευῆς
917 2230 978 2299 τόν
993 2231 1121 2317 τρόπον

111 2339 216 2402 εἰπεῖν
230 2332 432 2418 ἐτόλμησαν,
451 2329 510 2410 ούς
526 2334 580 2399 καὶ
595 2332 737 2418 μάλιστα
752 2331 942 2418 ἐθαύμαζον
958 2332 1043 2399 θεόν
1059 2332 1120 2416 μέν

109 2459 185 2500 τινα
198 2438 349 2519 τεχνίτην
363 2439 431 2500 τῶν
443 2429 533 2500 ὅλων
544 2430 758 2517 ἐφιστάντας,
773 2429 815 2498 οὐ
829 2432 1071 2514 προστιθέντας
1084 2430 1120 2496 δὲ

111 2531 187 2598 οὔτε
211 2529 297 2599 ὅθεν
315 2530 410 2617 ἥκων
429 2528 506 2598 οὔτε
531 2529 618 2597 ὅπου
639 2527 740 2608 ἐστῶς
759 2531 880 2597 ἕκαστα
907 2534 1119 2612 ἐτεκταίνετο,

112 2636 217 2697 καίτοι
233 2631 299 2716 πρό
318 2657 357 2714 γε
379 2637 436 2716 τῆς
460 2638 522 2696 τοῦ
542 2627 667 2707 παντὸς
690 2632 850 2713 γενέσεως
874 2626 1044 2695 άδύνατον
1066 2628 1121 2693 καὶ

111 2725 234 2811 χρόνον
248 2729 304 2794 καὶ
316 2727 421 2797 τόπον
436 2729 575 2795 ἐννοεῖν.

196 2830 340 2892 ΕΤΑΙΡ.
369 2825 473 2893 Μάλα
496 2825 606 2910 τινάς,
633 2818 661 2892 ὦ
683 2828 854 2910 Μένιππε,
879 2821 1043 2909 τολμητὰς
1068 2824 1122 2888 καί

113 2919 386 3007 θαυματοποιούς
398 2920 523 3007 άνδρας
538 2926 656 3008 λέγεις.

196 3026 307 3088 ΜΕΝ.
334 3027 375 3089 Τί
394 3019 443 3107 δ’,
463 3027 494 3090 εί
514 3020 710 3106 άκούσειας,
734 3013 761 3088 ῶ
782 3021 968 3106 θαυμάσιε,
990 3025 1069 3104 περί
1086 3045 1121 3086 τε

113 3124 210 3189 ίδεῶν
226 3121 280 3186 καὶ
296 3115 481 3205 άσωμάτων
496 3117 518 3187 ά
532 3123 753 3205 διεξέρχονται
767 3115 789 3205 ἢ
804 3117 882 3196 τούς
897 3123 972 3204 περλ
986 3126 1047 3186 τοῦ
1061 3120 1122 3186 πέ-

114 3219 210 3302 ρατός
222 3243 258 3284 τε
270 3219 325 3285 καὶ
343 3213 484 3304 άπείρον
498 3219 637 3304 λόγους;
661 3222 716 3285 καὶ
730 3215 795 3304 γάρ
812 3209 856 3284 αὖ
873 3219 928 3285 καὶ
943 3214 1026 3303 αὕτη
1043 3243 1121 3284 νεα-

113 3315 187 3403 νικὴ
204 3315 317 3394 αὐτοῖς
327 3314 347 3403 ἡ
359 3318 463 3405 μάχη,
479 3333 547 3397 τοῖς
560 3318 623 3404 μὲν
632 3318 716 3384 τέλει
732 3315 769 3384 τό
782 3324 850 3384 πάν
861 3316 1119 3403 περιγράφουσι,

16 3445 24 3454 “·
115 3430 179 3494 τοῖς
194 3417 229 3484 δὲ
242 3414 352 3495 άτελὲς
365 3424 463 3485 τοῦτο
476 3415 560 3484 εἶναι
572 3414 881 3503 ὑπολαμβάνουσιν.
904 3412 946 3482 οὐ
956 3411 1024 3500 μὴν
1035 3412 1119 3484 άλλά
