2575 3842
347 201 477 259 ΥΠΕΡ
497 199 598 259 ΤΩΝ
619 196 865 256 mmmm.
1049 195 1112 257 259

100 357 211 436 αὐτοῖς
228 360 283 427 καὶ
298 365 395 447 μείζω
410 357 432 446 ἢ
448 357 530 427 κατά
547 360 583 426 σὲ
596 355 680 424 εἶναι
695 358 820 443 λέγειν,
836 364 969 442 μετρίας
985 359 1040 425 καί
1052 362 1112 442 δη-

99 464 235 544 μοτικῆς
248 482 339 535 τινος
357 462 506 535 διανοίας
520 454 635 541 δεῖγμά
654 457 730 523 έστι.
761 453 849 542 πλὴν
864 452 947 523 ἀλλά
965 457 998 533 ἐς
1010 452 1112 521 ὅσον-

26 556 28 560 ’
100 578 161 638 περ
172 549 215 620 ἀν
225 551 309 637 πρός
318 551 355 621 τό
369 556 578 622 ἐπαινεῖσθαι
591 549 673 618 αὐτὰ
686 550 774 619 οὕτω
786 552 977 637 διακειμένη
989 553 1112 637 τυγχά-

100 677 175 739 νης,
203 657 366 719 τοσοῦτον
386 650 568 738 ἀξιωτέραν
596 647 894 736 ὑπερεπαινεῖσθαι
916 647 1113 734 ἀποφαίνεις

99 749 253 835 σεαυτήν.
282 753 337 818 καί
357 747 477 836 σχεδόν
494 753 527 828 ἐς
544 747 605 817 τόν
620 756 679 816 τού
694 752 881 835 Διογένους
898 751 1002 835 λόγον
1018 772 1113 832 περι-

99 847 245 932 ελήλυθέ
258 866 310 914 σοι
325 845 362 914 τδ
379 854 533 934 πρᾶγμα,
550 845 586 925 δς
601 849 764 933 ἐρομένου
779 847 884 932 τινός,
903 845 993 924 ὅπως
1007 844 1050 912 άν
1064 873 1113 925 τις
1129 859 1180 915 496

100 949 233 1024 ἔνδοξος
248 946 395 1030 γένοιτο,
413 951 456 1013 El
472 945 586 1029 δόξης,
604 951 685 1030 έφη,
701 944 984 1030 καταφρονήσειε·
1008 950 1113 1030 φαίην

99 1041 163 1128 γάρ
182 1039 225 1108 ἀν
247 1044 301 1112 καί
318 1041 435 1128 αύτός,
459 1053 493 1112 εί
504 1069 552 1121 τις
569 1043 679 1128 ἔροιτό
695 1069 751 1127 με,
778 1049 873 1119 Τίνες
893 1042 956 1110 είσὶ
971 1041 1113 1126 μάλιστα

99 1143 238 1207 ἐπαίνου
254 1138 356 1223 ἀξιοις
374 1138 511 1208 Ὁπόσοι
528 1145 736 1232 ἐπαινεῖσθαι
752 1137 797 1226 μὴ
812 1143 983 1208 θέλουσιν.

184 1243 232 1306 18.
255 1234 350 1306 Ἀλλά
366 1247 469 1306 ταῦτα
490 1237 552 1325 μέν
575 1248 654 1316 ἴσως
668 1239 830 1324 ἐξαγώνια
846 1239 901 1305 καὶ
922 1239 1038 1324 πόρρω
1051 1243 1112 1304 τού

98 1335 297 1421 πράγματος.
320 1333 404 1423 ὑπὲρ
420 1337 456 1404 δὲ
468 1328 510 1403 οὗ
520 1333 582 1422 χρη
595 1333 883 1422 ἀπολογήσασθαι,
897 1333 996 1400 τοῦτό
1008 1334 1110 1416 ἐστιν,
1172 1356 1177 1361 ·

97 1433 204 1524 ὅτιτῇ
225 1437 262 1502 ἐν
278 1440 391 1526 Κνίδφ
407 1437 463 1503 καί
483 1442 522 1524 τῇ
538 1437 575 1502 έν
596 1433 714 1521 κήποις
737 1438 790 1502 καί
803 1432 891 1522 Ἥρᾳ
912 1435 966 1500 καὶ
985 1429 1110 1518 Ἀθηνᾷ

96 1528 159 1618 τὴν
169 1531 305 1618 μορφὴν
315 1529 535 1600 ἀναπλάττων
547 1543 677 1602 είκασα·
695 1533 798 1600 ταῦτά
809 1555 861 1601 σοι
871 1538 1011 1618 ἔκμετρα
1020 1531 1111 1608 ἔδοξε

97 1627 328 1713 καίύπὲρτὸν
350 1631 446 1698 πόδα.
477 1634 553 1715 περὶ
569 1628 682 1699 αὐτῶν
698 1629 738 1718 δὴ
755 1631 885 1705 τούτων
901 1633 975 1716 ἐρῶ.
1005 1633 1112 1696 καίτοι

98 1723 236 1804 παλαιός
259 1719 356 1804 οὗτος
376 1723 393 1794 ὁ
415 1730 531 1814 λόγος,
555 1726 772 1807 ἀνευθύνους
793 1728 877 1796 εἶναι
899 1730 953 1795 καὶ
974 1721 1112 1811 ποιητάς

98 1824 153 1906 καί
166 1825 331 1908 γραφέας,
347 1821 425 1901 τούς
441 1826 476 1892 δὲ
492 1827 712 1903 ἐπαινοῦντας
723 1829 777 1894 καί
793 1834 938 1911 μᾶλλον,
956 1823 1063 1911 οἶμαι,
1083 1826 1113 1888 εί

98 1923 152 1988 καί
165 1920 264 2005 χαμαί
279 1921 334 1987 καὶ
352 1920 461 2006 βάδην
485 1919 596 2003 ὥσπερ
611 1921 719 2008 ἡμεῖς,
743 1920 826 1990 ἀλλὰ
844 1921 888 2008 μὴ
907 1925 958 1990 ἐπὶ
979 1922 1110 2006 μέτρων
1127 1924 1178 1981 497

99 2019 264 2102 φέροιντο.
289 2017 471 2103 ἐλεύθερον
488 2019 553 2104 γάρ
571 2046 601 2085 τι
622 2018 640 2086 ὁ
657 2025 792 2098 ἔπαινος
809 2016 881 2086 οὐδ’
900 2024 989 2086 ἔστιν
1005 2015 1111 2083 αὐτοῦ

97 2117 217 2201 μέτρον
233 2119 278 2192 είς
291 2115 433 2201 μέγεθος
447 2112 469 2204 ἢ
482 2117 672 2203 βραχύτητα
686 2118 1007 2203 νενομοθετημένον,
1026 2109 1110 2179 ἀλλὰ

97 2222 195 2282 τούτο
213 2214 321 2300 μόνον
332 2217 364 2295 ἐξ
380 2213 527 2294 ἅπαντας
542 2213 624 2304 ὁρᾷ,
640 2213 730 2294 ὅπως
746 2213 1043 2299 ὑπερθαυμάσεται
1056 2212 1111 2277 καί

97 2311 243 2400 ζηλωτόν
254 2311 426 2399 ἀποφανεῖ
433 2314 492 2384 τόν
504 2315 757 2402 ἐπαινούμενον.
777 2311 817 2381 ού
831 2310 898 2400 μὴν
909 2309 1034 2396 ταύτην
1045 2305 1109 2394 ἐγω

98 2418 295 2502 βαδιοῦμαι,
322 2412 366 2501 μὴ
392 2417 447 2484 καί
470 2415 523 2483 σοὶ
548 2413 634 2494 δόξω
656 2410 719 2482 ὑπ’
746 2411 887 2499 ἀπορίας
907 2407 987 2478 αύτδ
1013 2413 1108 2494 δρᾶν.

98 2519 147 2582 19.
165 2515 272 2580 έκεῖνο
291 2515 329 2580 δέ
342 2520 398 2582 σοί
412 2540 514 2600 φημι,
528 2511 689 2590 ’τοιαύτας
703 2509 783 2598 ἡμῖν
798 2507 858 2588 τάς
872 2506 1026 2595 ἀφορμάς
1042 2514 1109 2574 τῶν

99 2615 316 2679 ἐπαινετικῶν
327 2611 457 2679 τούτων
468 2611 580 2697 λόγων
592 2609 693 2696 εἶναι,
707 2607 751 2688 ὡς
761 2607 823 2696 χρὴ
835 2604 895 2676 τόν
907 2611 1109 2675 ἐπαινοῦντα

99 2711 153 2776 καλ
175 2708 279 2775 είκόσι
301 2711 356 2776 καὶ
376 2705 554 2795 όμοιεόσεσι
580 2717 829 2797 προσχρῆσθαι,
858 2709 912 2773 καί
932 2701 1052 2790 σχεδὸν
1073 2706 1109 2770 έν

99 2806 206 2894 τούτφ
228 2802 264 2871 τδ
281 2806 438 2890 μέγιστόν
458 2809 548 2874 ἐστιν
565 2799 603 2874 εὖ
621 2807 765 2875 εἰκάσαι·
795 2802 831 2871 τὸ
851 2805 886 2870 δὲ
904 2795 942 2870 εὖ
961 2795 1026 2892 ᾦδε
1045 2802 1109 2887 μά-

98 2899 182 2971 λιστ’
208 2896 252 2968 ἀν
274 2907 437 2987 κρίνοιτο,
463 2901 526 2972 οὐκ
551 2902 592 2990 ἤν
613 2931 662 2981 τις
680 2917 748 2979 τοίς
766 2899 893 2987 ὁμοίοις
913 2899 1110 2986 παραβάλλη

98 2998 172 3070 οὐδ’
196 2995 240 3087 ἢν
258 2997 341 3086 πρὸς
361 2998 398 3068 τό
420 2998 662 3087 ὑποδεέστερον
675 3007 808 3085 ποιῆται
827 2999 889 3085 την
905 2997 1106 3083 παράθεσιν,
1126 3003 1177 3057 498
1250 2996 1251 3001 ’

98 3096 171 3168 ἀλλ’
187 3093 229 3188 ἢν
240 3094 324 3183 πρὸς
336 3095 371 3166 τό
385 3097 547 3186 ὑπερέχον
560 3099 603 3178 ὡς
615 3095 734 3168 οἷόντε
749 3098 953 3185 προσβιβάζῃ
965 3093 1108 3192 τδέπαι-

98 3199 276 3286 νούμενον.
305 3192 378 3266 οἷον
397 3208 430 3265 εί
440 3225 487 3277 τις
507 3199 595 3267 κύνα
610 3202 759 3267 ἐπαινῶν
774 3205 859 3265 είποι
876 3193 1046 3273 ἀλύπεκος
1062 3192 1109 3261 εί-

98 3326 153 3367 ναι
170 3305 266 3385 μείζω
288 3293 392 3366 αὐτόν
414 3294 435 3384 ἢ
453 3297 631 3385 αἰλούρου,
658 3289 723 3381 ἀρά
738 3314 791 3363 σοι
813 3299 906 3362 δοκεῖ
923 3292 941 3362 ὁ
959 3302 1109 3372 τοιοῦτος

99 3400 246 3465 έπαινελν
268 3399 407 3478 εἰδέναι
434 3395 496 3464 οὐκ
514 3393 558 3465 ἀν
580 3407 692 3476 είποις.
726 3393 767 3463 ού
788 3391 854 3482 μὴν
875 3390 948 3461 οὐδ’
967 3399 997 3463 εί
1016 3394 1108 3484 λύκῳ

837 3506 839 3512 ·
902 3482 969 3547 17*
