2575 3842
471 167 752 225 ΕΥΝΟΤΧΟΣ.
1052 167 1113 230 185

107 335 302 410 γυναικεῖον
312 324 583 410 ἐμφθεγξάμενος
592 321 634 392 οὐ
646 328 756 392 δίκαια
767 339 875 392 ποιεῖν
885 331 948 411 ἔφη
961 324 1114 394 τόνΔιο-

110 422 188 490 κλέα
203 426 402 506 φιλοσοφίας
415 417 631 488 ἀποκλείοντα
644 418 806 507 εὐνοῦχον
822 420 918 508 όντα,
933 415 972 509 ῆς
983 425 1037 491 καλ
1051 448 1113 508 γυ-

111 517 194 594 ναιξὶ
210 530 371 601 μετεῖναι·
394 519 448 583 καὶ
461 516 651 602 παρήγοντο
665 514 821 586 Ἀσπασία
835 523 890 586 καὶ
899 525 1041 604 Διοτίμα
1058 521 1113 587 καὶ

109 620 278 699 Θαργηλία
299 614 588 701 συνηγορήσουσαι
611 612 716 704 αὐτῷ,
740 622 799 683 καί
810 643 859 694 τις
875 613 1111 702 Ἀκαδημαῖκδς
1130 630 1181 686 356

110 709 269 796 εὐνοῦχος
289 714 325 779 ἐκ
344 719 481 779 Κελτῶν
503 709 617 797 ὀλίγον
638 709 703 797 πρό
724 709 820 798 ῆμιῦν
841 711 1060 801 εὐδοκιμήσας
1077 715 1113 780 έν

109 823 177 886 τοῖς
186 805 347 896 Ἕλλησιν.
378 807 395 875 ὁ
414 815 561 894 Διοκλῆς
575 810 611 875 δέ
631 806 788 877 κάκεῖνον
807 807 927 896 αὐτόν,
949 817 980 879 εί
994 817 1113 906 περιῆν

109 907 247 974 καὶτῶν
265 904 390 992 ὁμοίων
411 920 630 993 μετεποιεῖτο,
655 904 761 992 εἷρξεν
782 904 825 976 ἀν
841 906 882 976 οὐ
896 911 1114 992 καταπλαγεὶς

109 1000 215 1072 αὐτοῦ
226 1001 287 1089 τήν
297 1001 386 1088 παρά
401 1017 468 1082 τοῖς
483 1012 617 1082 πολλοῖς
632 1004 749 1083 δόξαν·
771 1013 829 1074 καί
840 1033 931 1084 τινας
945 1009 1000 1074 καὶ
1014 1002 1114 1083 αὐτός

109 1099 362 1188 ἀπεμνημόνευε
380 1103 501 1188 λόγους
514 1103 570 1170 καὶ
583 1099 667 1186 πρός
681 1106 809 1171 ἐκεῖνον
822 1103 890 1173 ὑπό
902 1130 939 1171 τε
952 1111 1114 1172 Στωϊκῶν

110 1201 163 1268 καὶ
185 1207 344 1268 Κυνικῶν
365 1200 507 1286 μάλιστα
525 1205 718 1285 είρημένους
739 1199 822 1286 πρός
842 1199 879 1268 τό
904 1203 1113 1289 γελοιότερον

40 1369 48 1382 ‚
111 1299 162 1366 ἐπὶ
182 1305 228 1386 τῷ
247 1295 357 1365 ἀτελεῖ
369 1304 429 1364 τοῦ
446 1296 605 1382 σώματος.
637 1302 668 1364 8.
684 1300 721 1366 έν
736 1298 865 1377 τούτοις
877 1291 922 1385 ῆν
936 1314 1004 1377 τοῖς
1018 1304 1114 1366 δικα-

110 1408 199 1473 σταῖς
212 1391 233 1479 ῆ
249 1394 417 1481 διατριβή·
445 1396 500 1462 καὶ
519 1391 556 1461 τό
574 1395 759 1480 κεφάλαιον
774 1394 838 1482 ῆδη
855 1404 915 1463 τοῦ
930 1399 1114 1483 σκέμματος

108 1499 206 1559 τοῦτο
223 1491 401 1578 ἐτύγχανεν
417 1490 474 1577 όν,
497 1497 526 1558 εί
545 1496 758 1577 δοκιμαστέος
773 1491 931 1579 εὐνοῦχος
949 1495 1001 1560 ἐπὶ
1015 1501 1113 1579 φιλο-

108 1597 232 1676 σοφίαν
252 1588 434 1676 παρελθόν
455 1591 510 1656 καὶ
534 1592 620 1656 νέων
641 1597 846 1677 προστασίαν
867 1593 1112 1676 ἐγχειρισθῆναι

108 1685 226 1766 ἀξιῶν·
242 1695 302 1755 τοῦ
311 1686 372 1774 μέν
383 1689 438 1754 καὶ
447 1693 554 1773 σχῆμα
565 1688 620 1754 καὶ
632 1686 781 1774 σώματος
794 1684 968 1773 εὐμοιρίαν
978 1700 1113 1773 προσεῖ-

108 1812 164 1852 ναι
183 1785 357 1876 φιλοσόφῳ
372 1789 443 1854 δεῖν
459 1786 629 1871 λέγοντος,
651 1789 706 1854 καλ
719 1784 755 1853 τό
774 1789 945 1873 μέγιστον,
967 1786 1112 1872 πώγωνα

108 1881 223 1969 βαθύν
246 1889 332 1969 ἔχειν
352 1881 457 1951 αὐτόν
477 1885 620 1962 καὶτοῖς
645 1890 823 1967 προσιοῦσι
847 1886 902 1951 καί
923 1884 1113 1973 μανθάνειν

108 1983 324 2068 βουλομένοις
343 1978 535 2059 ἀξιόπιστον
550 1982 605 2048 καὶ
625 1985 792 2065 πρέποντα
814 1995 883 2059 ταῖς
898 1989 1049 2067 μυρίαις,
1074 1978 1112 2057 άς

107 2079 168 2166 χρῆ
180 2078 269 2164 παρά
280 2083 441 2168 βασιλέως
451 2077 697 2164 ἀποφέρεσθαι,
713 2076 750 2145 τό
764 2078 800 2145 δὲ
809 2086 871 2145 τοῦ
883 2075 1047 2162 εὐνούχου
1058 2080 1112 2145 καλ

106 2185 175 2245 τῶν
189 2179 345 2263 βακήλων
361 2193 473 2263 χεῖρον
494 2175 593 2245 εἶναι·
622 2173 701 2253 τούς
715 2175 777 2260 μὲν
794 2172 857 2261 γάρ
872 2171 937 2242 κάν
952 2182 1112 2258 πεπειρά-
1130 2186 1181 2243 357

107 2281 193 2344 σθαί
210 2299 289 2343 ποτε
305 2274 474 2361 ἀνδρείας,
495 2283 614 2344 τοῦτον
636 2275 672 2341 δέ
691 2278 725 2353 ἐξ
745 2271 846 2358 ἀρχῆς
869 2271 974 2351 εὐθὺς
990 2271 1114 2342 ἀποκε-
1169 2315 1172 2318 ·

107 2375 238 2459 κόφδαι
260 2377 314 2441 καὶ
337 2372 525 2460 ἀμφίβολόν
545 2399 576 2440 τι
598 2377 682 2462 ζῷον
703 2370 787 2439 εἶναι
809 2369 891 2439 κατά
916 2368 1019 2438 ταύτά
1044 2386 1115 2451 ταῖς

108 2473 290 2557 κορώναις,
306 2479 344 2540 αδ
351 2473 431 2558 μήτε
441 2485 646 2557 περιστεραῖς
657 2471 737 2556 μήτε
749 2470 886 2553 κόραξιν
896 2471 1114 2556 ἐναριθμοῖν-

107 2596 144 2638 το
160 2570 212 2636 άν.
237 2576 265 2637 9.
277 2576 338 2636 τοῦ
351 2570 386 2636 δέ
398 2567 439 2636 οὐ
453 2565 644 2657 σωματικήν
655 2571 810 2653 λέγοντος
821 2565 905 2635 εἶναι
916 2565 977 2653 τῆν
991 2575 1112 2653 κρίσιν,

107 2666 182 2736 ἀλλ’
195 2665 300 2754 ἀλκήν
311 2675 416 2754 ψυχῆς
427 2669 546 2754 καὶτῆς
556 2668 690 2754 γνώμης
700 2669 845 2747 ἐξέτασιν
856 2670 927 2735 δεῖν
937 2673 1113 2751 γίγνεσθαι

108 2769 164 2833 καὶ
188 2773 243 2851 τῆς
260 2773 327 2832 τῶν
350 2767 524 2852 δογμάτων
542 2766 735 2850 ἐπιστήμης,
758 2762 824 2830 εἶθ’
851 2761 1114 2847 δἈριστοτέλης

108 2867 253 2930 ἐκαλεῖτο
265 2862 391 2948 μάρτυς
403 2870 463 2930 τοῦ
475 2864 579 2949 λόγου
594 2868 639 2941 είς
651 2861 842 2949 ὑπερβολήν
853 2864 1030 2949 θαυμάσας
1042 2861 1115 2945 Ἑρ-

106 2966 205 3044 μειάυ
219 2957 278 3026 τόν
295 2957 459 3044 εὐνοῦχον
473 2958 532 3028 τόν
543 2964 579 3028 ἐκ
593 2967 653 3027 τοῦ
668 2959 847 3046 Ἀταρνέως
857 2960 1028 3043 τύραννον
1038 2959 1114 3045 ἀχρι

105 3065 168 3125 τοῦ
185 3060 240 3125 καὶ
256 3057 357 3124 θύειν
378 3054 468 3147 αὐτῷ
485 3056 568 3125 κατά
590 3055 694 3124 ταύτά
711 3072 778 3136 τοῖς
797 3068 899 3134 θεοῖς.
932 3064 990 3124 καί
1006 3082 1038 3124 τι
1059 3061 1114 3124 καὶ

106 3156 227 3241 ἐτόλμα
242 3155 461 3238 προστιθέναι
477 3153 646 3242 ὁΒαγιόας
656 3161 825 3239 τοιοῦτον,
842 3152 886 3232 ὡς
900 3153 986 3222 πολὺ
1001 3157 1114 3241 ἐπιτη-

106 3252 274 3337 δειότερος
291 3249 450 3338 εὐνοῦχος
464 3268 532 3332 τοῖς
547 3258 634 3332 νέοις
649 3253 847 3331 διδάσκαλος
858 3249 936 3320 οὐδὲ
953 3254 1114 3341 διαβολήν
