2575 3842
191 144 250 207 108
544 146 846 207 AOYKIANOY

187 332 250 373 -υον
276 310 343 371 τῶν
367 312 508 390 πλησίον
533 300 749 373 ἀπολωλέναι.
793 307 879 386 ὅλως
902 310 956 391 όέ,
982 282 1060 374 τίνά
1083 314 1197 373 ολεσθε
1278 290 1284 349 ⁴¹

188 401 295 481 οὕτως
316 401 435 488 ἀγριον
453 400 476 489 ή
492 399 661 487 ἀνήμερον
680 403 865 490 ἄνθρωπον
888 404 972 473 εἶναι
993 400 1037 481 ὡς
1054 401 1197 488 ἥδεσθαι
1283 426 1284 483 η

187 508 412 586 μαστιγοῦντα
432 504 486 568 καί
504 506 659 586 οίμωγῶυ
681 499 849 571 ἀκούοντα
869 507 924 572 καὶ
947 501 1196 588 σφαττομένους
1283 540 1284 543 =

187 597 334 683 ὁρῶντα,
363 605 393 666 εί
412 597 456 685 μή
477 605 545 684 έχοι
560 598 635 666 τινά
653 602 802 688 μεγάλην
822 610 883 671 τοῦ
904 601 1056 680 κολάζειν
1072 605 1195 676 αίτίαν;

186 695 327 772 ποσάκις
341 702 427 780 γοῦν
443 694 609 778 ἐδάκρυσα
624 701 900 785 μαστιγουμένων
910 696 1039 779 ἀλλων,
1054 696 1195 771 ποσάκις
1284 722 1285 745 ι

187 791 223 860 όέ
238 802 381 878 θρηνεῖν
395 796 450 861 καὶ
463 790 649 877 ὀδύρεσθαι
664 794 726 881 τήν
737 798 883 882 ἐμαυτοῦ
894 794 998 880 τύχην
1009 791 1197 878 ἀναγκάζο-

187 918 246 977 μαι
267 897 364 976 μείζω
385 893 527 960 κόλασιν
549 889 650 971 αάτός
672 896 727 960 καί
749 896 972 979 χρονιωτέραν
999 888 1195 976 ύιιομένωνς

186 987 285 1072 ἀνόρί
298 986 364 1073 γάρ
376 988 478 1073 φύσει
489 988 551 1073 μὲν
562 986 698 1079 ἀγαθῷ,
715 988 769 1057 όιά
781 994 817 1057 δὲ
828 988 979 1075 ἀνάγκην
990 992 1097 1073 πικρῷ
1108 984 1196 1053 πολὺ

186 1095 248 1153 τού
263 1087 464 1166 κολάζεσθαι
484 1084 521 1153 τό
543 1086 695 1167 κολάζειν
715 1087 953 1173 χαλεπώτερον.
988 1091 1016 1153 9.
1041 1090 1071 1151 εί
1089 1082 1125 1150 δὲ
1147 1087 1200 1149 δελ
1285 1092 1286 1099 ’

187 1181 268 1269 μετά
285 1189 469 1269 παρρησίας
486 1188 606 1269 εἰπεῖν,
629 1183 693 1269 ἐγω
711 1186 789 1270 μέν,
816 1192 846 1253 εί
860 1187 984 1269 αἵρεσίς
1000 1208 1057 1268 μοι
1075 1205 1196 1265 προτε-

187 1287 281 1366 θείη,
302 1280 426 1364 πότερα
440 1282 621 1367 βούλομαι,
646 1283 797 1362 κολάζειν
810 1279 904 1359 τινάς
921 1274 1076 1364 άόίκωςή
1094 1274 1196 1353 αὐτὸς
1286 1278 1287 1299 ³

187 1378 385 1462 ἀποθανεῖν,
397 1371 436 1445 εύ
448 1388 516 1446 ίστε
529 1376 573 1457 ὡς
581 1377 682 1446 ούόὲν
693 1380 858 1466 μελλήσας
870 1381 1004 1463 ἑλοίμην
1014 1372 1058 1443 ἀν
1069 1373 1195 1442 τεθνά-

188 1502 243 1542 ναι
258 1483 386 1561 μάλλον
399 1471 421 1561 ή
435 1476 541 1561 μηδὲν
555 1474 755 1555 ἀδικοῦντας
768 1478 928 1556 κολάζειν.
952 1480 982 1542 εί
992 1476 1030 1540 όέ
1038 1499 1087 1550 τις
1100 1478 1193 1558 φαίη,

187 1572 319 1655 Βούλει,
339 1564 517 1659 άΦάλαρι,
535 1574 698 1642 τεθνάναι
708 1572 807 1653 αύτός
820 1568 974 1660 ἀόίκωςή
989 1576 1123 1658 δικαίως
1135 1593 1195 1636 κο-

188 1669 297 1747 λάζειν
308 1667 387 1745 τούς
397 1670 613 1755 έπιβούλουςς
628 1678 726 1738 τοῦτο
739 1677 922 1759 βουλοίμην
935 1668 994 1737 ἀν·
1017 1661 1118 1745 αὖθις
1130 1664 1195 1752 γὰρ

187 1765 292 1853 ὑμᾶς,
318 1760 509 1852 άΛελφοί,
535 1770 749 1856 συμβούλους
769 1778 876 1855 καλῶ,
899 1772 1041 1855 πότερον
1055 1766 1195 1854 ἀμεινόν

188 1866 277 1931 ἐστιν
292 1860 413 1943 ἀδίκως
430 1862 617 1935 ἀποθανεῖν
632 1864 655 1953 ή
675 1866 796 1947 ἀδίκως
811 1870 927 1949 σώζειν
941 1864 1001 1935 τόν
1018 1870 1195 1953 ἐπιβεβου-

187 1961 346 2039 λευκότα;
370 1958 478 2040 οὐδεὶς
493 1961 615 2046 οὕτως,
632 1963 739 2051 οἶμαι,
762 1963 903 2050 ἀνόητός
917 1968 1005 2033 ε’στιν
1020 1961 1056 2040 ὃς
1073 1960 1135 2029 ούκ
1151 1957 1195 2027 ἀν

187 2059 396 2144 προτιμήσειε
416 2065 473 2146 ζῆν
489 2059 653 2149 μᾶλλονή
674 2064 788 2143 σάζων
802 2062 881 2141 τούς
901 2059 1045 2148 ἐχθρούς
1060 2059 1195 2127 ἀπολω-

120 2167 168 2222 197
188 2158 290 2224 λέναι.
325 2164 430 2226 καίτοι
453 2160 579 2239 πόσους
595 2159 660 2247 ἐγά
677 2166 730 2231 καλ
753 2171 821 2230 τάν
843 2162 1123 2249 ἐπιχειρησάντων
1139 2186 1195 2246 μοι

187 2257 241 2321 καὶ
263 2264 416 2339 φανερῶς
432 2260 659 2345 ἐληλεγμένων
680 2261 769 2348 ὅμως
789 2269 911 2342 ἔσωσας
933 2257 1006 2331 οἷον
1021 2260 1194 2330 ’Ἄκανθον

186 2354 319 2420 τουτονὶ
334 2356 388 2421 καλ
405 2357 616 2443 Τιμοκράτην
630 2361 685 2426 καὶ
699 2361 882 2447 Λεωγόραν
896 2358 954 2429 τόν
967 2358 1116 2447 ἀδελφόν
1132 2356 1194 2425 αύ-

186 2456 264 2533 τοῦ,
282 2458 423 2528 παλαιᾶς
438 2461 620 2539 συνηθείας
639 2462 697 2542 τῆς
712 2456 795 2541 πρὸς
811 2457 934 2537 αύτούς
950 2459 1193 2547 μνημονεύσας.

188 2553 238 2614 10.
255 2545 336 2613 ὅταν
348 2548 384 2614 δὲ
401 2556 590 2636 βουληθῆτε
603 2549 730 2639 τούμόν
746 2558 883 2643 εἰδέναι,
901 2556 980 2637 τούς
997 2563 1193 2642 εἰσφοιτῶν-

187 2671 244 2724 τας
266 2651 311 2724 είς
331 2643 536 2733 Ἀκράγαντα
558 2652 674 2730 ξένους
696 2654 879 2739 ἐρωτήσατε
901 2652 1014 2733 ὁποῖος
1035 2652 1097 2740 ἐγώ
1118 2654 1194 2735 περλ

185 2743 310 2823 αύτούς
322 2752 386 2831 είμι
395 2750 449 2814 καλ
461 2754 491 2816 εί
501 2749 751 2833 φιλανθρώπως
763 2756 993 2840 προσφέρομαι
1005 2767 1072 2831 τοῖς
1083 2758 1194 2819 καταί-

186 2867 322 2931 ρουσιν,
338 2843 375 2922 ός
389 2872 427 2931 γε
438 2850 493 2915 καλ
504 2847 652 2928 σκοπούς
662 2854 714 2919 ἐπὶ
728 2859 797 2918 τῶν
811 2855 957 2937 λιμένων
969 2858 1031 2937 ἐχω
1046 2854 1100 2919 καὶ
1110 2876 1194 2918 πευ-

184 2950 310 3028 θήνας,
336 2945 391 3010 καὶ
412 2952 499 3023 τίνες
521 2950 577 3016 καὶ
597 2946 683 3017 ὅθεν
705 2952 1029 3033 καταπεπλεύκασιν,
1055 2947 1098 3028 ὡς
1120 2944 1193 3017 κατ’

186 3039 281 3121 ἀξίαν
296 3050 401 3128 τιμῶν
412 3041 638 3134 ἀποπέμποιμι
649 3046 780 3126 αύτούς.
804 3054 886 3117 έυιοι
898 3053 934 3117 δὲ
945 3051 1000 3117 καλ
1011 3052 1196 3135 ἐξεπίτηδες

186 3148 325 3225 φοιτῶσι
341 3140 421 3226 παρ’
440 3146 512 3229 ἐμέ,
535 3149 570 3213 oc
587 3147 775 3231 σοφώτατοι
790 3155 858 3215 τῶν
874 3145 1060 3234 Ἑλλήνων,
1086 3149 1140 3214 καλ
1154 3143 1196 3212 ού

186 3239 350 3323 φεύγουσι
372 3237 434 3325 τήν
455 3250 640 3311 συνουσίαν
659 3244 721 3332 τήν
744 3246 842 3331 ἐμήν,
869 3244 979 3330 ὥσπερ
1004 3242 1122 3331 ἀμέλει,
1141 3247 1196 3311 καί

184 3338 302 3423 πρῴην
314 3334 332 3403 ὁ
345 3336 449 3424 σοφός
461 3343 668 3431 Πυθαγόρας
677 3337 758 3430 ήκεν
769 3342 813 3420 ὡς
822 3339 924 3429 ἡμᾶς,
942 3343 1025 3412 ἀλλα
1037 3345 1098 3430 μὲν
1109 3341 1195 3427 ὑπὲρ
