2575 3842
153 196 195 260 70
503 198 806 257 AOYKIANOY

152 384 274 444 μανεν·
303 357 371 425 ὅτε
386 356 452 443 γὰρ
473 359 510 424 έν
524 363 564 443 τή
584 357 720 443 πρύμνη
734 363 888 442 χηνίσκος
901 355 999 443 ἀφνοι
1019 356 1157 440 έπτερό-

153 460 229 534 ξατο
243 457 298 522 καὶ
311 453 493 541 ἀνεβόησε,
514 456 568 520 καλ
585 452 602 519 ὁ
624 453 831 539 κυβερνήτης
848 452 865 519 ὁ
882 461 1074 538 Σκίνθαρος
1091 480 1159 539 φα-

152 548 275 637 λακρός
287 549 350 637 ήδη
366 548 415 618 οὑν
428 549 628 636 ἀνεκόμησε,
647 552 702 616 καὶ
717 547 753 615 τό
770 550 906 617 πάντων
917 550 958 637 δή
971 552 1158 635 παραδοξό-

151 674 267 731 τατον,
289 645 307 714 ὑ
329 646 394 734 χάρ
414 645 504 726 ίστδς
520 654 576 732 τῆς
597 644 682 723 νεοδς
704 646 917 733 έξεβλάστησε
939 651 994 716 καὶ
1012 651 1158 725 κλάδους

152 744 300 831 ἀνέφυσε
319 748 374 812 καὶ
392 747 444 812 ἐπὶ
462 750 508 834 τῷ
522 744 614 832 ἀκρφ
629 746 920 831 ἐκαρποφόρησεν,
942 743 960 813 ὁ
978 748 1014 813 δὲ
1030 744 1157 831 καρπός

151 838 196 930 ἦν
212 850 298 910 σῦκα
318 844 372 911 καὶ
388 841 540 928 σταφυλή
561 846 717 927 μέλαινα,
743 841 837 909 οὔπω
858 846 1020 930 πέπειρος.
1054 849 1157 909 ταῦτα

85 962 134 1015 135
153 944 280 1020 ἰδόντες
289 940 334 1020 ὡς
348 940 386 1009 τό
403 939 490 1020 είκδς
501 940 731 1027 ἐταράχθημεν
741 944 796 1009 καλ
806 939 976 1027 ηὐχόμεθα
988 958 1055 1021 τοῖς
1065 954 1158 1021 θεοῖς

152 1040 334 1124 ἀποτρέψαι
351 1037 387 1105 τδ
405 1037 588 1107 ἀλλόκοτον
601 1046 661 1105 τοῦ
677 1039 918 1124 φαντάσματος.
941 1045 992 1108 42.
1010 1038 1104 1106 οὑπυ
1120 1040 1157 1105 δέ

153 1143 389 1214 πεντακοσίους
399 1140 553 1214 σταδίους
564 1136 754 1213 διελθόντες
764 1140 895 1222 εἴδομεν
905 1135 992 1222 ὕλην
1000 1143 1157 1222 μεγίστην

153 1238 208 1304 καὶ
227 1235 345 1303 λάσιον
358 1234 486 1302 πιτόιον
499 1237 554 1302 καὶ
568 1240 786 1317 κυπαρίττων.
810 1235 865 1301 καὶ
879 1230 972 1319 ἡμεῖς
988 1234 1050 1319 μέν
1066 1234 1157 1301 είκά-

154 1355 258 1418 σαμεν
271 1331 410 1418 ἤπειρον
425 1332 523 1399 εἶναι·
546 1328 582 1397 τό
598 1334 634 1397 δέ
645 1323 689 1416 ἦν
699 1334 839 1415 πέλαγος
853 1329 1003 1417 ἄβυσσον
1014 1327 1156 1413 ἀρρίζοις

154 1434 304 1514 δένδροις
316 1430 668 1513 καταπεφυτευμένον·
685 1428 826 1512 εἱστήκει
836 1430 872 1494 δὲ
882 1425 922 1493 τά
934 1429 1056 1509 δένδρα
1068 1424 1156 1510 ὅμως

153 1528 307 1613 ἀκίνητα,
322 1524 409 1610 όρθά
425 1526 580 1608 καθάπερ
591 1526 796 1591 ἐπιπλέοντα.
819 1526 1059 1610 πλησιάσαντες
1070 1528 1155 1608 γοῦν

152 1629 208 1693 καὶ
228 1624 264 1691 τδ
288 1632 356 1691 πᾶν
378 1622 641 1708 κατανοήσαντες
661 1624 698 1687 έν
724 1619 839 1711 ἀπόρῳ
860 1622 1016 1705 εἰχόμεθα
1036 1628 1069 1687 τί
1093 1616 1153 1704 χρή

154 1727 256 1806 δρᾶν·
285 1719 362 1788 οὔτε
375 1718 441 1808 γάρ
457 1718 512 1788 διά
534 1747 602 1787 ταν
616 1724 766 1804 δένδρεον
781 1731 876 1790 πλεῖν
895 1719 1041 1789 δυνατόν
1054 1714 1099 1807 ήν
1117 1758 1153 1769 -

154 1816 265 1886 πυκνά
286 1816 350 1903 χάρ
371 1822 426 1887 καὶ
447 1827 590 1906 προσεχή
608 1818 756 1906 ὑπῆρχεν
774 1864 817 1875 -
839 1819 915 1888 οὑτε
934 1818 1155 1904 ἀναστρέφειν

153 1920 259 1988 ἐδόκει
277 1920 405 2008 ῥηίδιον.
428 1918 492 2007 έχιδ
507 1923 543 1988 δέ
560 1917 715 1989 ἀνελθών
730 1922 782 1987 ἐπὶ
795 1918 831 1987 τὸ
844 1921 999 2006 μέγιστον
1014 1921 1153 2003 δένδρον

154 2015 369 2084 ἀπεσκόπουν
383 2015 422 2084 τά
441 2021 591 2086 ἐπέκεινα
607 2016 697 2095 ὅπως
713 2023 793 2101 ἔχοι,
812 2020 866 2084 καὶ
881 2016 995 2101 εἰόρων
1009 2018 1060 2084 ἐπὶ
1075 2037 1154 2081 στα-

153 2119 245 2191 δίους
259 2113 321 2200 μέν
337 2116 543 2201 πεντήκοντα
560 2112 581 2201 ή
596 2113 696 2203 όλίχςο
712 2121 845 2207 πλείους
860 2112 922 2199 τήν
937 2113 1024 2198 ὑλην
1038 2105 1151 2193 οὖσαν,

153 2219 263 2280 ἔπειτα
285 2214 321 2279 δὲ
340 2206 440 2291 αὖθις
461 2216 576 2297 ἕτερον
602 2210 753 2279 ὠκεανόν
774 2213 999 2298 ἐκδεχόμενον.
1032 2211 1087 2277 καὶ
1113 2208 1152 2293 δή

152 2311 259 2378 έδόκει
279 2308 359 2396 ἡμῖν
381 2307 611 2395 ἀναθεμένους
627 2308 689 2396 τήν
709 2318 796 2377 ναῦν
817 2312 868 2377 έπλ
885 2306 946 2395 τήν
963 2309 1071 2393 κόμην
1086 2313 1154 2373 τεόν

152 2412 301 2490 δένδρων
318 2447 356 2457 -
372 2405 483 2492 πυκνή
501 2400 590 2493 δέήν
606 2448 642 2457 -
660 2406 897 2494 ὑπερβιβάσαι,
913 2413 943 2474 εί
955 2411 1152 2491 δυναίμεθα,

152 2510 185 2583 ε’ς
198 2503 259 2591 τήν
271 2505 442 2573 θάλατταν
455 2503 517 2591 τήν
531 2508 664 2588 ἑτέραν·
693 2508 747 2573 καὶ
765 2504 869 2583 οὑτως
885 2508 1071 2590 ἐποιοῦμεν.
1099 2507 1154 2571 ἐκ-

152 2605 311 2690 δήσαντες
328 2601 393 2689 γάρ
418 2601 524 2690 αὑτήν
541 2604 632 2695 κάλφ
654 2604 785 2691 μεγάλῳ
803 2606 858 2671 καὶ
880 2602 1081 2680 ἀνελθόντες
1102 2605 1153 2669 ἐπὶ

151 2700 191 2768 τά
207 2705 328 2787 δένδρα
342 2701 437 2785 μόλις
451 2701 702 2788 ἀνιμησάμεθα,
724 2705 779 2770 καὶ
794 2704 911 2779 θέντες
925 2705 974 2769 έπλ
990 2710 1058 2769 τῶν
1072 2702 1154 2769 κλά-

152 2805 236 2886 δαν,
251 2799 450 2877 πετάσαντες
461 2797 501 2866 τά
513 2804 598 2867 ίστία
613 2801 767 2884 καθάπερ
780 2803 816 2867 ἐν
830 2799 979 2888 θαλάττῃ
995 2803 1153 2885 ἐπλέομεν

151 2906 212 2965 τοὺ
226 2896 352 2983 ἀνέμου
364 2905 604 2983 προωθοῦντος
618 2900 865 2984 ἐπισυρόμενοι·
887 2903 971 2965 ἔνθα
986 2896 1026 2983 δή
1042 2901 1096 2965 καὶ
1115 2896 1153 2964 τό

84 3009 134 3065 136
149 2995 344 3081 Ἀντιμάχου
358 3003 419 3063 τοῦ
439 3004 579 3080 ποιητοῦ
599 3002 676 3074 ἔπος
695 2999 879 3082 ἐπεισῆλθε.
909 2998 989 3082 φησὶ
1006 2997 1071 3082 γάρ
1087 3022 1154 3063 που

149 3092 316 3171 κάκεῖνος·

279 3198 394 3258 Τοῖσιν
409 3190 440 3258 δ’
460 3190 602 3278 ὑλήεντα
619 3191 673 3259 διά
689 3193 794 3261 πλόον
808 3196 1019 3279 ἐρχομένοισι.

150 3294 201 3356 43.
217 3288 412 3375 βιασάμενοι
425 3291 461 3357 δὲ
472 3288 561 3375 ὅμως
571 3289 633 3377 τήν
648 3290 734 3377 ὕλην
745 3289 936 3376 ἀφικόμεθα
952 3295 985 3369 ἐς
999 3290 1036 3359 τό
1048 3290 1151 3375 ὕδωρ,

149 3387 205 3454 καὶ
227 3386 330 3453 πάλιν
357 3385 477 3473 ὁμοίως
501 3392 701 3467 καταθέντες
724 3386 786 3475 τήν
806 3396 894 3455 ναῦν
914 3391 1074 3474 ἐπλέομεν
1097 3386 1152 3455 διά
