2575 3842
300 209 522 266 ΟΝΕΙΡΟΣ
538 213 565 263 Η
587 211 899 270 ΑΛΕΚΤΡΥΩΝ.
1045 211 1108 275 387

181 372 281 432 ΜΙΚ.
305 364 444 432 Οὐκοῦν
459 367 583 442 ἐκεῖνος
598 363 680 432 αύτό
692 370 815 448 κλέψας
831 367 898 436 εἶτα
913 373 1106 457 ἐπωμόσατο

94 461 200 541 θεοὺς
220 462 417 540 τοσούτους;
439 459 523 529 ἀλλά
545 469 578 529 τί
592 460 655 529 οὐκ
677 463 773 548 ἐβόας
789 466 844 531 καὶ
861 467 1000 553 ἐμήνυες
1021 470 1106 556 τότε,

96 554 124 629 τό
140 559 349 644 ἀλεκτρνεόν,
366 563 579 645 ληϊζομένους
593 559 680 646 ήμᾶς
694 558 802 646 όρῶν;

180 666 312 726 ΑΛΕΚ.
332 655 546 743 Ἐκόκκυζον,
558 657 666 743 μόνον
681 656 701 725 ό
714 661 789 726 τότε
798 658 945 727 δυνατόν
955 654 1008 747 ήν.
1031 669 1064 729 τί
1072 659 1104 728 δ’

95 751 191 825 ούνό
208 763 341 841 Σίμων;
363 755 476 846 ἐφ’κεις
492 757 557 842 γάρ
572 784 604 824 τι
620 761 696 839 περὶ
712 754 817 825 αύτοῦ
834 761 930 842 ἐρεῖν.
973 811 983 838 ,

180 862 279 923 ΜΙΚ.
305 852 456 934 Ἀνεφιὸς
480 848 526 940 ήν
548 853 637 944 αὐτῷ
660 853 820 933 πλούσιος
846 858 879 934 ἐς
902 854 1106 943 ὑπερβολήν,

93 951 268 1038 Δριμύλος
278 949 436 1038 τοῦνομα.
458 943 555 1030 οὗτος
570 958 634 1033 ζῶν
645 952 707 1037 μὲν
719 950 798 1019 οὐδὲ
809 949 934 1040 ὀβολόν
945 957 1047 1019 ἔδωκε
1059 961 1106 1044 τῷ

94 1059 236 1137 Σίμωνι.
259 1057 329 1128 πῶς
343 1049 426 1136 γάρ,
442 1046 479 1128 ός
494 1049 573 1117 οὐδὲ
585 1047 685 1127 αὐτὸς
695 1047 815 1134 ήπτετο
830 1056 899 1115 τῶν
910 1050 1105 1135 χρημάτωνς

94 1152 164 1217 ἐπεὶ
176 1149 212 1218 δὲ
224 1147 373 1236 ἀπέθανε
384 1147 518 1234 πρῴην,
531 1146 662 1214 ἅπαντα
673 1149 783 1214 ἐκεῖνα
793 1146 876 1213 κατὰ
889 1146 967 1224 τούς
979 1149 1104 1232 νόμους
1124 1162 1174 1216 724

93 1248 250 1334 Σίμωνός
266 1253 350 1337 ἐστι,
371 1253 426 1318 καὶ
440 1257 506 1317 νῦν
527 1253 651 1327 ἐκεῖνος
665 1247 683 1316 ό
699 1247 740 1316 τά
754 1249 854 1334 ῥάκια
867 1247 908 1316 τά
923 1251 1063 1336 πιναρά,
1087 1248 1106 1317 ὁ

94 1343 131 1415 τό
151 1347 311 1433 τρύβλιον
327 1356 522 1436 περιλείχων
539 1347 682 1434 ἀσμενος
700 1347 867 1428 ἐξελαύνει
888 1343 1035 1432 ἁλουργῆ
1051 1349 1107 1414 καὶ

93 1441 306 1531 ὑσγινοβαφῆ
326 1444 569 1532 ἀμπεχόμενος,
593 1449 720 1524 οἰκέτας
743 1448 799 1513 καὶ
815 1446 911 1531 ζεύγη
928 1448 983 1512 καὶ
997 1452 1104 1530 χρυσᾶ

93 1542 270 1626 ε’κπόματα
282 1545 337 1610 καὶ
351 1545 618 1628 ἐλεφαντόποδας
633 1547 791 1628 τραπέζας
803 1549 903 1628 ἔχων,
920 1539 980 1627 ὑφ’
995 1541 1106 1609 ἁπάν-

94 1665 162 1705 των
172 1641 469 1726 προσκυνούμενος
478 1640 556 1709 οὐδὲ
567 1646 789 1727 προσβλέπων
796 1646 842 1708 ἐτι
851 1640 953 1728 ἡμᾶς·
969 1647 1106 1726 ἔναγχος

95 1742 181 1804 νοῦν
197 1733 260 1820 ἐγω
279 1737 341 1821 μὲν
356 1737 438 1804 ἰθύν
453 1740 652 1823 προσιόντα,
669 1748 790 1823 Χαῖρε,
809 1745 912 1824 ἔφην,
934 1731 961 1806 ἀ
975 1745 1104 1824 Σίμων,

94 1830 166 1899 όδὲ
187 1830 434 1920 ἀγανακτήσας,
455 1845 597 1922 Είπατε,
624 1842 705 1921 ἐφη,
728 1844 774 1925 τῷ
791 1844 908 1924 πτωχῷ
930 1837 1037 1925 τούτω
1058 1833 1102 1921 μή

94 1928 375 2016 κατασμικρύνειν
390 1959 456 2017 μου
470 1931 635 2018 τούνομα·
658 1931 700 2000 ού
715 1932 779 2018 γάρ
797 1938 930 2018 Σίμων,
948 1931 1030 2000 ἀλλά
1042 1942 1105 1999 Σι-

94 2033 240 2115 μωνίδης
256 2027 467 2116 όνομάζομαι.
491 2027 528 2097 τό
545 2031 581 2097 δὲ
595 2031 752 2114 μέγιστον
765 2030 829 2117 ήδη
840 2034 894 2098 καί
910 2032 1031 2111 ἐρῶσιν
1041 2027 1104 2096 αύ-

94 2134 154 2195 τοῦ
166 2132 203 2195 αί
214 2141 386 2214 γυναῖκες,
402 2127 420 2195 ό
434 2132 470 2196 δὲ
481 2129 666 2211 θρύπτεται
678 2128 762 2211 πρός
772 2127 875 2207 αύτάς
889 2130 943 2195 καὶ
954 2127 1104 2216 ὑπερορᾷ

94 2229 149 2295 καὶ
164 2224 223 2305 τάς
238 2229 299 2311 μὲν
312 2233 482 2311 προσίεται
499 2228 553 2295 καὶ
567 2227 665 2305 ίλεεός
679 2229 785 2312 ἐστιν,
809 2232 846 2296 αί
858 2229 894 2294 δὲ
909 2224 1104 2294 ἀπειλοῦσιν

94 2326 295 2414 ἀναρτήσειν
316 2325 434 2406 ἑαυτάς
455 2325 691 2413 ἀμελούμεναι.
718 2324 799 2415 ὁρᾷς
819 2324 910 2392 ὅσων
929 2321 1104 2410 ἀγαθωνό

93 2423 218 2513 χρυσός
236 2435 358 2512 αἴτιος,
378 2436 413 2494 εί
426 2452 465 2512 γε
485 2428 540 2493 καὶ
562 2439 735 2511 μεταποιεῖ
754 2423 833 2502 τούς
854 2422 1029 2511 ἀμόρφους
1050 2427 1104 2491 καὶ

95 2529 271 2612 ἐρασμίους
282 2525 497 2613 ἀπεργάζεται
509 2523 619 2608 ὥσπερ
632 2521 650 2590 ὁ
662 2521 829 2609 ποιητικός
841 2526 966 2602 ἐκεῖνος
976 2522 1099 2600 κεστός.
1121 2535 1172 2589 725

96 2622 229 2701 ἀκούεις
245 2627 349 2692 δὲκαὶ
364 2634 432 2691 των
448 2630 596 2709 ποιητῶν
611 2622 796 2707 λεγόντων·

242 2715 268 2788 ἀ
285 2725 401 2806 χρυσέ,
421 2725 561 2805 δεξίωμα
575 2721 753 2787 κάλλιστον

96 2822 150 2887 καὶ

243 2914 365 3002 χρυσός
377 2917 441 3001 γάρ
457 2919 545 2984 ἐστιν
561 2913 596 2993 ὃς
611 2923 743 3000 βροτῶν
757 2921 822 3000 ἔχει
836 2940 949 3000 κρατη.

97 3014 179 3084 ἀλλά
195 3022 228 3082 τί
242 3013 363 3101 μεταξύ
380 3017 552 3100 ἐγέλασας,
569 3008 596 3080 ἀ
611 3012 821 3097 ἀλεκτρυάνς

181 3119 231 3182 15.
245 3119 378 3181 ΑΛΕΚ.
392 3111 464 3180 Ὅτι
477 3110 537 3179 ὑπ’
550 3110 702 3198 ἀγνοίας,
718 3104 927 3197 ἀΜίκυλλε,
943 3116 997 3181 καὶ
1009 3111 1051 3180 σύ
1063 3112 1104 3180 τά

97 3212 195 3299 ὅμοια
216 3225 283 3289 τοῖς
302 3219 435 3289 πολλοῖς
452 3211 649 3297 ἐξηπάτησαι
673 3216 834 3296 περὶτῶν
856 3220 1040 3281 πλουσίων·
1073 3216 1107 3279 οί

98 3311 132 3376 σὲ
144 3303 183 3376 εὖ
198 3319 270 3376 ίσθι
284 3307 372 3376 πολύ
384 3307 482 3395 ὑμῶν
492 3307 701 3394 ἀθλιώτερον
712 3309 772 3378 τόν
782 3319 858 3398 βίον
868 3319 995 3399 βιοῦσι·
1019 3313 1103 3396 λέγω

9 3495 10 3510 ¹
97 3412 134 3474 δέ
155 3428 207 3475 σοι
231 3411 285 3476 καὶ
306 3409 408 3494 πένης
423 3411 478 3476 καὶ
494 3409 654 3488 πλούσιος
675 3412 842 3488 πολλάκις
853 3410 1032 3563 γεέιόμφνος
1048 3412 1102 3477 καί
