2575 3842
148 190 208 255 148
498 187 807 245 ΛΟΤΚΙΑΝΟΤ

230 349 406 435 Μηριόνη,
422 348 504 433 τάχα
518 348 577 413 κέν
591 364 628 411 σε
642 344 697 411 καὶ
712 342 876 432 ὀρχηστήν
890 370 952 431 περ
967 346 1065 415 ἐόντα

120 527 129 537 ·
230 452 323 531 ἔγχος
339 444 421 532 έμόυ
434 449 628 512 κατέπαυσε.

78 558 130 613 273
149 546 203 612 καὶ
217 541 305 628 ὅμως
321 541 363 609 οῦ
383 547 590 610 κατέπαυσεν
611 536 731 607 αῦτόυ·
765 539 822 607 άτε
835 539 900 626 γὰρ
914 539 1098 627 ἠσκημένος
1114 541 1149 605 ἐν

145 650 187 730 τῇ
201 640 376 731 ὀρχηστικῇ
389 646 529 732 ῥᾳδίως,
550 639 658 724 οἶμαι,
680 642 887 723 διεδίδρασκε
901 638 959 717 τάς
979 636 1030 705 ἐπ’
1046 634 1152 704 αῦτόν

147 739 280 824 ἀφέσεις
302 745 371 807 τῶν
390 738 564 807 ἀκοντίων.
595 743 625 803 9.
647 734 792 814 πολλοῦς
811 735 847 804 δέ
868 739 923 803 καὶ
939 735 1061 812 ἀλλους
1083 742 1152 800 τῶν

146 835 268 924 ἡρώων
292 842 395 903 εἰπεῖν
417 843 500 922 ἔχων
522 848 590 911 τοῖς
613 831 725 910 αὐτοῖς
746 835 1075 919 ἐγγεγυμνασμένους
1097 832 1153 897 καὶ

147 939 266 1019 τέχνην
289 931 326 1000 τό
352 940 488 1018 πρᾶγμα
511 934 755 1017 πεποιημένους
777 929 896 999 ίκανόν
922 929 1065 1017 ἡγοῦμαι
1091 928 1152 996 τὸν

147 1030 401 1115 Νεοπτόλεμον,
416 1028 586 1115 Ἀχιλλέως
600 1028 662 1113 μὲν
682 1032 782 1095 παῖδα
800 1027 897 1113 ὅντα,
918 1029 1010 1095 πάνυ
1025 1029 1061 1094 δὲ
1078 1030 1152 1093 δια-

148 1130 319 1211 πρέψαντα
332 1130 370 1194 ἐν
391 1134 430 1216 τῇ
451 1125 627 1213 ὀρχηστικῇ
642 1128 697 1193 καὶ
712 1124 798 1202 εἶδος
817 1123 854 1192 τό
875 1126 1053 1193 κάλλιστον
1067 1122 1152 1210 αὐτῇ

148 1228 427 1313 προστεθεικότα,
449 1233 633 1312 Πυρρίχιον
652 1223 710 1291 ἀπ’
727 1222 832 1291 αὐτοῦ
846 1227 1064 1309 κεκλημένου·
1096 1225 1152 1289 καὶ

149 1323 166 1391 ὁ
183 1320 346 1409 Ἀχιλλεῦς
359 1331 461 1390 ταῦτα
476 1322 560 1405 ὑπὲρ
582 1329 642 1388 τοῦ
657 1320 774 1399 παιδός
794 1322 1052 1407 πυνθανόμενος
1066 1326 1152 1404 μάλ-

79 1444 82 1449 ·
149 1430 210 1488 λον
225 1427 371 1506 ἔχαιρεν,
394 1419 501 1504 οἶμαι,
525 1416 546 1504 ἢ
568 1421 620 1486 ἐπὶ
635 1427 681 1505 τῷ
701 1420 815 1487 κάλλει
831 1422 886 1486 καὶ
908 1425 947 1504 τῇ
964 1414 1047 1504 άλλη
1067 1414 1151 1502 ἀλκῇ

149 1515 262 1583 αὐτοῦ.
277 1524 457 1602 τοιγαροῦν
467 1516 636 1602 τηνἼλιον
645 1519 725 1595 τέως
734 1515 907 1585 ἀνάλωτον
918 1510 1054 1600 οῦσανὴ
1067 1517 1153 1580 ἐκεί-

148 1638 213 1679 νου
223 1609 398 1697 ὀρχηστικὴ
411 1621 545 1680 καθείλε
557 1614 611 1678 καὶ
623 1618 670 1690 εἰς
680 1616 802 1698 ἔδαφος
812 1616 998 1697 κατέρριψε.
1019 1616 1067 1677 10.
1081 1617 1152 1676 Λα-

149 1709 356 1791 κεδαιμόνιοι
371 1710 432 1794 μὲν
447 1708 575 1792 ἀριστοι
584 1705 754 1795 Ἑλλήνων
769 1710 853 1778 εἶναι
868 1715 1046 1784 δοκοῦντες
1060 1703 1148 1790 παρά

148 1806 387 1884 Πολυδεύκους
396 1810 451 1874 καὶ
461 1807 633 1891 Κάστορος
643 1814 851 1893 καρυατίζειν
862 1806 1028 1893 μαθόντες
1041 1844 1078 1855 -
1092 1801 1149 1885 ἀρ’

149 1904 274 1991 χήσεως
299 1906 335 1970 δὲ
358 1906 527 1972 καὶτοῦτο
549 1902 634 1982 εἶδος
656 1908 692 1972 ἐν
711 1905 862 1990 Καρῦαις
880 1911 938 1989 τῆς
955 1909 1153 1986 Λακωνικῆς

150 2001 393 2086 διδασκόμενον
409 2041 453 2053 -
471 1999 602 2067 ἅπαντα
624 2000 707 2086 μετὰ
727 2010 881 2069 Μουσῶν
903 2007 1057 2068 ποιοῦσιν
1077 1997 1152 2083 ἀχρι

149 2109 210 2169 τοῦ
226 2098 479 2190 πολεμείνπρός
498 2097 603 2167 αῦλόν
619 2101 674 2167 καὶ
694 2097 830 2184 ῥυθμόν
844 2102 898 2166 καὶ
919 2097 1077 2165 εῦτακτον
1093 2101 1153 2178 ἒμ-

150 2208 250 2287 βασιν
265 2204 325 2266 τοῦ
342 2198 460 2275 ποδός·
488 2199 544 2264 καὶ
563 2194 600 2264 τό
622 2203 756 2280 πρῶτον
772 2197 930 2284 σύνθημα
943 2199 1153 2277 Λακεδαιμο-

149 2304 233 2373 νίοις
246 2293 328 2376 πρός
342 2294 405 2379 τὴν
424 2294 532 2380 μάχην
550 2290 569 2359 ὀ
585 2291 687 2371 αῦλός
704 2298 865 2363 ἐνδίδωσι.
897 2300 1077 2381 τοιγαροῦν
1099 2294 1152 2359 καὶ

149 2395 313 2476 ἐκράτουν
324 2392 482 2461 ἀπάντων
492 2400 654 2477 μουσικῆς
663 2390 777 2470 αῦτοίς
787 2396 842 2461 καί
853 2391 1037 2478 εὐρυθμίας
1047 2390 1153 2477 ἡγου-

81 2502 134 2556 274
151 2493 260 2577 μένης.
293 2493 377 2566 ίδοις
391 2486 424 2555 δ’
442 2484 486 2555 ἀν
503 2495 570 2555 νῦν
589 2492 637 2554 ἔτι
656 2491 711 2555 καὶ
726 2487 805 2567 τοῦς
819 2490 966 2576 ἐφήβους
986 2487 1097 2555 αῦτων
1111 2483 1152 2553 οῦ

150 2602 245 2675 μείου
260 2584 431 2672 ὀρχεῖσθαι
452 2583 474 2673 ἦ
494 2584 696 2672 ὁπλομαχεῖν
709 2589 960 2672 μανθάνοντας·
990 2585 1070 2654 ὅταν
1086 2581 1150 2668 γάρ

151 2683 474 2772 ἀκροχειρισάμενοι,
495 2685 551 2753 καί
570 2690 747 2763 παίσαντες
763 2686 818 2753 καλ
838 2687 1036 2762 παισθέντες
1054 2686 1090 2750 έν
1104 2688 1150 2769 τῷ

151 2787 253 2869 μέρει,
268 2782 472 2866 παῦσωυται,
491 2787 537 2859 είς
551 2780 689 2868 ὄρχησιν
701 2781 811 2861 αὐτοῖς
824 2780 845 2869 ἡ
863 2782 990 2869 ἀγωνία
1005 2786 1150 2866 τελευτᾷ.

151 2883 206 2949 καὶ
220 2878 363 2968 αὐλητὴς
378 2879 440 2966 μὲν
456 2882 492 2947 έν
507 2886 552 2969 τῷ
566 2884 655 2971 μέσφ
671 2882 815 2967 κάθηται
830 2884 985 2950 ἐπαυλῶν
1002 2882 1056 2947 καὶ
1071 2903 1153 2945 κτυ-

151 2985 225 3045 πῦυ
240 2985 285 3067 τῷ
302 2981 394 3060 ποδί,
410 2983 444 3045 οἱ
455 2978 491 3044 δὲ
505 2977 587 3045 κατά
599 2994 730 3066 στοῖχον
741 2978 895 3065 ἀλληλοις
906 2978 1062 3063 ἑπόμενοι
1073 2974 1152 3060 σχή-

150 3102 236 3161 ματα
256 3088 396 3142 παντοία
411 3078 654 3144 ἐπιδείκνυνται
677 3076 761 3163 πρὸς
775 3074 911 3164 ῥυθμόν
930 3080 1152 3162 ἐμβαίνοντες,

151 3173 224 3257 ἀρτι
238 3176 300 3260 μὲν
311 3176 483 3259 πολεμικά,
498 3172 569 3260 μετ’
586 3173 700 3260 ὀλίγον
712 3178 748 3243 δὲ
758 3174 944 3262 χορευτικά,
962 3171 984 3239 ἀ
993 3173 1152 3260 Διονύσῳ
1240 3204 1244 3213 ’

150 3275 205 3338 καὶ
215 3270 391 3359 Ἀφροδίτη
406 3280 507 3355 φίλια.
541 3279 590 3342 11.
617 3282 797 3360 τοιγαροῦν
812 3276 866 3341 καὶ
877 3271 914 3340 τό
931 3265 1036 3360 ᾆσμα,
1061 3268 1153 3355 δμε-

150 3366 230 3447 ταξῦ
245 3368 443 3454 ὀρχούμενοι
459 3369 616 3457 ᾅδουσιν,
627 3371 822 3456 Ἀφροδίτης
836 3374 1002 3456 ἐπίκλησίς
1015 3374 1083 3437 ἐστι
1097 3370 1149 3435 καλ
