2575 3842
19 114 26 203 δ
313 173 558 232 ΛΛΗΘΟΤΣ
580 175 825 235 ΙΣΤΟΡΙΑΣ
842 182 880 242 Α.
1064 177 1106 240 33

22 335 30 366 ¹
93 329 305 414 νησαντεςδ
329 324 393 397 οὖν
414 332 611 420 προῄειμεν·
641 331 737 399 ούπω
758 334 795 401 δὲ
818 335 906 405 πολύ
922 340 1106 428 παρῄειμεν

22 456 27 471 ·
91 455 145 496 και
134 428 371 513 ἐφιστάμεθα
381 453 517 519 ποταμηι
504 428 626 496 ο”ῖνον
637 430 782 518 ῥέοντι
767 435 951 526 ομοιοτάτω
963 438 1105 522 μάλιστα

21 500 27 577 1¹
92 521 260 608 οἷόσπερ“
246 551 263 590 ο
281 525 361 604 Χῖός
376 528 474 593 έστιν.
500 524 660 610 ἀφθονον
670 521 741 594 δέ
717 555 762 613 ην
773 555 809 595 το
800 526 929 615 ῥεῦμα
939 535 995 600 καὶ
1004 535 1103 618 πολύ,

93 621 177 740 βστε
193 628 328 710 ένιαχον
314 627 394 693 καὶ
410 633 619 710 ναυσίπορον
631 623 716 692 εἶναι
731 627 911 695 δύνασθαι.
934 630 1079 718 ἐπῄει’
1040 657 1104 698 ουν

91 719 169 807 ημῖν
185 720 274 790 πολύ
288 730 415 809 μᾶλλον
429 722 600 790 πιστεύειν
616 749 662 813 τφ
648 725 726 792 ἐπὶ
737 733 794 810 τῆς
807 725 928 812 στήλης
942 729 1104 814 ἐπιγράμ-

17 829 18 858 ³
92 847 168 904 ματι
184 817 288 903 ὁρῶσι
304 819 344 888 τά
360 836 477 908 σημεῖα
491 829 548 907 τῆς
559 791 736 890 Διούύσον
747 827 928 910 ἐπιδημίας.
952 828 1054 906 δόξαν
1068 830 1105 893 δέ

17 963 18 966 =
91 945 146 1003 μοι
158 917 236 986 καὶ
224 917 341 986 όθεν”
320 945 453 1005 αρχεται
465 917 482 986 ὁ
497 917 643 1004 ποταμὸς
656 923 905 1009 καταμαθεῖν,’
885 925 1001 1012 ανῄειν
1013 922 1103 1008 παρά

91 1041 126 1082 το
115 1013 272 1142 ῥεύμα,
290 1018 345 1084 καὶ
356 1014 468 1102 πηγὴν
479 1017 542 1102 μὲν
554 1011 767 1103 οὐδεμίαν
727 1045 829 1105 ευρου
841 1020 963 1108 αὐτοῦ,
980 1019 1105 1099 πολλάς

91 1115 127 1180 δὲ
142 1140 198 1180 και
188 1114 355 1232 μεγάλας
365 1113 543 1201 ἀμπέλους,
559 1115 696 1233 πλήρεις
707 1119 873 1204 βοτρύων,
890 1144 980 1207 παρα
968 1117 1078 1187 δὲ
1032 1145 1105 1239 την

90 1214 219 1302 βίζαν’
202 1213 340 1298 εκάστης
357 1211 492 1299 ἀπέρρει
514 1211 646 1300 σταγών
662 1223 759 1282 οἶνον
777 1215 997 1302 διανγοῦς,’
978 1215 1040 1302 αφ’
1056 1209 1105 1283 οἷν

90 1309 255 1396 έγίνετοὸ
278 1312 432 1397 ποταμός.
464 1305 508 1397 ἦν
527 1311 563 1378 δὲ
587 1313 641 1378 καὶ
667 1318 765 1397 ἰχθῦς
787 1317 824 1381 ἐν
847 1312 937 1404 αὐτῷ
958 1311 1104 1390 πολλούς

90 1415 191 1494 ἰδεῖν,
209 1419 300 1501 ολνφ,
305 1411 447 1496 μάλιστα
462 1413 517 1478 καὶ
532 1406 594 1496 την
607 1410 714 1495 χρόαν
726 1414 780 1479 καὶ
793 1410 855 1499 τὴν
865 1420 983 1498 γεῦσιν
997 1431 1102 1496 προσ·
1119 1427 1154 1484 76

91 1508 258 1586 εοικότας·
278 1505 372 1594 ἡμεῖς
387 1517 473 1594 γοῦν
494 1505 719 1593 ἀγρεύσαντες
737 1506 850 1576 αύτοῑν
866 1537 959 1588 τινας
974 1512 1029 1576 καὶ
1046 1510 1105 1593 έμ-

91 1609 258 1696 φαγόντες
273 1608 529 1694 ἐμεθύσθημεν·
551 1605 664 1693 ἀμέλει
678 1610 733 1676 καὶ
747 1607 967 1696 ἀνατεμόντες
981 1605 1105 1684 αύτούς

93 1705 293 1826 εύρίσκρμεν
307 1704 429 1792 τρυγὸς
444 1707 596 1793 μεστούς.
620 1705 764 1826 ὕστερον
778 1711 892 1793 μέντοι
905 1705 1105 1792 ἐπινοήσαν-

92 1831 143 1884 τες
167 1802 247 1882 τούς
267 1804 389 1882 ἀλλους
410 1810 524 1889 ἰχθύς,
551 1800 631 1884 τούς
660 1801 810 1872 ἀπὸτοῦ
829 1803 967 1888 ὕδατος,
996 1828 1105 1891 παρα-

93 1903 272 1989 μιγνύντες
279 1899 549 1987 ἐκεραυνυμεντο
559 1900 985 1988 σφοδρδντῆςοίνοφαγίας.
994 1909 1022 1972 8.
1031 1901 1105 1968 τότε

92 1998 179 2068 66
143 2027 207 2068 τον
222 1997 373 2086 ποταμὸν
388 1992 703 2085 διαπεράσαντες,
680 2027 706 2122 η
717 1998 904 2118 διαβατὸς’
885 2028 945 2118 ην,
961 1997 1105 2084 εὕρομεν

92 2099 252 2186 ἀμπέλων
267 2106 375 2221 χρῆμα
392 2097 582 2184 τεράστιον
612 2093 649 2164 τὸ
671 2099 733 2183 μὲν
748 2095 813 2182 γάρ
835 2094 900 2163 άπδ
915 2103 973 2180 τῆς
987 2101 1103 2180 γῆς,ο

92 2195 300 2284 στέλεχος’
259 2195 360 2276 αυτδς
382 2195 520 2284 εὐερνὴς
537 2199 591 2264 καὶ
606 2197 729 2282 παχύς,
750 2193 786 2262 τό
810 2193 885 2262 66''
863 2220 934 2260 ανω
949 2205 1106 2278 γυναῖκες

92 2291 196 2385 ἦσαν,
212 2294 294 2364 ὅσον
305 2299 341 2364 ἐκ
355 2303 423 2364 τῶν
439 2295 593 2382 λαγόνων
608 2293 740 2362 άπαντα
751 2300 885 2380 ἔχουσαι
896 2296 1012 2360 τέλεια.
1035 2316 1106 2358 τοι·Ι

92 2398 201 2484 αύτην
213 2393 293 2481 παρ’
304 2393 385 2481 ἡμῖν
394 2392 456 2480 την
466 2395 614 2480 Δάφνην
624 2395 816 2481 γράφουσιν
826 2393 901 2479 ἀρτι
912 2397 972 2460 τού
986 2388 1107 2456 Ἀπόλ-

93 2508 202 2575 λωνος
221 2493 535 2580 καταλαμβάνοντος
550 2490 878 2579 ἀποδενδρουμένην.
909 2487 974 2559 ἀπό
992 2491 1027 2556 δὲ
1039 2496 1106 2556 τῶν

93 2593 309 2721 δακτύλωΝ
287 2620 401 2678 ακρων
416 2591 597 2718 ἐξεφύοντρ
612 2589 727 2669 αύταις
743 2596 777 2658 οἱ
789 2591 907 2659 κλάδοι
925 2589 980 2657 καὶ
993 2590 1106 2674 μεστοὶ

92 2691 179 2784 ἦσαν
196 2692 360 2781 βοτρύων.
384 2695 438 2759 καὶ
454 2689 521 2776 μην
535 2687 660 2767 καὶτὰς
674 2687 822 2774 κεφαλὰς
836 2689 967 2774 ἐκόμων
981 2690 1065 2765 ἕλιξί
1071 2711 1106 2751 τε

95 2800 150 2865 καὶ
169 2795 311 2882 φύλλοις
325 2793 381 2858 καὶ
397 2790 547 2876 βότρυσι.
580 2787 831 2872 προσελθόντας
847 2785 915 2854 66
899 2794 984 2872 ημάς
997 2783 1106 2871 ησπά-

96 2895 192 2977 ζοντό
208 2921 244 2961 τε
260 2893 316 2959 καὶ
331 2893 536 2973 ἐδεξιοῦντο,
559 2891 596 2955 ac
609 2887 671 2972 μὲν
685 2887 872 2972 Λύδιον,α
852 2886 940 2953 αἰδὲ
953 2881 1106 2967 Ἰνδικήν,

95 3022 127 3063 αι
119 3001 293 3062 ’πλεῖσται
308 2991 344 3056 δὲ
364 2987 426 3073 την
439 2985 580 3055 Ἑλλάδα
597 2984 717 3074 φωνην
735 2990 937 3072 προϊέμεναι.
960 2985 1016 3051 καὶ
1033 2985 1108 3067 ἐφί-

95 3102 179 3161 λουν
192 3087 255 3158 66‘
238 3096 325 3175 ημᾶς
336 3102 403 3164 τοῖς
415 3087 591 3171 στόμασιν·
612 3114 629 3153 ο
617 3085 678 3154 ‘66
691 3088 845 3171 φιληθεὶς
857 3082 975 3150 αὐτίκα
986 3084 1108 3167 έμέθνε

96 3193 150 3258 καὶ
168 3188 366 3272 παράφορος
385 3178 438 3270 ἦν.
473 3188 655 3268 δρέπεσθαι
676 3187 790 3270 μέντοι
807 3179 849 3249 ού
869 3195 1028 3266 παρεῖχον
1047 3187 1110 3248 τού

95 3294 244 3374 καρποῦ,
260 3281 335 3352 ἀλλ’
349 3281 478 3368 ἤλγουν
493 3283 547 3349 καὶ
559 3283 667 3368 ἐβόων
678 3279 933 3364 ἀποσπωμένου.
958 3281 995 3344 αλ
1006 3278 1109 3345 δὲκαὶ

97 3391 283 3472 μόγννσθαι
297 3379 377 3468 ἡμῖν
392 3380 605 3464 έπεθύμονν·
629 3382 684 3447 καὶ
705 3378 767 3445 δύο
784 3379 871 3455 τινές
884 3377 1109 3525 τῶνῧὲταίρων

185 3494 290 3533 wem.
311 3477 345 3531 ΙΙ.
