2575 3842
322 188 564 247 ΑΛΗΘΟΤΣ
582 189 823 247 ΙΣΤΟΡΙΑΣ
841 192 879 248 Α.
1062 187 1104 248 39

24 357 29 364 “
96 353 322 432 συγκείμενοι·
345 349 488 432 μέγεθος
508 350 545 416 δὲ
563 357 632 414 τῶν
653 349 715 432 μέν
729 345 924 433 ἀνθρώπων
942 347 1024 416 ὅσον
1043 353 1103 414 τοῦ

91 442 223 530 Ῥοδίων
239 451 405 512 κολοσσοῦ
426 447 458 524 ἐξ
472 443 622 531 ἡμισείας
638 448 671 524 ές
685 443 722 512 τό
740 442 826 530 ἀνω,
850 453 918 514 τῶν
940 446 975 513 δὲ
990 448 1103 512 ἵππων

94 541 175 610 ὅσον
195 540 280 621 νεός
296 541 441 628 μεγάλης
460 548 625 628 φορτίδος.
656 540 693 610 τό
711 546 824 628 μέντοι
845 552 974 631 πλῆθος
991 542 1103 612 αὐτῶν

19 696 24 705 .
93 637 155 706 ούκ
172 637 363 726 ἀνέγραψα,
384 640 428 725 μή
449 666 494 731 τῳ
512 642 566 708 καὶ
587 640 728 708 ἀπιστον
746 641 842 728 δόξη,
866 647 1029 708 τοσοῦτον
1048 632 1100 724 ἦν.
1116 658 1150 711 85

92 735 202 822 ἡγεῖτο
227 739 264 805 δὲ
284 735 396 804 αὐτῶν
418 735 434 804 ὁ
459 741 495 804 έκ
519 745 579 805 τοῦ
600 743 775 806 Ζωδιακοῦ
797 739 940 824 τοξότης.
975 740 1045 806 ἐπεὶ
1067 737 1103 804 δὲ

93 833 241 921 ᾔσθοντο
261 833 341 912 τούς
361 841 480 919 φίλους
502 837 758 921 νενικημένους,
786 838 838 904 ἐπὶ
855 835 917 921 μὲν
938 833 999 903 τόν
1014 836 1104 901 Φαέ-

92 943 199 999 θοντα
221 936 371 1016 ἔπεμπον
392 929 549 1016 ἀγγελίαν
569 926 672 1010 αύθις
693 935 837 1019 ἐπιέναι,
863 931 957 1001 αὐτοὶ
977 935 1014 1000 δὲ
1029 936 1102 999 δια-

91 1029 271 1114 ταξάμενοι
291 1030 547 1113 τεταραγμένοις
573 1031 784 1097 ἐπιπίπτουσι
804 1044 872 1108 τοίς
895 1036 1101 1115 Σεληνίταις,

90 1123 246 1202 ἀτάκτοις
261 1127 337 1209 περὶ
357 1122 419 1209 τὴν
439 1129 551 1203 δίωξιν
569 1129 623 1193 καί
643 1123 684 1193 τά
710 1125 848 1213 λάφυρα
868 1128 1103 1211 διεσκεδασμέ-

90 1248 180 1300 νοις·
207 1225 262 1290 καί
277 1222 405 1300 πάντας
421 1223 483 1308 μέν
497 1225 693 1309 τρέπουσιν,
718 1221 823 1291 αὐτόν
839 1224 875 1292 δέ
890 1223 950 1291 τόν
965 1225 1103 1311 βασιλέα

90 1320 337 1388 καταδιώκουσι
348 1317 432 1406 πρός
443 1317 505 1406 τήν
513 1320 613 1387 πόλιν
623 1319 725 1406 καλτά
742 1329 877 1389 πλείστα
893 1329 962 1388 τάν
973 1317 1102 1404 ὀρνέων

92 1416 197 1485 αὐτοῦ
210 1424 415 1486 κτείνουσιν·
427 1415 619 1484 ἀνέσπασαν
630 1419 731 1486 δὲκαὶ
741 1417 781 1486 τά
791 1420 932 1505 τρόπαια
941 1419 996 1485 καὶ
1006 1419 1102 1484 κατέ-

91 1520 222 1600 δραμον
238 1513 328 1581 άπαν
349 1512 386 1582 τό
405 1512 471 1582 ὑπό
494 1521 562 1581 των
578 1512 734 1601 ἀραχνῶν
756 1521 872 1583 πεδίον
892 1514 1101 1602 ὑφασμένον,

90 1612 146 1698 ἐμὲ
167 1615 203 1678 δέ
225 1614 278 1678 καὶ
300 1613 361 1680 δύο
382 1610 475 1690 τινάς
496 1619 565 1679 τῶν
588 1613 728 1698 ἑταίρων
748 1613 946 1700 ἐζώγρησαν.
978 1611 1041 1700 ἤδη
1064 1613 1100 1680 δὲ

89 1717 203 1796 παρῆν
217 1713 272 1778 καὶ
294 1709 312 1778 ὁ
327 1715 474 1780 Φαέθων
488 1713 543 1778 καλ
563 1709 647 1779 ἀλλα
662 1704 764 1789 αὖθις
778 1711 920 1797 τρόπαια
940 1709 998 1778 ὑπ’
1015 1714 1100 1779 έκεί-

89 1835 162 1876 νων
178 1811 301 1876 ἵστατο.
323 1808 416 1895 ἡμεῖς
430 1810 491 1896 μέν
502 1802 567 1878 ούν
578 1807 778 1895 ἀπηγόμεθα
790 1811 822 1886 ἐς
835 1809 895 1876 τὸν
904 1807 1021 1875 Ἥλιον
1037 1805 1099 1875 αύ-

88 1903 244 1991 θημερόν
257 1903 303 1973 τά
318 1921 404 1992 χεῖρε
416 1904 521 1974 ὀπίσω
533 1909 688 1983 δεθέντες
705 1903 864 1992 ἀραχνίου
878 1903 1096 1990 ἀποκόμματι.

90 2009 140 2071 19.
160 2006 194 2070 οί
209 2004 244 2070 δὲ
266 2013 457 2090 πολιορκεῖν
474 2008 535 2091 μὲν
550 2003 613 2072 οὐκ
629 2011 782 2090 ἔγνωσαν
801 2002 863 2089 τήν
878 1996 992 2086 πόλιν,
1017 2001 1100 2070 ἀνα-

90 2105 291 2188 στρέψαντες
311 2104 347 2169 δὲ
367 2101 404 2171 τό
426 2103 548 2190 μεταξύ
567 2109 629 2172 τοῦ
653 2100 750 2184 ἀέρος
771 2099 988 2186 ἀπετείχιζον,
1017 2099 1100 2167 ὥστε

89 2204 206 2288 μηκέτι
216 2198 275 2279 τάς
286 2200 391 2287 αάγάς
405 2201 470 2271 ἀπό
486 2212 547 2271 τοῦ
555 2201 671 2270 Ἡλίου
686 2198 770 2287 πρός
779 2198 841 2287 τήν
855 2200 1012 2285 Σελήνην
1026 2199 1101 2283 διή-

88 2327 171 2369 κειν.
195 2296 233 2367 τό
249 2301 285 2367 δέ
298 2315 403 2386 τεῖχος
417 2295 462 2388 ἦν
477 2305 637 2387 διπλοῦν,
655 2300 862 2387 νεφελωτόν·
892 2298 974 2367 ὥστε
991 2295 1100 2383 σαφής

89 2407 236 2480 ἔκλειψις
250 2405 308 2486 τῆς
324 2400 475 2486 Σελήνης
496 2400 642 2484 ἐγεγόνει
660 2402 715 2467 καλ
735 2400 830 2466 νυκτὶ
851 2403 997 2485 διηνεκεῖ
1010 2405 1099 2466 πᾶσα

89 2503 265 2584 κατείχετο.
299 2492 489 2582 πιεζόμενος
512 2497 548 2564 δέ
570 2499 701 2576 τούτοις
724 2495 742 2565 ὁ
764 2494 948 2583 Ἐνδυμίων
969 2500 1100 2582 πέμψας

89 2601 218 2667 ίκέτευε
232 2607 410 2681 καθαιρεῖν
423 2592 461 2662 τό
484 2596 690 2683 οἰκοδόμημα
704 2599 759 2664 καί
773 2594 817 2682 μή
833 2603 921 2682 σφᾶς
937 2603 1099 2680 περιορᾶν

89 2700 126 2765 έν
147 2695 257 2785 σκότῳ
277 2694 506 2782 βιοτεύοντας,
527 2691 718 2780 ὑπισχνεῖτο
734 2696 771 2763 δέ
789 2697 845 2764 καί
865 2696 994 2782 φόρους
1009 2694 1099 2761 τελέ-

90 2815 163 2864 σειν
177 2795 233 2861 καὶ
253 2792 424 2878 σύμμαχος
443 2797 580 2860 ἔσεσθαι
597 2797 652 2861 καὶ
673 2796 788 2880 μηκέτι
804 2795 1004 2880 πολεμήσειν
1010 2785 1099 2875 ,καὶ

89 2892 239 2981 ὁμήρους
252 2893 305 2959 έπὶ
321 2890 453 2968 τούτοις
467 2895 587 2958 δοῦναι
601 2891 732 2978 ήθελεν.
760 2898 794 2962 οί
806 2894 842 2961 δὲ
854 2897 928 2978 περὶ
938 2889 998 2958 τόν
1011 2891 1100 2958 Φαέ-

88 3002 196 3060 θοντα
212 2991 395 3075 γενομένης
414 2989 463 3066 δὶς
479 2990 652 3075 ἐκκλησίας
671 2999 711 3080 τῇ
726 2997 907 3078 προτεραίᾳ
921 2988 983 3075 μὲν
999 2983 1100 3054 οὐδὲν

88 3093 283 3175 παρέλυσαν
296 3093 354 3172 τῆς
369 3083 485 3173 ὀργῆς,
507 3094 547 3174 τῇ
566 3087 725 3177 ὑστεραίᾳ
747 3088 783 3155 δέ
798 3090 1025 3174 μετέγνωσαν,
1044 3087 1097 3152 καλ
1114 3096 1148 3152 86

88 3190 218 3274 ἐγένετο
233 3182 253 3271 ἡ
270 3184 385 3271 εἰρήνη
400 3187 452 3252 ἐπὶ
469 3185 608 3265 τούτοις.
641 3194 691 3255 20.
709 3182 815 3272 ,,κατά
832 3183 911 3252 τάδε
926 3182 1099 3269 συνθήκας

87 3286 287 3373 ἐποιήσαντο
303 3289 337 3351 oi
345 3280 499 3350 Ἡλιῶται
515 3287 570 3352 καὶ
586 3290 620 3353 οί
633 3285 798 3372 σύμμαχοι
815 3281 900 3368 πρός
916 3290 1099 3369 Σεληνίτας
1219 3309 1224 3314 ·

86 3388 140 3454 καλ
154 3380 235 3461 τούς
251 3380 462 3468 συμμάχους,
479 3385 531 3451 ἐπὶ
545 3390 592 3474 τῷ
609 3391 790 3451 καταλῦσαι
805 3383 868 3470 μὲν
888 3380 967 3460 τούς
978 3379 1100 3449 Ἡλιά·
