2575 3842
195 191 259 258 384
550 197 857 256 ΛΟΥΚΙΑΝΟΤ

197 347 272 440 οῦν,
283 353 377 422 εἷπον
389 355 463 442 ἐγύ,
475 353 549 424 ἀλλ’
564 359 772 424 ἐπαινέσεταί
780 373 828 440 σε,
839 350 885 440 ἢν
894 365 980 423 ολκοι
993 353 1089 441 παρά
1101 365 1220 448 σαυτῷ

198 460 325 539 μᾶλλον
339 451 526 520 ἀποθανεῖν
538 455 655 540 ἐθέλης
665 450 749 536 ἤπερ
762 453 799 518 ἐν
810 458 856 540 τῷ
870 459 1045 543 συμποσίῳ
1058 472 1221 522 συνανα-

197 550 427 638 χρεμψάμενος
436 547 497 636 τὴν
505 548 617 636 ψυχὴν
628 546 709 635 μετά
720 555 781 615 τοῦ
793 551 988 634 φλέγματος.
1007 554 1146 629 ἐκεῖνος
1157 552 1219 638 μὲν

199 641 262 716 ούν
274 645 341 715 ῦπό
353 649 651 734 μεγαλοφροσύνης
660 645 703 714 ού
715 661 944 729 προσεποιεῖτο
956 647 1147 732 ἀκηκοέναι
1158 656 1219 716 τοῦ

198 749 409 833 σκώμματος·
432 747 602 830 ἐφίσταται
618 745 655 812 δὲ
671 741 752 830 μετά
766 741 890 828 μικρὸν
898 742 1077 831 Εὐκράτης
1091 755 1218 814 λελου-

198 848 297 929 μένος
312 843 366 909 καλ
382 839 464 909 ίδάν
479 839 540 908 τόν
555 841 767 927 Θεσμόπολιν
783 879 820 892 -
840 847 939 908 τοῦτο
955 840 1021 928 γὰρ
1035 841 1053 909 ὁ
1070 843 1218 927 φιλόσο-

199 966 263 1026 φος
277 944 421 1008 ἐκαλεῖτο
434 980 476 990 -
486 939 696 1024 Διδάσκαλε,
712 945 832 1023 φησίν,
848 932 887 1006 εὖ
902 940 964 1025 μὲν
979 942 1143 1024 ἐποίησας
1153 939 1217 1006 αύ-

198 1036 254 1116 τός
264 1037 358 1124 ἥκων
368 1035 449 1121 παρ’
461 1034 558 1123 ἡμᾶς,
571 1033 614 1103 οῦ
624 1050 719 1120 μεῖον
730 1033 761 1102 δ’
773 1034 817 1102 άν
826 1063 857 1104 τι
868 1039 1009 1122 ἐγένετο,
1022 1038 1080 1104 καὶ
1089 1034 1216 1104 ἀπόντι

198 1136 264 1223 γάρ
275 1135 405 1204 ἅπαντα
417 1137 488 1221 ἕξης
500 1133 682 1202 ἀπέσταλτο
692 1133 751 1200 ἀν·
772 1135 827 1201 καὶ
838 1132 906 1219 άμα
920 1135 1027 1218 λέγων
1039 1135 1134 1222 ἐσῄει
1146 1160 1216 1218 χει-

199 1243 362 1322 ραγωγῶν
381 1234 441 1303 τόν
458 1234 670 1320 Θεσμόπολιν
691 1232 946 1316 ἐπερειδόμενον
962 1233 1017 1300 καὶ
1036 1248 1107 1311 τοῖς
1122 1238 1215 1301 οἰκέ-
1270 1258 1272 1301 ι

199 1360 278 1412 ταις.
302 1340 351 1403 11.
368 1331 433 1419 έγοδ
444 1334 507 1419 μὲν
518 1325 582 1399 οὖν
592 1329 726 1398 ἀπιέναι
736 1329 1041 1415 παρεσκευαζόμην,
1059 1327 1130 1396 ὁδὲ
1143 1334 1213 1398 ε’πι-

131 1447 182 1505 718
201 1433 355 1516 στραφεὶς
372 1433 425 1498 καλ
437 1433 489 1498 ἐπὶ
500 1427 587 1498 πολύ
599 1428 791 1514 ἐνδοιάσας,
807 1430 880 1494 ἐπεί
891 1453 932 1513 με
943 1428 1035 1494 πάνυ
1049 1437 1213 1512 σκυθρω-

199 1531 264 1599 πόν
283 1529 365 1617 εἶδε,
385 1531 534 1614 Πάριθι,
552 1534 633 1614 έφη,
659 1531 714 1596 καὶ
730 1529 790 1614 σύ,
816 1520 1028 1612 ύΜίκυλλε,
1049 1530 1106 1594 καὶ
1128 1548 1213 1594 συν-

200 1635 325 1697 δείπνει
346 1625 424 1711 μεθ’
449 1623 562 1712 ἡμῶν·
592 1625 654 1694 τὸν
674 1625 750 1694 υίόν
770 1624 835 1712 γάρ
857 1623 921 1710 ἐγω
941 1624 1090 1692 κελεύσω
1112 1627 1154 1691 ἐν
1173 1631 1212 1712 τῇ

199 1726 448 1814 γυναικωνίτιδι
463 1719 543 1808 μετά
558 1730 615 1808 τῆς
632 1721 756 1809 μητρός
771 1725 962 1809 ἑστιᾶσθαι,
978 1720 1023 1800 ὡς
1038 1720 1082 1789 σῦ
1097 1723 1209 1808 χοόραι

201 1829 294 1909 έχοις.
318 1819 430 1911 έσηειν
444 1813 508 1888 οῦν
522 1821 631 1908 μάτην
648 1823 749 1899 λύκος
764 1819 878 1906 χανάν
892 1817 982 1904 παρὰ
998 1820 1138 1906 μικρόν,
1163 1826 1203 1886 ab

202 1917 406 2008 σχυνόμενος
422 1915 474 1986 ότι
490 1920 632 1987 ἐδόκουν
649 1920 879 2003 ἐξεληλακέναι
892 1925 953 1985 τοῦ
968 1924 1163 2002 συμποσίου
1178 1916 1210 1984 τό

201 2023 335 2086 παιδίον
351 2024 413 2085 τοῦ
425 2014 631 2100 Εὐκράτους.
660 2013 800 2102 κάπειδὴ
816 2024 1075 2084 κατακλίνεσθαι
1095 2014 1213 2101 καιρός

202 2110 261 2201 ἦν,
276 2118 480 2200 πρῶτονμὲν
494 2113 657 2201 ἀράμενοι
672 2111 840 2182 ἀνέθεσαν
850 2112 912 2182 τόν
923 2115 1136 2199 Θεσμόπολιν
1151 2113 1216 2181 οῦκ

203 2213 425 2299 ἀπραγμόνως
446 2209 491 2298 μά
512 2220 580 2281 Δία
600 2214 698 2280 πέντε
716 2210 807 2298 οἶμαι
826 2219 996 2279 νεανίσκοι
1019 2209 1217 2296 εὐμεγέθεις

203 2310 388 2396 ὑπαυχένια
399 2311 638 2398 περιβύσαντες
649 2308 740 2400 αὐτῷ
751 2311 939 2394 πάντοθεν,
956 2306 1000 2388 ὡς
1011 2312 1167 2394 διαμένοι
1180 2311 1216 2375 έν

203 2416 248 2498 τῷ
263 2408 402 2494 σχήματι
417 2411 472 2476 καὶ
488 2411 540 2476 εἰιὶ
556 2406 642 2476 πολύ
659 2421 832 2492 καρτερεῖν
848 2408 994 2476 δύναιτο.
1024 2406 1092 2475 εἶτα
1108 2412 1215 2493 μηδε-

203 2503 262 2582 νὸς
272 2502 474 2590 ἀνεχομένου
486 2512 626 2590 πλησίον
634 2514 850 2573 κατακεῖσθαι
861 2503 967 2573 αύτοῦ
975 2507 1031 2592 ἐμὲ
1040 2504 1215 2574 ὑποκατα-

204 2609 356 2670 κλίνουσι
370 2606 544 2687 φέροντες,
563 2599 606 2680 ως
624 2601 842 2688 ὁμοτράπεζοι
859 2613 981 2689 είημεν.
1005 2603 1214 2673 τούντεῦθεν

204 2701 438 2784 ἐδειπνοῦμεν,
463 2691 490 2766 ό
508 2701 713 2788 Πυθαγόρα,
739 2701 914 2782 πολύοψόν
932 2728 964 2769 τι
984 2705 1039 2770 καλ
1058 2709 1214 2770 ποικίλον

204 2801 342 2864 δεῖπνον
359 2799 411 2866 ἐπὶ
425 2805 551 2883 χρυσοῦ
565 2807 694 2866 πολλοῦ
707 2801 761 2866 καὶ
775 2795 945 2884 ἀργύρου·
968 2804 1022 2867 καὶ
1034 2800 1213 2884 ἐκπώματα

204 2887 247 2980 ἦν
264 2903 371 2979 χρυσοῖ
384 2899 440 2963 καὶ
451 2894 601 2964 διάκονοι
618 2893 733 2981 ὡραῖοι
748 2898 802 2963 καὶ
816 2898 1024 2981 μουσουργοὶ
1037 2898 1092 2964 καὶ
1106 2905 1212 2981 γελω-

203 2992 330 3059 τοποιοὶ
342 2993 479 3078 μεταξύ,
495 2997 549 3062 καλ
564 2993 650 3073 ὅλως
659 2992 775 3080 ἡδίστη
790 3020 839 3072 τις
847 2987 893 3080 ἦν
903 2992 924 3081 ἡ
936 2995 1105 3083 διατριβή,
1123 2994 1211 3080 πλὴν

204 3085 278 3156 ἀλλ’
296 3090 350 3174 ἐμὲ
372 3091 483 3157 ἐλύπει
504 3089 545 3158 ού
562 3099 701 3178 μετρίως
723 3089 740 3159 ὁ
762 3092 970 3177 Θεσμόπολις
991 3095 1137 3177 ἐνοχλῶν
1157 3092 1210 3158 καὶ

135 3201 186 3258 719
206 3185 327 3273 ἀρετήν
336 3215 410 3256 τινα
421 3191 504 3273 πρός
515 3217 555 3277 με
567 3189 697 3271 διεξιών
708 3194 762 3259 καὶ
774 3191 942 3258 διδάσκων
952 3189 996 3270 ὡς
1006 3196 1043 3258 αλ
1051 3190 1114 3257 δύο
1126 3185 1209 3256 ἀπο-

205 3284 321 3366 φάσεις
334 3292 414 3368 μίαν
427 3287 617 3376 κατάφασιν
632 3286 830 3356 ἀποτελοῦσι
845 3291 900 3356 καὶ
912 3287 956 3367 οἱς
971 3293 1002 3356 εί
1012 3284 1118 3373 ἡμέρα
1132 3288 1208 3369 ἐστι’,

205 3375 266 3452 νύξ
284 3377 345 3446 οῦκ
366 3387 471 3469 ἔστιν,
494 3388 597 3454 ἐνίοτε
618 3387 655 3452 δὲ
669 3388 725 3455 καὶ
744 3387 866 3472 κέρατα
883 3393 1029 3472 ἔφασκεν
1044 3382 1132 3451 εἷναί
1143 3409 1200 3471 μοι
