2575 3842
169 187 230 254 294
523 189 827 248 AOPKIANOY

168 352 235 438 ίδίμ
251 349 393 414 ἕκαστον
408 349 459 414 ἐπὶ
471 353 517 434 τῷ
529 348 640 429 κέρδει
652 347 853 413 κλωπεύειν·
876 352 907 414 εί
921 350 958 414 δέ
966 374 1016 426 τις
1029 345 1180 417 ἁλίσκοι·
1277 332 1279 443 ὑ

167 471 221 531 το,
249 442 353 513 αὐτὸν
370 446 407 511 σὲ
428 444 548 528 κύριον
567 442 652 510 εἶναι
667 445 834 524 κολάζειν·
864 444 1044 530 ταῦταμὲν
1059 447 1179 513 ἐκείνοι

168 542 416 610 ἐπεστάλκασιν.
447 545 497 610 50.
515 539 580 626 έγοδ
598 543 633 608 δὲ
655 543 796 627 μηνύσω
816 563 869 610 σοι
888 542 1037 628 μεγάλην
1053 546 1180 628 ἔφοδον
1278 594 1279 645 η

168 643 330 726 ἐσομένην
355 637 411 725 ἐφ’
434 637 519 724 ὑμᾶς
540 634 599 705 ὑπ’
622 635 811 724 Ἀρσακόμα
832 646 893 706 τοῦ
915 640 1113 725 Μαριάντα,
1143 637 1180 718 ὃς
1278 652 1279 659 ’

168 739 346 824 ἐπρέσβευε
361 736 478 826 πρῴην
493 732 583 818 παρά
599 736 636 802 σὲ
652 742 710 803 καί
714 786 722 819 ,
739 733 847 820 οἶμαι,
866 737 951 804 διότι
967 737 1103 823 αἰτήσας
1117 733 1179 822 τήν

167 838 339 918 θυγατέρα
361 832 423 901 οὐκ
441 839 533 918 ἔτυχε
556 829 647 918 παρά
667 838 749 917 σοῦ,
779 830 961 918 άγανακτεῑ
976 836 1031 902 καὶ
1049 834 1102 902 ἐπὶ
1124 842 1180 919 της
1279 856 1280 867 ’

168 932 295 1020 βύρσης
306 930 453 1018 ἑβδόμην
462 929 526 1017 ήδη
537 927 664 1017 ἡμέραν
679 930 824 1015 κάθηται
838 932 892 998 καὶ
904 937 1066 1018 συνῆκται
1077 952 1179 1014 στρα-

169 1027 222 1107 τδς
237 1028 299 1096 οὐκ
311 1026 422 1116 ὀλίγος
433 1027 532 1117 αὐτῷ.
545 1028 715 1114 Ἤκουσα,
727 1034 792 1114 ἔφη
803 1025 1034 1114 ὑΛευκάνωρ,
1050 1031 1104 1096 καὶ
1115 1025 1179 1094 αύ-

170 1123 223 1204 τός
240 1123 457 1209 ἀθροίζεσθαι
474 1127 620 1214 δύναμιν
638 1123 703 1194 ύπδ
722 1127 867 1213 βύρσης,
890 1125 941 1194 ὅτι
961 1129 997 1194 δέ
1020 1124 1074 1212 ἐφ’
1094 1122 1178 1211 ἡμᾶς
1278 1114 1282 1309 γ

167 1233 362 1292 συνίσταται
374 1226 428 1293 καὶ
439 1223 490 1293 ότι
505 1223 709 1311 Ἀρσακόμας
720 1222 836 1292 έστὺνὸ
847 1225 1009 1309 ἐλαύνων,
1020 1223 1177 1310 ήγνόονν.

164 1317 250 1390 Ἀλλ’
275 1323 326 1390 ἐπὶ
349 1325 402 1407 σε’,
432 1328 494 1408 ἔφη
517 1320 740 1408 ὁΛογχάτης,
766 1319 1018 1409 ήπαρασκευή·
1053 1324 1125 1407 ἐμοὶ
1143 1319 1178 1387 δὲ
1280 1326 1281 1331 ’

168 1417 288 1503 ἐχθρός
303 1417 320 1486 ὁ
335 1418 538 1505 Ἀρσακόμας
550 1422 633 1501 ἐστί,
651 1421 705 1486 καὶ
715 1417 853 1504 άχθεται
868 1421 954 1487 διότι
968 1425 1177 1505 προτιμῶμαι
1280 1338 1283 1517 ὑ

168 1512 274 1581 αὐτοῦ
289 1512 355 1581 ὑπό
377 1521 444 1580 τῶν
461 1517 663 1599 γεραιτέρων
677 1519 731 1583 καὶ
746 1513 894 1601 άμείυων
910 1515 950 1584 τά
966 1516 1075 1584 πάντα
1089 1520 1179 1582 δοκεῖ
1281 1520 1282 1553 ³

97 1623 148 1677 556
170 1609 269 1678 εἶναι·
293 1617 323 1678 εί
336 1613 374 1678 δέ
386 1638 443 1697 μοι
454 1609 611 1698 ὑπόσχοιο
627 1609 689 1698 τήν
701 1614 816 1697 ἑτέραν
831 1636 894 1680 σου
904 1617 1076 1700 θυγατέρα
1087 1622 1176 1695 Βαρ-
1281 1562 1284 1735 ὑ

168 1711 273 1789 κέτιν,
293 1706 371 1776 οὐδὲ
386 1707 425 1776 τά
441 1708 525 1778 ἄλλα
541 1707 664 1800 ἀναξίῳ
685 1707 781 1795 ὑμῶν
796 1708 884 1794 ὄντι,
904 1709 966 1779 ούκ
984 1717 1029 1790 είς
1044 1712 1176 1798 μακράν

168 1825 221 1872 σοι
235 1803 303 1891 ἥξω
315 1805 375 1892 τήν
387 1805 537 1893 κεφαλήν
551 1805 657 1874 αὑτοῦ
671 1813 824 1893 κομίζειν.
841 1805 1093 1895 ’Τπισχνοῦμαα
1112 1815 1176 1894 ἔφη

167 1900 371 1990 ὁβασιλεύς,
389 1906 477 1991 μάλα
487 1903 641 1993 περιδεής
659 1906 853 1991 γενόμενος·
877 1900 1040 1993 ε”γνωγδιρ
1052 1904 1114 1993 τήν
1125 1911 1175 1973 αἰ·
1283 1903 1285 1946 ¹

167 2009 241 2070 τίαν
256 2009 313 2088 τῆς
328 2001 428 2091 ὀργῆς
447 2011 503 2089 τῆς
518 2002 706 2092 Ἀρσακόμα
723 2001 786 2089 τήν
799 2006 851 2072 ἐπὶ
872 2011 918 2093 τῷ
932 2007 1028 2095 γάμῳ
1047 2005 1101 2072 καὶ
1116 2002 1174 2070 άλ-

168 2109 233 2179 λως
250 2099 460 2188 ὑπέπτησσεν
474 2101 525 2171 άεὶ
539 2102 617 2183 τούς
629 2104 779 2181 Σκύθας.
803 2100 869 2170 ὁδδ
881 2099 1175 2188 Λογχάτης,”ομο-

167 2222 243 2283 σον,
262 2199 370 2287 εἶπεν,
387 2192 491 2287 ήμην
508 2201 670 2288 φυλάξειν
687 2198 744 2279 τάς
760 2200 950 2287 συνθήκας,
968 2202 1051 2286 μηδὲ
1067 2197 1176 2280 ἄπαρ-

167 2298 340 2384 νήσεσθαι.
369 2298 443 2367 τότε
461 2301 523 2387 ήδη
540 2300 670 2370 τούτων
684 2301 871 2385 γινομένων
888 2305 943 2372 καὶ
959 2302 1030 2369 ἐπεὶ
1045 2297 1175 2366 άνατεί-

167 2422 227 2473 νας
241 2403 287 2475 είς
300 2395 359 2464 τόν
374 2397 522 2485 οὐρανὸν
533 2399 657 2486 ἤθελεν
671 2397 821 2485 ὀμνύειν,
836 2396 896 2484 Μή
909 2399 952 2466 σύ
965 2424 1004 2484 γε
1016 2401 1175 2480 ἐνταῦθα,

167 2492 253 2580 εἷπε,
277 2493 321 2581 μή
338 2502 397 2564 καί
414 2523 462 2575 τις
476 2496 632 2583 ὑπίδηται
648 2505 716 2565 τῶν
734 2495 894 2583 ὁρώντων
910 2494 965 2584 ἐφ’
985 2496 1051 2587 ὅτῳ
1066 2494 1176 2581 ὁρκω-

166 2599 350 2680 μοτοῦμεν,
375 2591 449 2662 ἀλλ’
468 2600 513 2673 είς
526 2592 563 2662 τό
582 2593 675 2681 ίερδν
690 2606 751 2664 τού
765 2596 879 2682 ’Ἀρεος
893 2598 985 2664 τουτί
1000 2594 1167 2663 εἰσελθόν-

165 2717 233 2778 τες,
251 2694 513 2782 ἐπικλεισάμενοι
529 2691 587 2772 τάς
601 2695 713 2780 θύρας
729 2692 926 2782 ὀμνύωμεν,
947 2691 1124 2761 ἀκουσάτω
1139 2694 1176 2760 δὲ

165 2796 295 2878 μηδείς·
319 2798 350 2861 εί
360 2793 424 2878 γάρ
440 2820 471 2861 τι
486 2793 616 2861 τούτων
627 2794 773 2862 πύθοιτο
785 2792 1006 2880 Ἀρσακόμας,
1024 2794 1114 2860 δέδια
1129 2789 1174 2877 μή

165 2892 381 2978 προθύσηταί
392 2918 433 2979 με
453 2899 514 2958 τοῦ
528 2893 677 2978 πολέμου
690 2908 783 2980 χεῖρα
803 2892 845 2960 ού
860 2892 984 2980 μικράν
999 2892 1062 2980 ἤδη
1080 2916 1176 2976 περι-

164 2994 375 3077 βεβλημένος.
411 2997 592 3076 Είσίωμεν,
615 2996 680 3078 ἔφη
695 2988 713 3058 ὁ
729 2993 903 3078 βασιλεύς,
928 2990 1021 3077 ὑμεῖς
1036 2993 1072 3059 δὲ
1089 2988 1176 3058 άπό-

164 3107 260 3173 στητε
275 3087 327 3157 ὅτι
345 3089 563 3173 πορρωτάτω·
592 3091 706 3174 μηδείς
722 3092 757 3157 δὲ
778 3094 930 3176 παρέστω
948 3094 981 3169 ἐς
995 3088 1056 3158 τόν
1074 3089 1174 3175 νεών,

164 3183 280 3254 ὅντινα
293 3184 339 3272 μή
355 3186 419 3272 ἐγώ
434 3191 573 3256 καλέσω.
600 3190 670 3256 ἐπεὶ
691 3190 726 3256 δὲ
743 3194 777 3257 οί
788 3189 850 3275 μὲν
866 3195 1042 3275 εἰσῆλθον,
1064 3194 1098 3257 οί
1116 3193 1175 3256 δο-

164 3283 310 3370 ρυφόροι
330 3287 366 3352 δὲ
386 3283 591 3372 ἀπέστησαν,
615 3287 827 3373 σπασάμενος
841 3284 901 3355 τόν
917 3285 1080 3373 άκινάκην
1101 3290 1175 3355 ἐπι-

163 3377 253 3463 σχοδν
267 3388 306 3467 τή
322 3384 416 3471 ἑτέρᾳ
430 3382 467 3451 τό
483 3385 604 3471 στόμα,
621 3384 666 3464 ὡς
680 3384 723 3471 μή
741 3386 888 3472 βοήσειε,
905 3393 994 3454 παίει
1009 3383 1098 3473 παρά
1113 3384 1174 3454 τόν
