2575 3842
339 174 585 234 ΑΛΗΘΟΥΣ
603 178 844 237 ΙΣΤΟΡΙΛΣ
860 180 900 235 Α.
1081 172 1122 236 41

110 325 199 412 πρδς
213 327 274 396 τόν
292 331 418 418 ἀνεμον
433 334 594 418 κεχηνότα
612 339 819 423 ζωοποιοῦσι.
841 340 936 404 δοκεῖ
947 339 986 403 δέ
997 361 1053 421 μοι
1068 339 1124 402 καλ

111 426 147 502 ἐς
161 423 244 505 τούς
257 426 419 515 Ἕλληνας
435 432 567 496 έκεσθεν
583 428 678 514 ἥκειν
692 437 750 516 τῆς
764 439 1028 518 γαστροκνημίας
1043 431 1124 499 τού-

110 547 213 608 νομα,
233 522 284 592 ὅτι
297 525 372 611 παρ’
385 529 523 604 ἐκείνοις
537 525 611 596 ἀντὶ
620 525 762 613 γαστρός
773 544 942 614 κυοφορεῖ.
965 537 1075 616 μεῖζον
1087 532 1124 600 δὲ

109 621 238 686 τούτου
252 621 334 692 ἀλλο
351 625 558 711 διηγήσομαι.
580 629 677 710 γένος
687 628 752 693 ἐστὶ
763 622 843 711 παρ’
857 624 969 705 αὐτοῖς
983 624 1120 712 ἀνθριό-
1136 643 1175 698 88

112 741 189 784 πων
213 723 248 786 οί
266 719 468 805 καλούμενοι
489 726 689 807 Δενδρῖται,
716 729 841 806 γίνεται
859 727 894 789 δὲ
914 721 975 789 τόν
995 723 1123 808 τρόπον

11 875 12 912 3
111 823 252 883 τούτου·
281 818 377 903 ὄρχιν
391 815 579 904 ἀνθρώπου
595 815 656 884 τόν
673 816 783 896 δεξιὸν
797 815 1017 904 ἀποτεμόντες
1033 822 1069 886 ἐν
1079 827 1123 907 χῇ

11 913 12 942 ³
113 914 342 999 φυτεύουσιν,
366 917 454 982 ἐκδὲ
474 914 580 982 αὐτοῦ
597 917 739 996 δένδρον
756 913 941 1000 ἀναφύεται
956 919 1121 1001 μέγιστον,

11 1071 12 1074 ,
112 1011 295 1096 σάρκινον,
313 1008 386 1080 οἷον
401 1014 542 1097 φαλλός·
567 1018 631 1097 ἔχει
646 1015 682 1078 δὲ
699 1015 754 1080 καὶ
768 1014 912 1090 κλάδους
928 1017 982 1082 καὶ
994 1014 1121 1098 φύλλα·

112 1105 130 1174 ὁ
146 1109 185 1174 δὲ
200 1109 328 1192 καρπός
341 1113 408 1178 ἐστι
422 1111 563 1198 βάλανοι
586 1124 743 1195 πηχυαλαι
758 1107 795 1176 τό
811 1113 961 1195 μέγεθος.
986 1109 1122 1178 ἐπειδάν

113 1198 181 1270 ούν
194 1213 411 1292 πεπονθόσι,
433 1204 773 1293 τρυγησαντεςαότάς
787 1207 1027 1274 ἐκκολάπτουσι
1043 1204 1122 1283 τοὺς

113 1299 328 1384 ἀνθρώπους.
352 1309 462 1372 αίδολα
475 1308 588 1390 μέντοι
602 1302 773 1389 πρόσθετα
784 1308 916 1388 ἔχουσιν
932 1309 966 1371 οί
977 1308 1038 1388 μὲν
1050 1307 1122 1370 ἐλε-

114 1400 276 1484 φάντινα,
300 1405 334 1468 οί
353 1403 390 1468 δὲ
410 1405 546 1488 πένητες
561 1399 673 1468 αύτοίν
688 1401 823 1483 ξύλινα,
846 1403 901 1467 καὶ
916 1399 971 1468 διά
992 1401 1124 1467 τούτων

114 1494 272 1580 ὀχεύουσι
299 1499 354 1564 καλ
381 1498 597 1582 πλησιάζουσι
620 1511 689 1574 τοῖς
710 1500 865 1583 γαμέταις
887 1514 956 1576 τοῖς
981 1502 1120 1565 ἑαυτῶν.

114 1597 164 1659 23.
187 1588 323 1658 ἐπειδάν
346 1595 381 1660 δὲ
401 1593 531 1680 γηράσῃ
553 1589 570 1658 ὁ
593 1589 790 1678 ἀνθρωπος,
819 1593 881 1662 ούκ
900 1593 1121 1681 ἀποθνήσκει,

115 1687 189 1757 ἀλλ’
208 1688 319 1775 άσπερ
332 1688 349 1756 ὁ
362 1688 487 1768 καπνός
502 1689 720 1775 διαλυόμενος
730 1691 795 1778 ἀὴρ
806 1700 941 1778 γίνεται.
964 1689 1071 1778 τροφὴ
1083 1691 1120 1758 δὲ

114 1794 219 1853 πᾶσιν
232 1783 252 1870 ἡ
265 1783 364 1871 αὐτή·
384 1785 519 1852 έπειδάν
529 1784 593 1872 χάρ
606 1793 674 1871 πῦρ
686 1784 916 1874 ἀνακαύσωσι,
934 1787 1121 1875 βατράχους

17 1968 19 1978 ,
103 1881 262 1956 ,ὀπτῶσιν
279 1885 410 1950 ἐπὶτῶν
425 1882 625 1968 ἀνθράκων·
649 1887 764 1951 πολλοὶ
776 1886 811 1952 δὲ
822 1883 899 1969 παρ’
913 1882 1025 1960 αὐτοῖς
1035 1889 1120 1950 είσιν

115 1984 152 2048 ἐν
174 1986 221 2068 τῷ
238 1977 310 2063 ἀέρι
327 1982 516 2067 πετόμενοι·
545 1980 748 2067 ὀπτωμένων
768 1983 804 2048 δὲ
826 1983 1119 2065 περικαθεζόμενοι
1171 2043 1180 2060 ,

115 2076 227 2161 οἵσπερ
246 2073 285 2161 δὴ
302 2080 375 2162 περὶ
397 2079 561 2161 τράπεζαν
577 2077 741 2150 λάπτουσι
757 2074 817 2145 τόν
837 2075 1121 2161 ἀναθυμιώμενον

115 2171 309 2241 καπυόνκαλ
322 2173 534 2262 εὐωχοῦνται.
555 2183 634 2268 σίτῳ
644 2177 706 2263 μὲν
721 2175 759 2263 δὴ
774 2180 951 2262 τρέφονται
961 2173 1118 2262 τοιούτῳ·
1135 2190 1174 2244 89

115 2269 220 2340 ποτόν
248 2272 283 2338 δὲ
305 2270 417 2350 αύτοίς
444 2277 534 2341 έστιν
557 2273 620 2360 ἀὴρ
648 2273 916 2362 ἀποθλιβόμενος
941 2274 974 2348 ές
999 2272 1121 2337 κύλικα

115 2366 222 2453 ὑχρόν
243 2367 346 2447 ἀνιεὶς
366 2369 476 2455 ὥσπερ
493 2373 625 2454 δρόσον,
662 2369 703 2439 ού
719 2369 786 2457 μην
805 2369 997 2452 άπουρούσί
1008 2394 1047 2453 χε
1065 2371 1122 2435 καὶ

116 2465 360 2553 ἀφοδεύουσιν,
373 2467 446 2536 ἀλλ’
461 2467 539 2536 οὐδὲ
550 2472 722 2556 τέτρηνται
732 2464 816 2559 ᾗπερ
827 2467 937 2556 ἡμεῖς·
954 2466 1027 2536 ἀλλ’
1042 2466 1122 2536 ούδὲ

116 2563 176 2649 τὴν
191 2571 376 2632 συνουσίαν
389 2571 422 2634 οί
434 2571 547 2645 παῖδες
558 2571 593 2634 ἐν
607 2581 677 2646 ταῖς
687 2569 796 2654 ἕδραις
810 2571 1028 2653 παρέχουσιν,
1044 2564 1119 2636 ἀλλ’

117 2667 152 2731 έν
166 2678 237 2741 ταῖς
254 2662 388 2749 ίγνύσιν
404 2661 489 2750 ὑπὲρ
503 2662 566 2752 τὴν
579 2674 861 2751 γαστροκνημίαν·
891 2669 959 2734 ἐκεῖ
970 2667 1035 2752 χάρ
1058 2673 1121 2734 είσι

117 2764 319 2848 τετρημένοι.
347 2759 448 2839 καλός
463 2766 499 2828 δὲ
519 2769 681 2847 νομίζεται
701 2761 781 2848 παρ’
801 2761 913 2840 αὐτοῖς
934 2761 978 2848 ἦν
990 2763 1058 2831 ττού
1072 2790 1120 2840 τις

118 2858 287 2947 φαλακρός
301 2862 358 2929 καὶ
374 2858 498 2945 άκομος
513 2853 552 2947 ᾖ,
569 2858 648 2938 τούς
662 2859 698 2926 δὲ
709 2860 852 2945 κομήτας
865 2863 921 2926 καί
934 2861 1121 2944 μυσάττον-

117 2985 177 3025 ται.
206 2959 258 3025 έπὶ
276 2957 312 3026 δὲ
331 2965 399 3024 τάν
415 2964 569 3044 κομητιόν
592 2955 740 3040 ἀστέρων
754 2953 953 3023 τούναντίον
967 2953 1045 3030 τούς
1061 2980 1120 3021 κο-

118 3058 219 3142 μήτας
234 3062 403 3141 νομίζουσι
423 3057 560 3136 καλούς·
593 3057 782 3141 ἀπεδήμουν
799 3052 863 3140 γάρ
883 3078 986 3136 τινες,
1012 3059 1046 3119 οἳ
1065 3058 1121 3120 καλ

117 3157 188 3236 περὶ
197 3157 335 3222 ἐκείνων
345 3159 528 3239 διηγοῦντο.
541 3155 671 3242 καὶμὴν
679 3157 734 3222 καὶ
742 3157 854 3240 χένεια
863 3152 990 3237 φύουσι
999 3148 1122 3237 μικρὸν

117 3248 199 3335 ὑπὲρ
216 3249 256 3317 τά
274 3251 407 3335 γόνατα.
437 3258 491 3320 καὶ
507 3254 627 3340 ὀνυχας
648 3257 685 3322 ἐν
699 3268 768 3332 τοῖς
782 3253 881 3320 ποσὶν
898 3248 961 3318 οὐκ
974 3256 1119 3336 ἔχουσιν,

118 3344 198 3415 ἀλλά
215 3348 337 3426 πάντες
352 3351 413 3418 είσλ
428 3353 679 3434 μονοδάκτυλοι.
704 3349 789 3433 ὑπὲρ
803 3349 839 3416 δὲ
849 3346 909 3427 τάς
921 3345 1031 3434 πυγάς
1042 3349 1121 3417 ἑκά·
