2575 3842
283 233 401 289 ΠΕΡΙ
422 233 519 289 ΤΗΣ
535 232 901 290 ΑΣΤΡΟΛΟΓΙΗΣ.
1037 229 1097 292 191

88 395 168 461 νέω·
197 391 326 480 πτηνόν
347 392 408 477 μέν
426 394 460 458 οί
477 393 637 477 γενέσθαι
659 386 703 468 ὡς
719 391 840 476 ἵππον,
863 388 904 457 ού
920 392 1009 477 μάλα
1024 397 1097 458 πεί-

87 501 202 576 θομαι,
218 493 323 557 δοκέω
334 490 374 556 δέ
380 514 439 574 μιν
448 486 574 572 ταύτην
584 482 646 572 τήν
657 492 781 572 σοφίην
792 488 973 572 μετέποντα
983 483 1096 572 ὑψηλά

87 614 122 655 τε
137 589 342 675 φρονέοντα,
359 588 414 655 καὶ
432 582 603 670 ἄστροισιν
618 581 794 671 ὁμιλέοντα
810 587 842 664 ἐς
859 583 1008 671 ούρανόν
1023 584 1097 672 ούχὶ

87 693 132 776 τῷ
146 689 237 777 ’ίιτπφ
252 683 435 772 ἀναβῆναι,
452 681 536 751 ἀλλὰ
551 689 590 771 τῇ
605 687 746 771 διανοίῃ.
777 687 826 750 14.
843 691 898 750 ίσα
915 686 955 751 δέ
968 709 1024 770 μοι
1041 685 1097 751 καὶ

89 787 120 862 ἐς
130 789 254 867 Φρίξον
266 781 326 850 τόν
338 780 545 868 Ἀθάμαντος
561 779 723 868 εἰρήσθω,
739 778 799 848 τόν
813 779 853 868 δή
869 789 951 873 κριῷ
966 785 1096 871 χρυσέφ

89 878 132 947 δι’
151 883 285 964 αίθέρος
300 879 414 949 ἐλάσαι
430 880 625 966 μυθέονται.
658 879 715 946 ναλ
728 881 841 965 μέντοι
856 882 910 947 καί
925 885 1098 948 Δαίδαλον

89 976 148 1045 τόν
167 975 363 1063 Ἀθηναῖον·
393 982 482 1063 ξείνη
499 978 560 1062 μὲν
573 973 594 1063 ή
609 980 754 1063 ίστορίη,
779 982 883 1046 δοκέω
897 1005 936 1064 γε
949 975 1017 1065 μήν
1035 975 1098 1043 ούκ

90 1083 150 1159 ἔξω
168 1076 399 1164 ἀστρολογίης,
422 1075 507 1145 ἀλλά
529 1080 562 1144 οί
578 1074 678 1155 αύτὸς
698 1078 838 1163 μάλιστα
861 1079 1020 1164 ἐχρήσατο
1042 1077 1097 1143 καὶ

88 1178 180 1244 παιδὶ
194 1182 239 1266 τῷ
256 1177 382 1242 ἑωυτοῦ
397 1173 612 1261 κατηγήσατο.
637 1181 686 1243 15.
696 1173 825 1260 Ἴκαρος
842 1177 878 1243 δέ
896 1177 1026 1262 νεότητι
1040 1176 1095 1242 καί
1113 1195 1163 1251 367

90 1273 275 1361 ἀτασθαλίη
288 1271 467 1359 χρεόμενος
482 1274 537 1340 καὶ
553 1269 615 1339 ούκ
630 1269 745 1340 ἐπικτά
762 1274 949 1361 διζήμενος,
973 1270 1047 1341 ἀλλ’
1064 1276 1096 1351 ές

91 1373 195 1440 πόλον
212 1369 344 1455 ἀερθεὶς
358 1377 404 1460 τῷ
425 1376 474 1460 νῷ
498 1371 627 1449 ἐξέπεσε
646 1377 704 1457 τής
720 1368 883 1457 ἀληθηίης
897 1373 953 1440 καί
973 1369 1097 1448 παντὸς

91 1467 265 1554 ἀπεσφάλη
279 1475 341 1535 τοῦ
355 1465 458 1553 λόγου
473 1470 527 1535 καὶ
539 1472 570 1546 ἐς
584 1469 725 1553 πέλαγος
737 1471 924 1556 κατηνέχθη
938 1467 1097 1555 ἀβύσσων

93 1565 308 1652 πρηγμάτων,
326 1561 550 1650 τὸνἝλληνες
561 1563 668 1644 άλλως
682 1569 931 1653 μυθολογέουσι
948 1570 1002 1636 καὶ
1016 1568 1097 1636 κόλ-

94 1688 156 1733 πον
170 1659 222 1730 ἐπ’
239 1659 328 1752 αύτῷ
340 1665 376 1730 ἐν
387 1665 465 1750 τῇδε
476 1669 515 1750 τῇ
526 1663 681 1750 θαλάσση
692 1660 835 1750 Ἰκάριον
847 1669 917 1750 είκῆ
929 1666 1094 1733 καλέουσι.

96 1767 141 1832 16.
159 1762 240 1848 τάχα
256 1760 290 1828 δὲ
306 1762 362 1828 καὶ
372 1761 531 1846 Πασιφάη
542 1759 631 1847 παρά
642 1761 818 1829 Δαιδάλου
830 1759 1003 1831 ἀκούσασα
1014 1763 1097 1831 ταύ·

91 1886 155 1946 ρου
170 1884 205 1926 τε
225 1860 300 1945 πέρι
315 1864 375 1925 τοῦ
391 1860 509 1937 ἐντοῖς
529 1856 680 1943 ἀστροισι
696 1863 904 1946 φαινομένου
924 1863 979 1928 καὶ
996 1859 1097 1945 αὐτῆς

91 1957 306 2041 ἀστρολογίης
327 1961 373 2034 είς
390 1960 494 2039 έρωτα
514 1962 575 2022 τοῦ
596 1955 701 2042 λόγου
721 1954 873 2042 ἀπίκετο,
897 1957 982 2025 ὅθεν
1002 1964 1099 2043 νομί-

92 2061 206 2135 ζουσιν
219 2050 270 2118 ὅτι
281 2053 450 2130 Δαίδαλός
464 2078 522 2137 μιν
536 2058 582 2141 τῷ
597 2054 709 2145 ταύρφ
724 2053 945 2140 ἐνύμφευσεν.
969 2059 1018 2123 17.
1037 2057 1099 2121 είσὶ

92 2154 128 2220 δὲ
145 2158 179 2219 οἳ
196 2151 250 2218 καὶ
271 2149 353 2218 κατὰ
373 2154 474 2237 μέρεα
494 2147 555 2237 τήν
577 2152 758 2238 ἐπιστήμην
779 2152 944 2231 διελόντες
966 2155 1098 2220 ἕκαστοι

92 2251 221 2321 αὐτέων
238 2249 321 2320 ἀλλα
336 2251 574 2337 ἐπενοήσαντο,
597 2255 631 2319 οί
648 2253 710 2337 μέν
723 2249 763 2318 τά
782 2255 814 2330 ἐς
829 2249 890 2339 τήν
908 2258 1097 2338 σεληναίην,

91 2357 126 2420 οί
138 2351 175 2419 δέ
186 2348 226 2417 τά
238 2352 270 2429 ἐς
283 2357 366 2435 Δία,
383 2353 418 2417 οί
430 2354 466 2418 δὲ
480 2346 520 2417 τὰ
535 2351 567 2428 ἐς
578 2346 691 2434 ήέλιον
702 2356 958 2434 συναγείραντες
970 2348 1099 2434 δρόμου

91 2475 127 2516 τε
142 2445 271 2515 αὐτέων
288 2448 363 2531 πέρι
380 2449 435 2515 καὶ
449 2447 598 2534 κινήσιος
612 2450 667 2515 καὶ
684 2447 854 2533 δυνάμιος.
889 2451 938 2515 18.
955 2450 1009 2515 καὶ
1026 2444 1099 2516 Ἐν-

92 2554 222 2633 δυμίων
236 2544 298 2630 μέν
312 2543 351 2612 τά
364 2548 396 2623 ἐς
410 2542 472 2631 τήν
484 2551 664 2632 σεληναίην
679 2545 862 2625 διετάξατο·
886 2550 935 2613 19.
953 2548 1098 2615 Φαέθων

93 2645 129 2713 δὲ
146 2650 207 2712 τοῦ
221 2640 335 2730 ήελίου
350 2643 478 2730 δρόμον
498 2642 714 2730 ἐτεκμήρατο,
737 2642 777 2710 ού
795 2645 856 2730 μέν
870 2670 908 2729 γε
926 2641 1099 2731 ἀτρεκέως,

92 2741 169 2811 ἀλλ’
187 2739 301 2808 ἀτελέα
321 2739 381 2808 τόν
402 2741 505 2828 λόγον
524 2738 699 2810 ἀπολιπών
715 2738 895 2809 ἀπέθανεν.
926 2747 959 2810 οί
973 2743 1101 2810 δὲτάδε

91 2839 287 2925 ἀγνοέοντες
301 2835 432 2907 Ἠελίου
444 2842 543 2906 παίδα
556 2840 732 2906 Φαέθοντα
747 2841 901 2906 δοκέουσι
916 2841 970 2906 καὶ
985 2846 1099 2923 μῦθον
1118 2853 1169 2908 368

92 2935 145 3007 ἐπ’
163 2935 269 3028 αύτέφ
284 2936 415 3024 ούδαμά
436 2936 554 3007 πιστόν
569 2940 772 3023 διηγέονται·
799 2937 943 3004 ἐλθόντα
963 2938 1027 3022 γάρ
1043 2963 1101 3021 μιν

92 3035 183 3124 παρά
200 3034 262 3104 τόν
273 3034 402 3106 Ἠέλιον
417 3034 476 3104 τόν
491 3039 615 3119 πατέρα
627 3037 748 3101 αίτέειν
761 3033 797 3100 τὰ
814 3043 875 3102 τοῦ
887 3033 998 3120 φωτὸς
1012 3033 1100 3120 ἅρμα

91 3134 299 3222 ἡνιοχεύειν,
320 3132 380 3202 τόν
395 3136 431 3203 δὲ
451 3140 574 3202 δοῦναί
590 3136 626 3200 τέ
640 3136 674 3200 οί
692 3135 747 3201 καί
764 3130 956 3200 ὑποθέσθαι
974 3140 1031 3219 τῆς
1046 3138 1060 3199 ί
1083 3172 1102 3182 ·

92 3240 214 3321 πασίης
229 3231 290 3301 τόν
303 3233 418 3320 νόμον.
449 3230 466 3300 ὁ
485 3232 521 3300 δέ
536 3234 682 3301 Φαέθων
703 3227 814 3318 ἐπειδή
830 3227 933 3317 ἀνέβη
947 3228 984 3296 τό
1001 3228 1101 3317 ἅρμα,

92 3331 206 3421 ἡλικίη
223 3333 278 3399 καί
293 3329 426 3419 ἀπειρίη
440 3329 557 3401 ἀλλοτε
568 3334 629 3416 μὲν
642 3328 819 3417 πρόσγειος
832 3325 1024 3416 ἡνιόχευεν,
1043 3327 1103 3396 ἀλ-

93 3441 171 3500 λοτε
188 3430 223 3499 δὲ
236 3427 362 3498 πολλόν
372 3438 429 3516 τῆς
439 3437 499 3517 γης
514 3427 803 3511 ἀπαιωρούμενος·
826 3425 905 3506 τούς
917 3430 953 3495 δέ
964 3424 1098 3516 ἀνθρώ·
