2575 3842
196 198 577 266 ΑΛΕΞΑΝΔΡΟΣΗ
604 202 988 261 ΨΕΤΛΟΜΑΝΤΙΣ.
1032 198 1091 261 127

84 362 224 425 καίδεκα
238 357 406 445 χρησμούς
415 386 484 426 ττιν
494 359 687 443 ἀνθρώπων
702 357 767 427 ὑπό
785 358 963 445 ἀπληστίας
975 360 1093 427 ἀναδι-

84 456 224 523 δόντων.
258 458 440 543 λαμβάνων
461 459 498 526 δὲ
520 456 582 525 οὐκ
604 456 704 536 αὑτός
719 460 833 543 έχρήτο
849 457 950 542 μόνος
967 456 1040 526 οὐδ’
1060 460 1093 535 ές

84 562 232 622 πλούτου
247 553 530 642 ἀπεθησαύριζεν,
557 554 641 624 ἀλλά
657 554 801 633 πολλοὺς
816 553 880 640 ήδη
897 559 970 641 περὶ
988 552 1091 622 αὑτόν
1110 571 1160 626 2³2

85 658 170 736 ἔχων
186 651 371 739 συνεργούς
380 655 435 721 καὶ
450 651 615 739 ὑπηρέτας
630 656 684 722 καὶ
699 660 872 738 πευθῆνας
882 656 937 721 καί
946 672 1092 738 χρησμο-

85 748 204 827 ποιούς
214 752 269 818 καλ
280 751 560 836 χρησμοφύλακας
570 754 626 818 καὶ
635 749 850 837 ὑπογραφέας
862 751 916 818 καὶ
927 753 1092 835 ἐπισφρα-

5 877 9 892 ·
84 846 198 932 γιστάς
211 852 266 915 καὶ
277 848 434 935 έξηγητάς
448 848 571 917 άπασιν
581 852 699 935 ἔνεμεν
713 848 838 938 ἑκάστφ
849 846 886 915 τό
899 846 971 915 κατ’
985 846 1088 929 ἀξίαν.

170 952 221 1013 24.
235 944 321 1032 Ἤδη
335 947 373 1021 δέ
388 973 480 1024 τινας
501 949 556 1014 καὶ
570 948 622 1014 έπὶ
637 944 699 1031 τήν
715 942 908 1030 ἀλλοδαπήν
922 947 1090 1030 ἐξέπεμπε,

86 1043 198 1129 φήμας
212 1044 451 1129 ἐμποιήσοντας
462 1059 528 1121 τοῖς
542 1051 678 1112 ἔθνεσιν
694 1042 776 1128 ὑπὲρ
791 1050 852 1110 τοῦ
866 1048 1023 1128 μαντείου
1037 1045 1091 1109 καλ

86 1144 348 1226 διηγησομένους
371 1139 414 1220 ως
439 1148 592 1227 προείποι
617 1144 672 1209 καί
693 1138 831 1224 ἀνεύροι
852 1142 1014 1226 δραπέτας
1037 1144 1092 1207 καὶ

6 1273 7 1294 1
86 1241 226 1316 κλέπτας
246 1241 300 1307 καί
317 1239 436 1325 ληστάς
457 1241 631 1325 ἐξελέγξειε
647 1241 700 1306 καὶ
721 1236 918 1324 θησαυρούς
931 1235 1092 1322 ἀνορύξαι

86 1336 251 1421 παράσχοι
262 1340 316 1404 καί
326 1344 511 1415 νοσοῦντας
526 1338 673 1419 ἰάσαιτο,
690 1340 799 1413 ένίους
815 1334 850 1403 δέ
861 1339 915 1403 καί
928 1333 991 1421 ήδη
1007 1334 1091 1404 ἀπο-

86 1433 256 1511 θανόντας
265 1433 468 1521 ἀναστήσειέ.
492 1434 614 1521 δρόμος
631 1428 695 1502 οὖν
710 1437 764 1502 καὶ
779 1431 927 1519 ύθισμός
942 1430 1091 1499 ἁπαντα-

86 1532 189 1615 ηόθεν
203 1535 350 1616 ἐγίγνετο
365 1537 419 1601 καλ
433 1540 551 1601 θυσίαι
565 1536 619 1601 καί
634 1531 849 1618 ἀναθήματα,
865 1534 920 1599 καὶ
935 1530 1089 1597 διπλάσια

85 1636 129 1717 τῷ
147 1630 301 1714 προφήτη
315 1634 369 1698 καί
379 1639 514 1718 μαθητῇ
528 1638 589 1698 τοῦ
604 1640 699 1698 θεοῦ.
724 1633 777 1697 καί
788 1627 853 1715 γάρ
868 1622 913 1697 αὑ
924 1632 978 1697 καὶ
993 1620 1091 1705 οὗτος

85 1726 237 1803 ἐξέπεσεν
252 1723 269 1792 ὁ
283 1729 443 1813 χρησμός·

130 1826 286 1907 Τιέμεναι
297 1827 433 1911 κέλομαι
444 1824 504 1893 τόν
515 1823 596 1911 έμὸν
606 1823 797 1910 θεράπονθ’
809 1824 1004 1912 ὑποφήτην·

128 1918 170 1987 οὐ
180 1918 245 2005 γάρ
258 1923 329 2007 ἐμοὶ
340 1923 489 1990 κτεάνων
500 1927 631 2008 μέλεται
641 1921 728 2007 ἀγαν
736 1972 745 2004 ,
761 1920 833 1991 ἀλλ’
847 1919 1033 2007 ὑποφήτου.

169 2025 220 2087 25.
240 2017 367 2107 Ἐπειδή
389 2022 425 2089 δὲ
444 2025 560 2090 πολλοὶ
576 2029 644 2089 των
659 2028 744 2089 νοῦν
760 2020 902 2106 ἐχόντων
924 2017 1034 2103 άσπερ
1054 2023 1090 2087 ἐκ

83 2120 190 2201 μέθης
209 2124 348 2203 βαθείας
369 2117 593 2205 ἀναφέροντες
613 2126 810 2187 συνίσταντο
830 2115 882 2185 ἐπ’
909 2114 1013 2183 αὑτὸν
1035 2118 1090 2183 καὶ

84 2213 226 2299 μάλιστα
241 2219 275 2282 οί
284 2212 481 2301 Ἐπικούρου
498 2220 635 2301 ἑταῖροι,
664 2219 779 2285 πολλοὶ
797 2215 833 2284 δὲ
853 2208 956 2302 ήσαν,
981 2215 1036 2281 καλ
1053 2215 1089 2279 έν

83 2326 154 2389 ταῖς
176 2311 314 2379 πόλεσιν
334 2315 526 2399 έπεφύρατο
549 2312 654 2400 ήρέμα
675 2315 738 2401 ἤδη
759 2312 883 2399 πάσαή
906 2318 1089 2399 μαγγανεία

83 2413 139 2477 καί
153 2408 300 2495 συσκευὴ
315 2420 375 2478 τοῦ
390 2414 571 2498 δράματος,
587 2416 719 2498 έκφέρει
732 2412 903 2501 φόβητρόν
916 2440 948 2481 τι
962 2410 1012 2480 ἐπ’
1026 2409 1088 2479 αύ-

82 2508 180 2593 τούς,
205 2512 312 2594 λέγων
333 2507 445 2577 ἀθέων
471 2512 701 2597 ἐμπεπλῆσθαι
721 2514 776 2580 καί
798 2518 1008 2595 Χριστιανῶν
1029 2506 1089 2577 τόν

82 2606 235 2691 Πόντον,
253 2614 287 2675 οἳ
299 2612 374 2690 περὶ
388 2606 492 2676 αὑτοῦ
503 2614 649 2694 τολμῶσι
663 2606 702 2676 τά
717 2610 855 2678 κάκιστα
866 2618 1086 2697 βλασφημεῖν,
1106 2628 1158 2682 233

84 2702 144 2782 οὓς
159 2707 289 2772 ἐκέλευε
304 2713 413 2783 λίθοις
425 2706 594 2791 ἐλαύνειν,
610 2716 644 2775 εί
654 2734 692 2793 γε
703 2711 880 2777 ἐθέλουσιν
890 2710 990 2776 ίλεων
1002 2713 1088 2793 ἔχειν

84 2801 145 2869 τόν
158 2803 252 2871 θεόν.
272 2807 346 2889 περὶ
358 2806 393 2871 δὲ
404 2803 603 2891 Ἐπικούρου
614 2807 669 2872 καὶ
684 2807 838 2874 τοιοῦτόν
851 2832 926 2874 τινα
939 2802 1088 2892 χρησμὸν

82 2900 330 2986 ἀπεφθέγξατο·
358 2906 519 2990 έρομένου
534 2905 599 2989 γάρ
613 2929 704 2982 τινος
721 2909 755 2971 τί
769 2904 903 2988 πράττει
921 2906 957 2969 έν
972 2902 1087 2969 ’Ἅιδου

81 2996 322 3082 ὁἘπίκουροςς

124 3099 359 3181 Μολυβδίνας,
376 3101 455 3183 ἔφη,
471 3104 555 3183 ἔχων
565 3100 667 3176 πέδας
678 3100 714 3165 έν
724 3096 878 3187 βορβόρφ
891 3100 1043 3183 κάθηται.

82 3193 150 3261 εἶτα
164 3194 362 3277 θαυμάζεις,
385 3200 415 3261 εί
433 3196 484 3261 ἐπὶ
498 3199 581 3281 μέγα
597 3195 688 3282 ήρθη
702 3193 738 3263 τδ
761 3194 977 3281 χρηστήριον,
997 3192 1087 3279 ὁρῶν

80 3291 139 3371 τάς
153 3292 328 3377 ἐρωτήσεις
340 3299 408 3359 τῶν
423 3294 632 3378 προσιόντων
643 3294 785 3373 συνετὰς
798 3297 853 3362 καί
867 3296 1087 3379 πεπαιδευμέ-

81 3416 157 3473 νας;
187 3390 274 3469 όλως
296 3391 331 3459 δὲ
347 3390 513 3470 ἀσπονδος
527 3394 582 3460 καλ
596 3390 782 3478 ἀκήρυκτος
802 3390 891 3484 αύτῷ
910 3390 926 3459 ό
943 3392 1087 3478 πόλεμος
