2575 3842
190 193 252 256 182
550 195 853 255 AOYKIANOY

189 360 236 422 ἔτι
251 353 380 421 τούτων
396 353 458 441 τήν
470 353 589 441 φωνήν
604 354 953 440 κακοδαιμονέστερος.
973 350 1017 421 ἀν
1029 359 1132 421 ταῦτα
1143 358 1202 439 {⁷1-

189 451 297 538 λάσῃς
308 453 362 518 καί
375 453 583 541 μεταμάθῃς,
596 451 715 536 ἀριστα
724 454 990 538 βεβουλευμένος
999 451 1084 537 ὑπὲρ
1096 472 1201 519 σεαυ-

189 557 249 616 τοῦ
261 555 335 638 ἔσῃ·
353 547 396 636 ήν
408 552 444 618 δὲ
453 551 561 640 λάθῃς
572 543 675 629 αὖθις
687 555 734 628 εἰς
745 547 807 636 τήν
817 557 965 636 λιχνείαν
975 548 1198 633 κατολισθών,

171 651 260 733 τέμοί
282 649 343 734 μὲν
364 647 642 737 ἀποπεπλήρωται
662 646 906 736 ήκαραίνεσις,
932 648 975 718 σύ
997 654 1034 719 δὲ
1055 647 1196 718 σεαυτόν

190 747 336 836 αἰτιάσῃ,
353 745 396 815 ἀν
411 774 449 834 γε
465 749 520 816 καί
536 753 636 836 ξυνῇς
650 753 770 834 χείροιν
784 748 973 835 γενόμενος.

600 973 799 982 a———-.

446 1181 949 1250 ΕΥΝΟΥΧΟΣ.

274 1360 301 1422 l.
317 1362 577 1423 ΠΑΜΦΙΛΟΣ.
597 1356 724 1440 Πόθεν,
741 1349 913 1441 ἀΛυκῑνε,
927 1351 949 1442 ή
961 1362 995 1424 τί
1001 1363 1108 1442 γελῶν
1119 1351 1200 1440 ἡμῖν

188 1450 319 1536 ἀφῖξαι;
341 1450 392 1520 ἀεὶ
418 1455 480 1538 μὲν
503 1449 567 1537 γάρ
592 1450 733 1538 φαιδρός
756 1448 804 1520 οδν
827 1452 1014 1539 τυγχάνεις·
1047 1452 1141 1519 τουτὶ
1162 1453 1199 1519 δὲ

188 1551 290 1617 πλέον
304 1555 365 1615 τοῦ
377 1549 552 1633 συνήθους
565 1545 653 1614 εἰναί
664 1574 720 1633 μοι
733 1552 834 1632 δοκεῖ,
850 1547 905 1634 ἐφ’
924 1547 988 1639 ότφ
1003 1549 1086 1634 μηδὲ
1101 1548 1200 1614 κατέ-

187 1672 257 1732 χειν
273 1643 415 1724 δυνατὸς
431 1642 461 1712 εἰ
473 1643 534 1713 τόν
550 1645 686 1731 γέλωτα.

271 1765 490 1828 ΛΥΚΙΝΟΣ.
515 1754 565 1838 Ἐξ
580 1755 706 1844 ἀγορᾶς
722 1761 784 1844 μὲν
801 1760 872 1846 ήκω
889 1780 958 1844 σοι,
981 1752 1200 1844 άΠάμφιλε·

187 1863 247 1924 τοῦ
263 1860 404 1943 γέλωτος
418 1857 453 1925 δὲ
467 1853 585 1925 αὐτίκα
596 1853 763 1926 κοινωνόν
776 1859 959 1945 ποιήσομαί
971 1876 1024 1942 σε,
1038 1852 1083 1941 ήν
1092 1853 1192 1922 ἀκοή

117 1968 168 2023 λῆῑ
189 1974 248 2044 σῃς
261 1959 315 2046 οἴῃ
330 1961 405 2046 δίκῃ
419 1959 615 2046 δικαζομένῃ
631 1955 880 2043 παρεγενόμην,
903 1954 1100 2041 φιλοσόφων
1115 1949 1197 2036 πρὸς

188 2051 353 2140 ἀλλήλους
368 2054 554 2140 ἐριζόντων.

273 2175 419 2235 ΠΑΜΦ.
443 2169 509 2234 Καὶ
526 2173 624 2232 τοῦτο
647 2164 709 2250 μὲν
730 2162 774 2243 ὡς
794 2163 928 2253 ἀληθῶς
942 2174 1073 2252 γελοῖον
1092 2167 1198 2249 λέγεις

187 2263 223 2332 τδ
246 2271 516 2350 φιλοσοφοῦντας
532 2261 726 2342 δικάζεσθαι
748 2260 832 2347 πρὸς
847 2260 1028 2349 ἀλλήλους,
1053 2264 1147 2345 δέον,
1170 2266 1200 2328 εἰ

187 2369 245 2430 καί
263 2389 293 2428 τι
307 2363 390 2447 μέγα
415 2369 481 2446 εἰη,
512 2357 586 2427 κατ’
603 2359 740 2446 εἰρήνην
765 2363 802 2428 ἐν
821 2368 916 2447 σφίσι
937 2362 1135 2430 διαλύεσθαι
1155 2358 1197 2427 τά

187 2457 383 2543 ἐγκλήματα.

271 2572 300 2632 2.
322 2573 422 2634 AYK.
445 2566 580 2651 Πόθεν,
598 2559 798 2654 ἀμακάριε,
821 2568 894 2636 κατ’
911 2571 1048 2657 εἰρήνην
1063 2571 1196 2654 ἐκεῖνοι,

187 2669 222 2733 οἰ
233 2691 271 2751 γε
286 2665 507 2751 ξυμπεσόντες
521 2664 600 2744 ὅλας
617 2662 742 2752 ἀμάξας
758 2673 980 2754 βλασφημιῶν
997 2670 1196 2735 κατεσκέδα-

186 2785 250 2832 σαν
266 2762 419 2850 ἀλλήλων
433 2764 631 2851 κεκραγότες
646 2767 702 2831 καί
716 2761 1062 2852 ὑπερδιατεινόμενοι,

269 2883 415 2944 ΠΑΜΦ.
434 2868 568 2961 Ἠπου,
588 2866 615 2942 ά
626 2882 768 2960 Λυκῖνε,
787 2877 863 2961 περὶ
877 2883 946 2944 τῶν
959 2876 1195 2961 λόγωνδιεφέ-
1286 2878 1287 2885 ’

186 2999 284 3062 ροντο
301 2973 341 3041 τά
356 2975 491 3060 συνήθη
506 2981 610 3040 ταῦτα
625 2974 809 3060 ἑτερόδοξοι
823 2974 1059 3060 τυγχάνοντες;

268 3093 368 3154 AYK.
394 3084 574 3173 Οὐδαμῶς,
597 3084 674 3155 ἀλλ’
698 3089 845 3172 ἕτερολόν
859 3116 891 3156 τι
906 3095 1005 3156 τοῦτο
1024 3079 1083 3172 ήν·
1113 3084 1197 3173 ὁμό-

184 3188 274 3264 δοξον
290 3182 354 3270 γάρ
367 3182 467 3270 ἀμφιο
479 3187 534 3252 καὶ
546 3181 610 3251 ἀπὸ
623 3193 692 3252 ταῖν
706 3183 817 3254 αὐτῶν
828 3186 948 3272 λόγων.
972 3188 1046 3271 δίκη
1059 3183 1095 3250 δὲ
1106 3181 1197 3268 ὅμως
1284 3190 1285 3211 ’

184 3281 392 3367 συνειστήκει
403 3283 457 3349 καί
472 3286 622 3350 δικασταὶ
633 3290 915 3369 ψηφοφοροῦντες
925 3275 1012 3370 ήσαν
1022 3286 1056 3350 οἰ
1065 3280 1194 3366 ἄριστοι
1283 3304 1284 3373 χ

184 3381 238 3444 καὶ
253 3377 475 3465 πρεσβύτατοι
490 3381 545 3446 καί
560 3381 747 3465 σοφώτατοι
763 3387 832 3448 τῶν
847 3383 884 3448 έν
901 3388 940 3472 τῃ
955 3381 1050 3448 πόλει
1065 3381 1121 3447 καί
1137 3375 1194 3464 ἐφ’
