2575 3842
191 188 252 251 156
517 189 846 248 ΛΟΥΚΙΑΝΟΥ

274 351 323 415 35.
350 349 414 415 Καὶ
434 350 508 432 περὶ
522 349 584 433 μὲν
598 345 700 432 αὐτῆς
713 345 879 433 ὀρχήσεως
899 353 1056 414 τοσαῦτα·
1079 344 1116 412 τὸ
1132 349 1198 429 γάρ

189 443 299 510 πάντα
315 445 483 524 ἐπεξιόντα
498 445 662 531 μηκύνειν
674 440 734 512 τόν
748 445 851 530 λόγον
865 441 1096 528 ἀπειρόκαλον.
1125 439 1146 508 ἀ
1161 440 1198 508 δὲ

188 538 248 608 τὸν
268 539 431 628 ὀρχηστήν
452 540 555 609 αὐτόν
577 547 664 627 ἐχειν
684 538 745 627 χρῆ
765 543 819 609 καί
841 540 931 619 ὅπως
956 546 1009 609 δεῖ
1028 539 1197 628 ἠσκῆσθαι

189 639 243 705 καὶ
260 635 281 702 ἀ
298 640 527 723 μεμαθηκέναι
541 641 595 705 καὶ
612 633 662 715 οἷς
676 636 856 723 κρατύνειν
870 636 907 704 τό
924 644 1040 725 ἔργον,
1064 635 1128 724 ήδη
1143 655 1197 702 σοι

120 753 172 808 289
191 739 302 819 δίειμι,
318 731 361 812 ὡς
371 734 482 822 μάθης
493 732 535 801 ού
546 741 613 802 τῶν
623 738 750 824 ῥᾳδίων
761 736 894 802 καὶτῶν
905 733 1198 821 εὐμεταχειρίστων

191 824 298 898 οὖσαν
314 828 376 916 τῆν
390 834 526 917 τέχνην,
547 828 631 899 ἀλλά
650 832 759 916 πάσης
773 830 980 910 παιδεύσεως
992 836 1024 909 ἐς
1039 829 1076 898 τό
1092 830 1198 916 ἀκρό-

189 953 289 995 τατον
300 925 562 1014 ἀφικνουμένην,
573 927 615 995 ού
625 935 787 1014 μουσικῆς
797 928 904 1013 μόνον
915 927 998 997 ἀλλά
1007 933 1060 998 καὶ
1070 932 1198 1016 ῥυθμι-

190 1031 249 1110 κῆς
263 1026 318 1092 καὶ
332 1033 486 1112 μετρικῆς
502 1028 556 1093 καὶ
570 1033 627 1111 τῆς
638 1034 698 1111 σῆς
709 1032 909 1111 φιλοσοφίας
924 1026 1081 1112 μάλιστα,
1094 1033 1151 1112 τῆς
1160 1051 1198 1093 τε

191 1127 334 1207 φυσικῆς
355 1125 409 1190 καὶ
433 1129 490 1208 τῆς
516 1121 653 1209 ήθικῆς·
685 1119 748 1207 τήν
769 1121 834 1209 γάρ
861 1123 1071 1210 διαλεκτικήν
1094 1122 1199 1209 αὐτῆς

190 1223 383 1304 περιεργίαν
400 1217 541 1303 ἀκαιρον
556 1216 641 1306 αύτῆ
655 1217 842 1303 νενόμικεν.
864 1218 906 1286 ού
923 1218 990 1305 μήν
1005 1218 1082 1287 οὐδὲ
1096 1223 1199 1308 ρητο-

191 1321 285 1399 ρικῆς
310 1312 514 1401 ἀφέστηκεν,
536 1313 621 1389 ἀλλά
637 1316 693 1382 καὶ
711 1315 833 1401 ταύτης
851 1320 990 1402 μετέχει,
1014 1315 1094 1384 καθ’
1113 1315 1199 1384 ὅσον

189 1410 298 1496 ἤθους
315 1414 417 1478 τεκαὶ
433 1413 567 1490 πάθους
582 1412 783 1496 ἐπιδεικτική
798 1414 904 1499 ἐστιν,
922 1406 971 1480 τόν
981 1416 1036 1481 καὶ
1050 1418 1084 1482 οί
1094 1413 1199 1501 ῥήτο-

191 1534 245 1593 ρες
261 1515 436 1592 γλίχονται.
460 1506 523 1576 ούκ
535 1507 741 1594 ἀπήλλακται
755 1513 791 1577 δέ
802 1511 857 1578 καί
867 1519 1031 1597 γραφικῆς
1044 1513 1098 1579 καὶ
1109 1519 1197 1579 πλα-

191 1613 317 1690 στικῆς,
334 1603 417 1673 ἀλλά
433 1609 486 1674 καὶ
502 1605 565 1693 τῆν
580 1609 616 1674 ἐν
630 1606 766 1685 ταύταις
782 1604 971 1693 εὐρυθμίαν
985 1607 1125 1693 μάλιστα
1139 1633 1196 1692 μι-

190 1705 340 1787 μουμένη
357 1708 524 1790 φαίνεται,
541 1701 585 1782 ὡς
599 1706 704 1790 μηδέν
715 1702 839 1790 ἀμείνω
850 1706 931 1791 μήτε
942 1709 1079 1772 Φειδίαν
1093 1701 1198 1789 αὐτῆς

190 1799 271 1886 μήτε
284 1796 442 1888 Ἀπελλῆν
460 1801 544 1870 εἶναι
559 1807 680 1873 δοκελν.
703 1808 753 1870 36.
770 1799 834 1886 πρὸ
851 1802 987 1870 πάντων
1001 1804 1037 1869 δέ
1048 1810 1197 1888 Μνημο-

190 1897 298 1982 σύνην
313 1901 367 1966 καὶ
387 1897 448 1986 τῆν
464 1903 635 1987 θυγατέρα
658 1897 758 1985 αὐτῆς
774 1900 972 1986 Πολύμνιαν
987 1902 1087 1967 ἵλεων
1108 1905 1197 1985 ἔχειν

190 1994 274 2085 αὐτῆ
291 1996 461 2085 πρόκειται
475 2001 530 2067 καί
544 2007 733 2085 μεμνῆσθαι
747 2004 899 2083 πειρᾶται
914 1994 1086 2064 ἀπάντων·
1110 1993 1194 2064 κατὰ

188 2093 254 2179 γάρ
270 2121 321 2162 τοι
341 2094 402 2163 τὸν
419 2094 596 2184 Ὁμηρικόν
614 2097 789 2180 Κάλχαντα
808 2092 868 2160 τὸν
885 2092 1050 2180 όρχηστῆν
1073 2096 1195 2161 είδέναι

189 2189 249 2278 χρῆ
267 2193 330 2277 ,,τά
346 2193 377 2260 τ’
394 2194 491 2263 ἐόντα
506 2196 546 2262 τά
560 2193 590 2262 τ’
607 2194 769 2279 ἐσσόμενα
784 2192 849 2273 πρό
864 2190 893 2259 τ’
910 2192 1007 2261 ἐόντα
1015 2200 1049 2276 ,“
1070 2189 1114 2270 ὡς
1130 2218 1196 2278 μη-

190 2290 248 2356 δὲν
263 2288 367 2356 αὐτόν
382 2294 572 2377 διαλαθεῖν,
593 2288 668 2359 ἀλλ’
687 2288 771 2358 εἶναι
789 2289 968 2376 πρόχειρον
983 2287 1045 2376 τήν
1059 2289 1196 2377 μνήμην

190 2385 310 2453 αὐτῶν.
333 2389 388 2453 καί
402 2384 438 2453 τό
454 2387 516 2472 μὲν
531 2388 715 2473 κεφάλαιον
729 2395 786 2473 τῆς
802 2384 1011 2473 ὑποθέσεως,
1036 2387 1195 2475 μιμητική

189 2489 237 2560 τίς
257 2485 346 2550 ἐστιν
371 2485 532 2570 ἐπιστήμη
553 2485 608 2552 καί
632 2484 776 2571 δεικτικῆ
797 2489 851 2553 καὶ
872 2494 939 2553 τῶν
960 2489 1195 2572 ἐννοηθέντων

119 2604 172 2658 290
189 2580 420 2668 έξαγορευτικῆ
436 2583 491 2650 καὶ
505 2589 574 2649 τῶν
588 2578 730 2667 ἀφανῶν
745 2585 981 2671 σαφηνιστική,
1005 2587 1058 2650 καί
1073 2580 1157 2667 ὅπερ
1173 2578 1193 2650 ὁ

190 2685 399 2767 Θουκυδίδης
417 2684 492 2768 περὶ
512 2688 572 2748 τοῦ
586 2686 789 2767 Περικλέους
810 2687 874 2768 έφη
889 2684 1034 2749 ἐπαινῶν
1047 2676 1108 2747 τόν
1128 2677 1193 2747 ἀν·

189 2784 268 2864 δρα,
284 2787 381 2846 τούτο
398 2782 452 2848 καὶ
467 2777 504 2848 τό
520 2787 581 2847 τοῦ
597 2776 760 2868 ὀρχηστοῦ
774 2778 959 2867 ἀκρότατον
973 2779 1137 2865 έγκάμιον
1148 2774 1193 2846 ἀν

188 2887 256 2963 είη,
276 2883 407 2963 γνῶναί
420 2902 456 2945 τε
473 2874 513 2944 τά
534 2882 652 2946 δέοντα
667 2878 723 2946 καὶ
738 2879 938 2965 ἑρμηνεῦσαι
954 2875 1056 2945 αὐτά·
1089 2879 1192 2963 ἑρμη-

187 2981 281 3042 νείαν
294 2974 330 3042 δέ
350 2981 416 3043 νύν
428 2971 492 3062 τῆν
506 2976 692 3063 σαφήνειαν
705 2982 773 3043 τῶν
787 2974 962 3062 σχημάτων
978 2976 1074 3060 λέγω.
1102 2979 1153 3043 37.
1170 2972 1192 3061 ῆ

187 3074 223 3140 δὲ
244 3080 334 3140 πάσα
353 3080 401 3160 τῷ
422 3079 508 3163 ἐργφ
524 3080 663 3160 χορηγία
684 3069 704 3158 ῆ
725 3070 849 3142 παλαιά
867 3077 995 3160 ίστορία
1015 3076 1121 3158 ἐστίν,
1147 3072 1193 3153 ὡς

186 3185 364 3257 προεῖπον,
389 3168 477 3257 καλή
491 3171 666 3258 πρόχειρος
681 3168 782 3257 αὐτῆς
797 3168 910 3257 μνήμη
924 3195 960 3237 τε
976 3173 1032 3239 καὶ
1045 3169 1116 3258 μετ’
1134 3170 1193 3238 εύ-

186 3275 342 3353 πρεπείας
353 3271 521 3348 ἐπίδειξις·
544 3265 609 3335 ἀπό
621 3266 686 3355 γάρ
697 3268 799 3354 χάους
810 3265 915 3346 εύθύς
926 3272 980 3337 καὶ
991 3276 1049 3356 τῆς
1059 3270 1192 3356 πρύτης

185 3371 245 3430 τοῦ
261 3365 390 3450 κόσμου
401 3368 561 3452 γενέσεως
575 3364 763 3453 ἀρξάμενον
772 3365 834 3454 χρῆ
849 3365 954 3435 αὐτόν
965 3366 1095 3438 ἅπαντα
1106 3373 1191 3440 εἰδέ-
