2575 3842
314 225 533 286 ΟΝΕΙΡΟΣ
553 228 579 278 H
596 225 911 284 ΑΛΕΚΤΡΤΩΝ.
1053 223 1116 286 393

109 390 296 468 πλουσίων,
313 388 346 450 οί
359 383 395 450 δὲ
409 388 583 466 φρίττουσι
597 382 653 447 καὶ
667 379 917 466 ὑποπτήσσουσι
932 387 986 451 καὶ
1001 388 1116 450 διανο-

109 495 185 564 μαῖς
198 481 392 547 ίλάσκονταί
406 499 452 545 σε.
475 475 599 562 λουτρά
610 482 672 563 μὲν
686 475 751 562 γάρ
763 477 808 557 ῶς
821 483 906 564 ἔχοις
917 484 970 547 καὶ
985 478 1117 564 ἀγῶνας

109 580 162 644 καὶ
177 578 329 662 θεάματα
343 578 396 644 καὶ
410 569 514 643 τάλλα
529 579 649 660 διαρκῆ
666 575 812 658 ἅπαντα,
828 579 949 644 ἐκείνοι
962 586 1115 661 πονοῦσι,

108 671 152 740 σύ
169 675 204 740 δὲ
218 672 386 759 ἐξεταστὴς
403 676 457 740 καί
474 669 674 758 δοκιμαστὴς
689 671 807 757 πικρός
825 673 937 759 ῶσπερ
955 675 1117 759 δεσπότης

109 767 188 836 οὑδὲ
198 771 302 855 λόγου
315 768 511 855 μεταδιδούς
527 772 648 850 ἐνίοτε,
670 768 734 836 κάν
749 789 803 836 σοι
818 777 916 860 δοκή,
936 771 1117 857 κατεχαλά-

110 873 206 952 ζησας
223 865 335 936 αὑτῶν
349 865 528 953 ἀφθόνους
540 865 619 945 τούς
632 875 754 947 λίθους
766 864 789 953 ή
803 867 861 946 τάς
877 868 992 947 οὐσίας
1005 867 1116 935 αὐτῶν

109 962 308 1049 ἐδήμευσας·
334 962 411 1031 ούτε
428 963 464 1030 δὲ
481 964 699 1049 συκοφάντην
715 968 824 1043 δέδιας
845 964 945 1044 αὑτός
961 965 1039 1034 ούτε
1056 975 1115 1052 λη-

109 1059 192 1146 στήν
202 1059 246 1146 μή
259 1058 420 1146 ὑφέληται
432 1059 469 1128 τό
480 1068 619 1148 χρυσίον
631 1060 781 1149 ὑπερβάς
793 1061 829 1129 τό
841 1071 998 1148 θριγκίον
1010 1059 1032 1149 ή
1045 1067 1117 1130 διο-

109 1157 210 1239 ρύξας
234 1155 294 1226 τόν
315 1172 441 1246 τοίχου,
466 1157 543 1226 ούτε
563 1160 739 1244 πράγματα
758 1164 841 1243 ἐχεις
860 1161 1071 1246 λογιζόμενος
1094 1155 1115 1244 ή

108 1253 258 1322 ἀπαιτῶν
273 1253 295 1342 ή
309 1271 377 1334 τοῖς
395 1257 593 1341 καταράτοις
607 1257 797 1343 οἰκονόμοις
813 1257 1046 1325 διαπυκτεύων
1061 1259 1116 1324 καὶ

109 1352 192 1440 πρός
204 1356 366 1434 τοσαύτας
377 1361 558 1444 φροντίδας
569 1356 853 1443 διαμεριζόμενος,
870 1355 953 1425 ἀλλά
971 1363 1115 1443 κρηπῖδα

109 1457 307 1533 συντελέσας
320 1453 400 1522 ἑπτά
422 1451 564 1542 ὀβολούς
579 1460 663 1540 ἔχων
680 1452 740 1522 τόν
759 1455 903 1541 μισθόν,
926 1452 1117 1532 ἀπαναστὰς

108 1554 182 1635 περὶ
197 1557 310 1637 δείλην
327 1549 427 1632 ὀψίαν
442 1553 663 1638 λουσάμενος,
683 1549 728 1637 ήν
742 1557 840 1641 δοκῇ,
859 1557 1028 1639 σαπέρδην
1040 1549 1114 1619 τιυά
1133 1563 1184 1618 736

108 1639 129 1731 ή
145 1655 297 1732 μαινίδας
309 1646 331 1735 ή
344 1649 528 1734 κρομμύων
544 1654 724 1735 κεφαλίδας
735 1647 847 1735 ὀλίγας
860 1650 1042 1737 πριάμενος
1058 1647 1115 1716 εύ-

111 1752 262 1829 φραίνεις
276 1744 418 1813 σεαυτόν
434 1746 527 1835 ᾄδων
545 1745 585 1813 τά
600 1747 706 1814 πολλοὶ
723 1750 777 1814 καὶ
796 1756 836 1835 τή
851 1756 1002 1836 βελτίστη
1018 1753 1115 1834 πενία

111 1850 403 1926 προσφιλοσοφῶν.
426 1849 477 1910 23.
496 1841 579 1910 ῶστε
592 1841 646 1910 διά
658 1850 761 1910 ταῦτα
775 1842 936 1928 ὑγιαίνεις
947 1872 982 1912 τε
994 1847 1047 1912 καὶ
1059 1850 1115 1928 ἐρ-

109 1962 214 2026 ρωσαι
231 1941 267 2009 τό
286 1948 380 2028 σῶμα
394 1946 449 2010 καὶ
464 1946 688 2026 διακαρτερεῖς
705 1939 788 2028 πρός
807 1939 844 2008 τό
859 1943 976 2026 κρύος·
1006 1946 1040 2008 οί
1051 1942 1115 2006 πό-

109 2060 163 2106 νοι
177 2039 242 2123 γάρ
260 2059 297 2106 σε
309 2041 562 2126 παραθήγοντες
573 2037 636 2106 ούκ
651 2037 947 2125 εὐκαταφρόνητον
963 2036 1116 2120 ἀνταγω-

107 2134 226 2222 νιστήν
240 2135 466 2222 ἀποφαίνουσι
481 2135 563 2220 πρὸς
573 2133 613 2202 τά
626 2140 792 2203 δοκοῦντα
805 2150 873 2213 τοῖς
883 2133 995 2211 ἀλλοις
1006 2132 1115 2218 ἀμαχα

107 2235 202 2303 εἰναι.
226 2233 338 2322 ἀμέλει
350 2234 451 2304 οὐδέν
465 2254 518 2302 σοι
529 2242 595 2303 τῶν
609 2242 762 2319 χαλεπῶν
773 2233 903 2302 τούτων
916 2232 1116 2316 νοσημάτων

107 2334 296 2419 πρόσεισιν,
325 2332 399 2402 ἀλλ’
424 2335 468 2421 ἥν
490 2358 570 2401 ποτε
596 2340 725 2418 κοῦφος
746 2331 889 2419 πυρετός
912 2331 1116 2415 ἐπιλάβηται,

107 2430 191 2516 πρός
205 2431 321 2518 ὀλίγον
341 2430 550 2521 ὑπηρετήσας
565 2428 656 2520 αὐτῷ
678 2429 888 2516 ἀνεπήδησας
909 2427 1015 2508 εύθὺς
1032 2426 1118 2496 ἀπο-

108 2532 302 2619 σεισάμενος
318 2528 381 2620 τήν
395 2530 497 2617 ἀσην,
513 2528 531 2597 ὁ
549 2528 585 2598 δὲ
603 2530 722 2617 φεύγει
736 2529 854 2598 αὐτίκα
871 2531 1035 2616 φοβηθεὶς
1049 2541 1117 2608 ψυ-

107 2635 191 2712 χροῦ
204 2654 239 2695 τε
250 2627 340 2713 δρῶν
355 2628 610 2715 ἐμφορούμενον
624 2631 679 2697 καί
690 2626 800 2716 μακρά
812 2628 964 2714 οίμῶζειν
976 2630 1116 2712 λέγοντα

109 2739 178 2803 ταῖς
199 2732 359 2806 ἰατρικαῖς
377 2726 559 2808 περιόδοις·
591 2732 625 2794 oc
640 2726 677 2795 δὲ
693 2725 753 2794 ὑπ’
775 2727 935 2809 ἀκρασίας
951 2724 1065 2793 ἀθλιοι
1085 2728 1121 2792 τί

109 2829 176 2890 τῶν
196 2831 309 2891 κακῶν
328 2821 391 2890 οὐκ
409 2828 537 2907 ἔχουσι,
563 2825 733 2909 ποδάγρας
751 2827 807 2892 καὶ
822 2824 934 2910 φθόας
949 2825 1003 2890 καί
1020 2846 1116 2907 περι-

107 2930 311 3009 πνευμονίας
321 2925 375 2992 καὶ
386 2920 545 3004 ὑδέρους;
560 2928 664 2988 ταῦτα
675 2919 740 3006 γάρ
751 2929 819 2988 τῶν
828 2928 1021 2989 πολυτελῶν
1032 2923 1117 2987 ἐκεί-

107 3049 178 3091 νων
195 3027 339 3090 δείπνων
363 3017 521 3105 ἀπόγονα.
550 3026 732 3106 τοιγαροῦν
748 3024 783 3086 οί
798 3019 860 3105 μὲν
875 3016 988 3086 αὑτῶν
1004 3017 1115 3101 ῶσπερ

106 3117 265 3205 δ”Ικαρος
282 3120 335 3186 ἐπὶ
348 3116 435 3184 πολὺ
451 3116 591 3202 ἀραντες
606 3113 730 3196 αὑτούς
743 3117 798 3184 καὶ
813 3117 1054 3203 πλησιάσαντες
1068 3123 1113 3206 τῶ
1133 3129 1183 3186 737

107 3215 189 3307 ήλίφ
205 3213 268 3284 ούκ
290 3215 412 3293 είδότες
427 3213 478 3282 ότι
496 3225 588 3305 κηρῷ
607 3214 754 3302 ἥρμοστο
771 3213 883 3293 αὑτοῖς
901 3213 921 3302 ή
944 3217 1114 3300 πτέρωσις,

107 3316 213 3400 μέγαν
229 3320 333 3382 ἐνίοτε
348 3311 409 3381 τόν
428 3313 578 3400 πάταγον
596 3317 756 3400 ἐποίησαν
770 3315 822 3382 ἐπὶ
836 3311 988 3401 κεφαλήν
1009 3316 1041 3390 ἐς
1056 3315 1116 3379 πέ-

107 3421 208 3497 λαγος
224 3412 435 3499 ἐμπεσόντες·
458 3411 531 3482 ὅσοι
546 3413 581 3482 δὲ
596 3411 681 3482 κατά
702 3408 762 3480 τόν
775 3418 945 3482 Δαίδαλον
960 3409 1005 3498 μή
1025 3410 1116 3479 πάνυ
