2575 3842
177 147 239 210 154
535 147 832 206 ΛΟΤΚΙΑΝΟΥ

177 302 284 392 φοράς
297 307 351 373 καὶ
361 305 464 393 μόνης
476 311 533 391 τῆς
544 311 660 390 φωνῆς
671 302 872 373 ὑπεύθυνον
882 309 1035 391 παρέχων
1045 305 1182 372 ἑαυτόν·

155 455 156 460 1
177 400 216 470 τά
232 401 296 490 γάρ
312 402 395 471 ἀλλα
412 416 480 481 τοῖς
494 417 641 487 ποιηταῖς
654 405 791 488 ἐμέλησε
805 398 871 486 πρό
887 409 1015 469 πολλοῦ
1028 425 1108 468 ποτε
1124 389 1183 486 γέ-

177 503 346 585 νομένοις·
376 503 431 569 καὶ
446 503 540 586 μέχρι
560 499 622 585 μὲν
639 497 844 585 Ἀνδρομάχη
860 525 910 578 τις
928 497 949 584 ἢ
964 497 1086 586 Ἑκάβη
1104 501 1182 581 έστί,

177 595 350 684 φορητόςὴ
363 595 442 687 ᾠδή,
454 594 534 662 όταν
546 596 582 662 δέ
591 593 755 680 Ἡρακλῆς
763 593 864 673 αότός
875 593 1039 664 είσελθῶν
1048 599 1182 686 μονῳδῇ

177 790 213 860 τό
232 792 381 876 ῥόπαλον
395 789 415 858 δ
430 800 625 877 περίκειται,
649 797 820 860 σολοικίαν
838 784 876 858 εῦ
892 797 1032 877 φρονῶν
1049 788 1183 866 είκότως

178 896 259 975 φαίη
277 889 321 955 ἀν
335 915 385 968 τις
398 884 435 955 τό
451 893 595 973 πρᾶγμα.
618 893 669 955 28.
686 890 741 956 καὶ
756 885 822 973 γάρ
839 880 901 973 αῦ,
918 884 1001 971 ὅπερ
1019 884 1184 962 ἐνεκάλεις

177 994 216 1075 τῇ
232 983 425 1072 ὀρχηστικῇ,
441 982 477 1053 τό
490 983 615 1069 ἀνδρας
625 983 724 1061 ὄντας
735 997 896 1068 γυναῖκας
906 992 1096 1070 μιμεῖσθαι,
1111 1006 1184 1049 κοι-

176 1080 240 1149 νόν
254 1089 352 1150 τοῦτο
367 1083 431 1150 καὶΙ
442 1089 499 1167 τῆς
514 1085 697 1172 τραγῳδίας
711 1082 836 1166 καὶτῆς
850 1084 1023 1170 κωμῳδίας
1037 1085 1184 1163 ἔγκλημα

176 1175 222 1246 ἀν
235 1188 300 1264 εἴη·
323 1186 458 1260 πλείους
468 1186 554 1265 γοῦν
569 1181 606 1246 έν
620 1176 735 1257 αῦταϊς
748 1185 815 1246 τῶν
829 1176 964 1265 ἀνδρῶν
974 1181 1010 1244 αί
1017 1189 1181 1262 γυναῖκες.

178 1283 229 1346 29.
244 1275 264 1364 ἡ
280 1283 435 1368 κωμῳδία
450 1281 487 1346 δὲ
504 1282 641 1347 καὶτῶν
656 1277 845 1363 προσώπων
862 1275 975 1345 αὐτῶν
989 1274 1026 1344 τδ
1043 1277 1184 1361 καταγέ-

178 1383 301 1442 λαστον
315 1378 414 1462 μέρος
432 1383 493 1444 τοῦ
514 1382 660 1462 τερπνοῦ
679 1374 764 1462 αὑτῇ
783 1375 977 1462 νενόμικεν,
1004 1369 1057 1441 οἷα
1077 1374 1184 1440 Δάων

109 1490 161 1544 286
180 1474 233 1540 καλ
253 1479 377 1559 Τιβίων
392 1475 446 1541 καλ
459 1481 626 1558 μαγείρων
639 1473 811 1555 πρόσωπα.
842 1471 879 1540 τό
895 1470 931 1540 δὲ
944 1479 1004 1539 τοῦ
1020 1469 1183 1556 ὀρχηστοῦ

180 1575 286 1654 σχῆμα
304 1567 347 1645 ῶς
361 1568 423 1654 μέν
437 1569 576 1655 κόσμιον
590 1572 646 1637 καὶ
661 1566 821 1655 εὐπρεπές
835 1568 898 1638 οῦκ
910 1570 967 1656 ἐμὲ
982 1566 1045 1655 χρὴ
1057 1569 1182 1651 λέγειν·

181 1670 264 1749 δῆλα
277 1662 342 1749 γάρ
362 1680 430 1744 τοῖς
444 1663 489 1752 μὴ
503 1676 642 1754 τυφλοῖς
655 1674 767 1734 ταῦτα.
798 1665 834 1733 τό
854 1666 890 1735 δέ
904 1666 1085 1753 πρόσωπον
1100 1659 1182 1730 αὐτὸ

182 1761 227 1842 ῶς
242 1763 420 1830 κάλλιστον
431 1766 486 1832 καὶ
499 1773 545 1856 τῷ
556 1763 765 1856 ὑποκειμένῳ
776 1766 917 1853 δράματι
932 1766 1055 1849 έοικός,
1071 1759 1113 1830 οῦ
1127 1788 1184 1829 κε-

180 1855 281 1947 χηνός
295 1860 331 1924 δὲ
350 1855 393 1938 ῶς
408 1862 516 1928 ἐκεῖνα
531 1858 614 1930 ἀλλά
631 1861 862 1948 συμμεμυκός·
885 1868 950 1947 ἔχει
960 1859 1025 1947 γάρ
1039 1855 1186 1935 πολλοῦς

181 1955 259 2036 τοῦς
275 1952 361 2040 ὑπὲρ
384 1955 488 2026 αὐτοῦ
504 1965 661 2045 βοῶντας.
693 1965 745 2028 30.
761 1958 863 2028 πάλαι
878 1959 941 2044 μέν
956 1955 1021 2043 γάρ
1039 1961 1072 2024 οί
1091 1955 1185 2022 αὐτοὶ

180 2057 235 2122 καὶ
244 2046 330 2142 ᾖδον
341 2055 393 2122 καὶ
407 2051 590 2140 ῶρχοῦντο·
609 2053 662 2122 εἶτ’
675 2054 786 2142 ἐπειδὴ
798 2059 1009 2142 κινουμένων
1020 2051 1056 2120 τό
1069 2046 1184 2142 ᾆσθμα

180 2151 241 2238 την
262 2148 353 2240 ᾠδὴν
372 2152 605 2238 ἐπετάραττεν,
629 2153 770 2240 ἀμεινον
793 2160 906 2235 έδοξεν
929 2152 1052 2229 ἀλλους
1073 2148 1185 2226 αὐτοῖς

180 2249 333 2337 ὑπᾴδειν.
355 2254 406 2316 31.
424 2254 460 2316 αί
469 2250 505 2316 δὲ
516 2247 695 2329 ὑποθέσεις
708 2255 817 2320 κοιναὶ
830 2248 1044 2338 ἀμφοτέροις,
1059 2252 1114 2317 καλ
1125 2245 1185 2314 οό-

181 2350 239 2413 δέν
251 2372 281 2412 τι
299 2347 545 2432 διακεκριμέναι
558 2355 625 2414 τῶν
638 2358 806 2434 τραγικῶν
820 2356 856 2419 αί
868 2348 1075 2437 ὀρχηστικαί,
1096 2343 1185 2430 πλὴν

167 2442 232 2518 Ιότι
246 2442 478 2526 ποικιλῶτεραι
495 2437 592 2512 αὗται
612 2449 668 2515 καὶ
683 2454 971 2535 πολυμαθέστεραι
995 2451 1050 2517 καλ
1066 2453 1186 2533 μυρίας

181 2540 363 2626 μεταβολὰς
386 2546 525 2627 ἔχουσαι.
555 2550 607 2614 32.
632 2551 663 2612 εί
682 2546 719 2615 δέ
734 2546 779 2635 μὴ
797 2547 978 2633 έυαγῶνιος
999 2543 1020 2631 ἡ
1041 2544 1184 2630 ὄρχησις,

181 2643 312 2723 ἐκείνην
334 2636 420 2705 εἷναί
442 2665 526 2726 φημι
544 2645 668 2727 αἰτίαν,
696 2643 731 2714 τδ
754 2647 847 2728 δόξαι
871 2660 940 2724 τοῖς
959 2642 1185 2731 ἀγωνοθέταις

180 2742 292 2823 μεῖζον
312 2739 367 2804 καὶ
386 2737 588 2826 σεμνότερον
611 2737 648 2807 τό
670 2750 805 2829 πρᾶγμα
824 2740 847 2830 ἢ
868 2741 953 2812 ῶστε
973 2749 1018 2820 εἰς
1038 2742 1185 2820 ἐξέτασιν

181 2842 364 2902 καλεῖσθαι.
391 2839 434 2902 έῶ
449 2839 559 2922 λέγειν
574 2835 625 2905 ότι
644 2839 741 2917 πόλις
757 2841 794 2906 έν
813 2838 930 2929 Ἰταλία
949 2847 1010 2907 τοῦ
1024 2842 1186 2908 Χαλκιδι-

181 2940 244 3000 κοῦ
255 2935 374 3017 γένους
384 2931 404 3019 ἡ
416 2931 532 3023 ἀρίστη
543 2940 598 3005 καλ
610 2945 709 3005 τοῦτο
721 2934 831 3018 ῶσπερ
846 2964 878 3005 τι
888 2939 1043 3023 κόσμημα
1052 2943 1098 3027 τῷ
1108 2932 1183 3018 παρ’

181 3029 293 3109 αὐτοῖς
309 3029 414 3116 ἀγῶνι
428 3037 675 3118 προστέθεικεν.

111 3143 161 3199 287
266 3136 316 3198 33.
330 3129 452 3199 ’λδθέλω
464 3135 504 3199 δέ
515 3152 568 3198 σοι
580 3135 728 3200 ἐνταῦθα
736 3130 800 3218 ἤδη
813 3127 1088 3218 ἀπολογήσασθαι
1100 3128 1185 3214 ὑπὲρ

181 3235 248 3294 τῶν
265 3233 579 3316 παραλελειμμένων
593 3238 638 3321 τῳ
659 3231 748 3320 λόγῳ
769 3230 975 3315 παμπόλλων
990 3228 1115 3314 όντων,
1142 3224 1187 3305 ῶς

182 3323 226 3409 μὴ
248 3324 350 3404 δόξαν
369 3323 541 3414 ἀγνοίαςῆ
564 3327 711 3414 ἀμαθίας
731 3327 965 3413 παράσχωμαι·
998 3325 1040 3394 οῦ
1061 3326 1126 3413 γάρ
1144 3351 1186 3411 με
