2575 3842
189 166 253 229 324
532 169 859 247 [AOYKIANOY]

190 332 224 396 οί
232 330 267 394 δὲ
278 323 331 395 οἷα
343 326 383 414 δη
396 331 623 415 κεκενωμένης
633 337 690 414 τῆς
700 335 805 408 οἰκίας
816 335 902 398 νέων
914 337 1086 400 δεσποτῶν
1096 339 1204 420 ἐγνω-

190 447 253 492 σαν
262 429 377 511 μηκέτι
389 429 503 511 μένειν
514 429 550 492 ἐν
561 433 600 514 τῇ
612 431 762 516 δουλείᾳ,
778 425 861 496 ἀλλά
873 429 980 496 πάντα
992 432 1207 515 διαρπάσαν-

188 549 241 602 τες
257 522 297 590 τά
320 528 420 590 ἔνδον
443 531 536 610 φυγῇ
555 525 725 604 ἐσώζοντο.
760 523 777 590 ὁ
800 526 836 594 δὲ
859 524 981 612 νομεδς
1002 535 1069 595 τῶν
1080 531 1204 594 λ’ππων

189 620 271 707 κάμέ
288 620 493 708 παραλαβών
507 625 561 689 καὶ
576 620 682 688 πάνθ’
700 622 762 689 ὅσα
778 623 921 703 δυνατός
934 624 1114 712 συλλαβῶν
1129 628 1203 692 ἐπι·

189 722 350 805 κατέδησέ
360 745 416 805 μοι
431 721 485 787 καὶ
499 734 569 798 ταῖς
583 722 696 798 ἵπποις
710 727 799 788 ****.
831 720 895 807 έγῶ
915 723 951 792 δὲ
968 720 1124 810 ἠχθόμην
1142 726 1204 808 μὲν

189 821 304 903 φέρων
317 823 458 901 φορτίον
475 817 558 884 όνου
569 815 755 904 ἀληθινοῦ,
772 817 846 887 ἀλλ’
860 813 924 887 οὖν
935 819 1078 908 ἄσμενος
1093 819 1130 889 τό
1144 824 1204 906 έμ-

188 916 309 982 πόδιον
323 921 421 981 τοῦτο
435 922 492 999 τῆς
508 917 587 1001 ἐμης
603 917 765 1002 ἐδεξάμην
781 919 928 1003 ἐκτομῆς.
950 921 1007 986 καὶ
1017 917 1079 1004 τὴν
1095 919 1204 986 νύκτα

189 1011 271 1098 ὅλην
288 1012 444 1092 ἐλθόντες
466 1011 548 1081 ὁδδν
562 1012 731 1099 ἀργαλέαν
745 1018 798 1082 καὶ
815 1022 918 1097 τριῶν
935 1015 1049 1085 ἀλλων
1064 1014 1203 1102 ἡμερῶν

188 1109 249 1197 τὴν
265 1109 348 1179 ὁδόν
365 1110 550 1191 ἀνύσαντες
566 1115 733 1199 ἐρχόμεθα
753 1117 786 1192 ἐς
800 1115 900 1183 πόλιν
913 1123 971 1201 τῆς
985 1120 1203 1193 Μακεδονίας

187 1213 329 1295 Βέροιαν
340 1211 489 1297 μεγόλην
503 1213 556 1280 καὶ
567 1213 851 1297 πολυάνθρωπον.
867 1219 918 1280 35.
934 1217 1082 1282 ἐνταῦθα
1094 1220 1202 1298 ἔγνω·
1278 1218 1279 1303 ]

189 1328 252 1376 σαν
271 1313 304 1376 οί
322 1306 460 1394 ἀγοντες
474 1307 557 1396 ἡμᾶς
577 1313 711 1394 ἱδρῦσαι
733 1311 787 1378 καὶ
808 1311 955 1390 ἑαυτούς.
990 1313 1045 1378 καὶ
1066 1311 1141 1378 τότε
1159 1306 1198 1393 δὴ

188 1412 308 1491 πρᾶσις
318 1398 361 1491 ἦν
373 1405 468 1492 ἡμῶν
479 1414 546 1473 τῶν
558 1415 689 1491 κτηνῶν
702 1409 755 1475 καί
767 1413 870 1493 κῆρυξ
882 1407 1030 1494 εὔφημος
1042 1411 1079 1475 ἐν
1091 1405 1198 1493 ἀγορᾷ
1278 1442 1279 1449 ¹

188 1505 270 1590 μέση
287 1501 386 1580 έστῶς
403 1505 589 1587 ἐκήρυττεν.
615 1507 649 1571 οἱ
661 1503 697 1571 δὲ
714 1506 907 1588 προσιόντες
922 1511 1006 1574 ι’δεῑν
1020 1504 1149 1592 ἤθελον
1160 1500 1199 1569 τὰ

190 1601 336 1686 στόματα
351 1598 445 1686 ἡμῶν
462 1599 653 1686 ἀνοίγοντες
669 1605 722 1670 καὶ
736 1601 800 1689 τὴν
814 1601 947 1690 ἡλικίαν
962 1606 1080 1681 ἐντοῖς
1097 1599 1200 1668 ὀδοῦ-

189 1719 243 1764 σιν
260 1697 399 1765 έκάστου
415 1705 571 1786 ἔβλεπον,
596 1698 744 1778 καὶτοὺς
759 1700 820 1786 μὲν
837 1700 1008 1787 ὠνήσαντο
1023 1698 1124 1776 ἀλλος
1138 1695 1199 1765 ἀλ-

188 1805 264 1882 λον,
289 1795 344 1882 ἐμέ
361 1798 396 1865 δέ
417 1797 561 1866 ὕστατον
577 1797 861 1885 ὑπολελειμμένον
882 1796 899 1866 ὁ
922 1802 1025 1884 κῆρυξ
1045 1800 1200 1864 ἐκέλευεν

120 1912 171 1967 604
190 1886 291 1972 αὖθις
305 1897 485 1982 έπανόγειν
499 1901 532 1977 ές
548 1898 651 1966 οἶκον.
668 1896 782 1987 Ὁρᾷς,
801 1905 881 1985 ἔφη,
904 1890 1002 1975 οὗτος
1017 1897 1121 1982 μόνος
1138 1895 1199 1982 οὐχ

191 1990 310 2079 εὕρηκε
327 1995 455 2081 κόριον.
479 1994 499 2084 ἡ
519 1997 555 2064 δὲ
572 1993 677 2064 πολλὰ
696 1995 853 2075 πολλάκις
871 1999 1053 2083 δινουμένη
1068 1996 1123 2062 καὶ
1140 2021 1198 2080 με-

190 2102 395 2162 ταπίπτουσα
405 2100 548 2183 Νέμεσις
558 2095 661 2182 ἤγαγε
670 2092 768 2180 κάμοὶ
782 2094 842 2164 τόν
854 2095 1035 2180 δεσπότην,
1051 2088 1125 2160 οἷον
1137 2091 1201 2159 οὐκ

187 2189 231 2259 ἀν
246 2192 420 2280 εὐξαίμην·
442 2199 591 2272 κίναιδος
602 2192 666 2280 γάρ
678 2194 733 2260 καὶ
747 2197 856 2278 γέρων
868 2187 910 2280 ἦν
924 2194 1054 2262 τούτων
1070 2185 1116 2269 εἷς
1130 2198 1200 2258 τῶν

188 2291 249 2376 τὴν
272 2290 357 2358 θεόν
378 2289 441 2377 τὴν
461 2297 592 2377 Συρίαν
617 2298 663 2369 είς
682 2289 740 2370 τὰς
760 2294 873 2380 κοόμας
895 2296 948 2362 καὶ
974 2289 1053 2369 τούς
1073 2286 1201 2375 ἀγροὺς

188 2390 438 2474 περιφερόντων
449 2391 503 2456 καί
515 2386 576 2474 τὴν
586 2387 672 2457 θεὸν
683 2392 828 2459 ἐπαιτεῖν
837 2389 1101 2478 ἀναγκαζόντων.
1118 2389 1201 2456 τού-

188 2513 233 2576 τω
244 2486 472 2570 πιπράσκομαι
484 2494 607 2573 πολλῆς
616 2488 709 2554 πάνυ
718 2495 822 2575 τιμῆς,
833 2490 1011 2574 τριάκοντα
1023 2493 1200 2574 δραχμῶν·

187 2587 242 2652 καὶ
258 2587 385 2652 στένων
398 2583 462 2670 ἤδη
478 2592 523 2674 τῷ
541 2585 685 2673 δεσπότῃ
700 2587 840 2674 εἱπόμην
854 2587 980 2673 ἄγοντι.
1010 2593 1061 2654 36.
1078 2587 1148 2653 ἐπεὶ
1164 2589 1202 2653 δὲ

187 2681 315 2768 ἥκομεν
330 2687 416 2750 ἔνθα
441 2683 518 2773 ᾤκει
536 2690 682 2770 Φίληβος
696 2726 738 2737 -
752 2694 850 2754 τοῦτο
870 2684 934 2772 γάρ
953 2685 1038 2772 εἶχεν
1056 2685 1165 2770 ὄνομα
1182 2682 1200 2751 ὁ

189 2780 403 2866 ῶνησάμενός
419 2784 603 2868 με-μέγα
618 2780 723 2862 εὐθὺς
734 2781 799 2867 πρό
810 2791 868 2870 τῆς
878 2785 989 2869 θόρας
1000 2781 1201 2868 ἀνέκραγεν,

185 2873 225 2947 Ὠ
243 2881 400 2966 κοράσια,
424 2884 548 2949 δοῦλον
568 2878 648 2967 ὑμῖν
663 2882 809 2967 ἐώνημαι
825 2880 930 2951 καλόν
946 2885 1000 2951 καλ
1020 2879 1129 2968 ἁδρόν
1143 2889 1202 2948 καί

189 2978 421 3067 Καππαδόκην
433 2979 470 3048 τό
488 2985 592 3067 γένος.
615 2973 703 3066 ’ἦσαν
719 2980 755 3047 δὲ
768 2978 807 3049 τά
823 2981 965 3066 κορασια
981 2989 1084 3049 ταῦτα
1100 2977 1201 3064 ὄχλος

188 3081 349 3144 κιναίδων
370 3085 545 3165 συνεργῶν
562 3085 623 3145 τοῦ
639 3080 806 3165 Φιληβου,
828 3082 883 3147 καί
898 3079 1018 3156 πάντες
1035 3075 1120 3162 πρός
1135 3078 1201 3163 τὴν

187 3173 273 3263 βοὴν
288 3173 531 3262 ἀνεκρότησαν·
555 3175 660 3265 ᾤοντο
676 3174 741 3262 γάρ
757 3174 892 3262 ἀληθῶς
909 3174 1095 3261 ἄνθρωπον
1111 3172 1202 3242 εἶναι

188 3270 247 3339 τὸν
266 3273 464 3358 ἐωνημένον.
490 3271 584 3352 ὡςδὲ
600 3271 690 3341 εἶδον
703 3273 787 3342 όνον
801 3272 882 3342 όντα
898 3271 959 3341 τὸν
974 3277 1115 3357 δοῦλον,
1132 3271 1202 3359 ἤδη

189 3376 292 3435 ταῦτα
302 3374 333 3447 ἐς
344 3369 404 3437 τόν
414 3378 562 3457 Φίληβον
574 3377 754 3455 ἔσκωπτον,
773 3379 902 3439 Τοῦτον
913 3369 955 3439 οό
965 3376 1099 3455 δοῦλον,
1112 3370 1201 3439 ἀλλὰ
