2575 3842
503 229 737 288 ΕΙΚΟΝΕΣ.
1060 227 1125 292 243

113 402 252 470 εναιμον
265 379 391 461 ἁπλῶς·
412 381 452 451 τὰ
464 389 552 470 χείλη
565 384 601 451 δὲ
613 380 667 452 οἷα
676 383 838 472 Ῥωξάνης
852 383 870 453 ὁ
882 384 1015 458 Ἀετίων
1025 412 1122 477 ποιη-

113 481 210 549 σάτω.
244 487 272 549 8.
291 482 469 567 μᾶλλονδὲ
488 478 549 548 τόν
564 479 703 563 ἄριστον
718 489 787 550 τῶν
802 486 960 569 γραφέων
973 483 1122 572 Ὅμηρον

113 579 279 662 παρόντος
288 576 512 665 Εὐφράνορος
523 582 576 647 καὶ
588 578 749 649 Ἀπελλοῦ
758 583 959 667 δεδέγμεθα·
975 578 1048 650 οἷον
1056 583 1121 668 γάρ

113 704 143 744 τι
157 691 226 755 τοῖς
234 677 415 744 Μενελάου
429 691 546 763 μηροῖς
563 674 600 744 τό
612 686 728 764 χρῶμα
739 681 865 756 ἐκεῖνος
877 682 1037 767 ἐπέβαλεν
1052 682 1124 747 ἐλέ-

114 800 214 859 φαντι
225 772 357 851 ελκάσας
368 771 473 859 ήρέμα
484 778 744 863 πεφοινιγμένῳ,
754 776 884 852 τοιόνδε
894 781 978 844 ἔστω
988 775 1025 845 τό
1037 783 1120 844 πᾶν·

113 870 131 940 δ
150 869 183 938 δ’
201 868 301 949 αὐτὸς
319 863 416 949 οὗτος
430 875 484 940 καλ
501 869 580 949 τούς
601 869 801 958 ὀφθαλμούς
817 874 977 960 γραψάτω
993 879 1122 962 βοῶπίν

113 996 187 1036 τινα
203 968 344 1054 ποιήσας
365 968 480 1053 αὐτήν.
511 970 770 1055 συνεπιλήψεται
788 972 824 1039 δὲ
838 980 900 1039 τοῦ
915 978 1016 1057 ἔργου
1030 969 1121 1060 αὐτῷ

113 1063 201 1134 καὶὸ
225 1073 369 1152 Θηβαίοις
389 1067 543 1152 ποιητής,
571 1064 614 1144 ῶς
636 1071 838 1154 ἰοβλέφαρον
860 1069 1119 1155 ἐξεργάσασθαι·

113 1166 167 1231 καλ
189 1166 365 1249 φιλομειδῆ
390 1163 427 1230 δὲ
440 1161 585 1249 ’Όμηρος
605 1165 737 1250 ποιήσει
760 1168 814 1232 καὶ
835 1166 1045 1234 λευκώλενον
1066 1166 1121 1232 καὶ

112 1258 443 1347 ροδοδάκτυλον,καὶ
454 1258 702 1349 όλωςτῇχρυσή
712 1258 888 1350 Ἀφροδίτη
899 1263 1023 1332 εἰκάσει
1033 1258 1121 1328 πολύ

113 1357 321 1440 δικαιότερον
337 1353 359 1442 ή
375 1355 437 1443 τήν
451 1366 512 1426 τού
525 1361 679 1442 Βρισέως.
714 1364 744 1425 9.
762 1365 864 1426 ταῦτα
879 1360 940 1444 μὲν
955 1353 1019 1428 οὖν
1035 1367 1122 1425 πλα-

113 1461 201 1522 στῶν
215 1456 269 1522 καλ
283 1457 443 1541 γραφέων
456 1458 511 1524 καὶ
527 1463 675 1542 ποιητῶν
690 1461 805 1535 παῖδες
819 1459 1024 1542 ἐργάσονται.
1048 1453 1068 1523 δ
1084 1457 1121 1522 δὲ

112 1560 214 1622 πᾶσιν
229 1557 372 1622 ἐπανθεῖ
385 1555 531 1639 τούτοις,
554 1552 575 1640 ἡ
589 1555 713 1640 Χάρις,
736 1562 864 1640 μᾶλλον
881 1556 917 1622 δὲ
933 1561 1037 1622 πᾶσαι
1052 1551 1122 1638 ἅμα

112 1649 233 1719 ὁπόσαι
248 1652 390 1739 Χάριτες
404 1657 458 1720 καλ
478 1650 597 1721 ὁπόσοι
607 1651 749 1740 Ἔρωτες
763 1653 1051 1740 περιχορεύοντες,
1072 1657 1120 1729 τίς

111 1746 155 1816 όῖν
170 1752 379 1837 μιμήσασθαι
396 1751 551 1830 δύναιτος

195 1853 298 1913 ΠΟΛ.
321 1848 506 1915 Θεσπέσιον
519 1873 550 1913 τι
564 1853 691 1932 χρήμα,
711 1839 888 1930 ῶΛυκῑνε,
906 1846 971 1934 φής
985 1850 1039 1915 καὶ
1054 1851 1121 1914 διι-

112 1941 205 2018 πετὲς
223 1938 266 2018 ῶς
281 1939 416 2028 άληθῶς
433 1939 507 2010 οἷόν
522 1969 553 2009 τι
565 1949 633 2009 τῶν
650 1945 683 2021 ἐξ
700 1940 851 2029 ούρανοῦ
864 1948 1005 2029 γένοιτο.
1033 1952 1067 2011 τί
1082 1945 1117 2011 δέ
1137 1952 1188 2011 467

113 2037 327 2119 πράττουσαν
342 2037 424 2118 εἶδες
440 2037 562 2125 αύτήνς

196 2144 294 2204 ΛΤΚ.
317 2145 455 2226 Βιβλίον
476 2141 513 2206 έν
535 2152 611 2206 ταῖν
630 2152 743 2224 χεροῖν
764 2137 850 2224 εἶχεν
866 2141 899 2216 ἐς
920 2138 982 2204 δύο
1006 2157 1121 2205 συνει-

110 2237 272 2323 λημένον,
295 2239 350 2305 καὶ
370 2237 465 2328 ἐρύκει
482 2235 519 2306 τό
534 2240 596 2324 μέν
609 2263 641 2305 τι
662 2235 920 2322 άναγντόσεσθαι
938 2233 1059 2321 αὐτοῦ,
1081 2233 1118 2302 τό

111 2336 147 2402 δὲ
162 2333 225 2421 ήδη
244 2333 478 2423 ἀνεγνωκέναι.
508 2333 630 2423 μεταξύ
643 2336 680 2404 δὲ
691 2343 855 2418 προϊοῦσα
873 2338 1036 2421 διελέγετο
1050 2341 1119 2402 τῶν

111 2436 418 2521 παρομαρτούντων
435 2437 500 2504 τινὶ
511 2432 574 2502 οὐκ
590 2431 665 2501 οἶδα
680 2432 701 2503 ὅ
715 2461 764 2502 τι·
788 2431 830 2501 ού
845 2433 910 2520 γάρ
925 2437 958 2512 ές
975 2433 1119 2521 ἐπήκοον

111 2534 303 2618 ἐφθέγγετο.
327 2533 415 2620 πλήν
426 2530 626 2619 μειδιάσασά
636 2558 686 2618 γε,
703 2525 731 2600 ῶ
741 2533 966 2618 Πολύστρατε,
978 2529 1119 2609 ὀδόντας

111 2632 248 2715 ἐξέφηνε
262 2638 330 2709 πῶς
345 2627 389 2697 δν
405 2637 533 2717 εἴποιμί
543 2651 597 2698 σοι
612 2629 703 2710 ὅπως
718 2629 780 2716 μὲν
795 2633 954 2717 λευκούς,
975 2629 1066 2709 ὅπως
1081 2630 1118 2696 δὲ

110 2728 318 2811 συμμέτρους
329 2729 384 2795 καὶ
396 2727 480 2814 πρὸς
494 2727 659 2816 ἀλλήλους
670 2733 982 2816 συνηρμοσμένους,
1006 2738 1039 2795 ελ
1051 2752 1117 2793 που

111 2823 288 2891 κάλλιστον
304 2822 410 2909 ὅρμον
422 2823 504 2904 εἶδες
515 2829 551 2893 ἐκ
562 2833 630 2893 τῶν
641 2825 890 2893 στιλπνοτάτων
900 2826 956 2892 καὶ
967 2829 1117 2909 ίσομεγε-
1162 2833 1165 2841 ’

1 2911 2 2974 ό
110 2925 187 2988 θῶν
201 2927 432 3006 μαργαριτῶν,
454 2920 561 2998 οὕτως
575 2923 627 2989 ἐπὶ
643 2928 756 3008 στίχου
770 2922 996 3008 ἐπεφύκεσαν·
1021 2922 1118 2988 ἐκοσ-

110 3023 235 3105 μοῦντο
252 3021 289 3085 δέ
309 3019 451 3104 μάλιστα
466 3027 514 3108 τῶ
528 3026 597 3086 τῶν
616 3027 737 3106 χειλῶν
753 3019 947 3106 ἐρυθήματι.
970 3017 1118 3102 ὑπεφαί-

109 3142 210 3186 νοντο
225 3124 329 3204 γοῦν,
347 3114 428 3184 αύτό
446 3114 538 3203 δήτὸ
556 3125 617 3184 τοῦ
628 3116 791 3205 Ὁμήρου,
811 3119 965 3203 ἐλέφαντι
975 3123 1021 3207 τῷ
1038 3141 1117 3200 πρι-

109 3223 176 3304 στῷ
187 3215 312 3303 ὅμοιοι,
328 3211 388 3301 ούχ
400 3219 434 3283 ολ
441 3214 503 3301 μὲν
513 3216 713 3301 πλατύτεροι
722 3214 849 3300 αὐτῶν,
865 3220 899 3284 ολ
907 3217 943 3284 δὲ
954 3219 1119 3302 προέχον-

1 3289 2 3316 ³
109 3311 201 3400 τεςή
226 3314 432 3400 διεστηκότες
460 3309 524 3382 οἷοι
545 3325 615 3392 ταῖς
639 3320 822 3400 πλείσταις,
843 3310 927 3381 ἀλλά
950 3338 1000 3393 τις
1028 3312 1116 3382 πάν-

108 3437 176 3479 των
195 3418 337 3498 ἰσοτιμία
352 3413 406 3481 καὶ
426 3410 584 3499 ὁμόχροια
600 3415 655 3481 καλ
665 3415 811 3494 μέγεθος
826 3416 864 3481 ἓν
878 3416 1118 3565 καιὶδιηροσεχελς
