2575 3842
173 129 235 192 366
528 131 834 188 ΛΟΤΚΙΑΝΟΤ

104 307 156 362 680
175 315 242 377 μου
255 287 315 356 τὸν
330 288 417 356 νεωυ
431 285 453 373 η’
469 285 711 370 άνατρέπωντό
728 285 876 372 άγαλμα,
893 283 936 372 ἢν
950 287 996 375 μὴ
1016 305 1100 370 ταῖς
1112 300 1215 361 Mot-

174 413 247 472 ραις
262 387 364 454 πάλαι
381 388 583 471 δεδογμένον
599 379 636 472 ᾖ,
655 382 716 451 οὐκ
733 387 893 468 ἐπιτρίψω
909 384 1035 467 αὐτόν;

258 491 385 552 ΖΕΥΣ.
407 481 581 568 Οὐδαμῶς.

257 589 390 650 ΗΡΑΚ.
416 579 555 648 Οὐκοῦν
570 579 734 664 άκουσον,
751 572 778 646 ά
787 589 871 664 Ζεῦ,
886 580 966 667 μετά
981 593 1208 669 παρρησίας·

174 677 237 767 ε’γοδ
256 680 337 765 γάρ,
357 676 401 757 ὡς
417 675 435 745 ὁ
451 677 611 767 κωμφδός
625 683 706 764 ἔφη,
722 675 881 762 ἄγροικός
895 684 960 764 είμι
974 677 1041 765 τὴν
1053 682 1207 768 σκάφην

174 777 309 861 σκάφην
324 781 446 861 λέγων·
475 781 505 842 εί
516 776 654 842 τοιαῦτά
669 778 736 842 ἐστι
753 771 792 840 τά
809 772 969 860 ἡμέτερα,
984 777 1108 861 μακροὶ
1126 787 1206 864 χαί-

175 899 247 957 ρειν
260 874 392 959 φράσας
405 887 475 951 ταῖς
490 874 526 940 ἐν
538 870 672 963 οὐρανῷ
683 886 791 957 τιμαῖς
802 873 856 940 καὶ
869 880 967 961 κνίση
984 877 1042 941 καὶ
1057 880 1203 962 ἱερείων

175 975 288 1058 αἵματι
305 972 337 1050 ἐς
355 969 415 1038 τόν
436 968 522 1059 ᾅδην
544 968 679 1055 άπειμι,
701 967 788 1036 ὅπου
812 995 852 1055 με
875 969 1006 1055 γυμνὸν
1026 971 1067 1037 τὸ
1091 975 1199 1053 τόξου

175 1075 291 1153 ἔχοντα
305 1063 370 1136 κάν
381 1065 420 1135 τά
433 1073 552 1136 εἴδωλα
567 1067 748 1156 φοβήσεται
763 1075 830 1134 των
844 1063 903 1134 ὑπ’
918 1070 1001 1154 ἐμοῦ
1012 1094 1196 1155 πεφονευ-

173 1169 284 1251 μένων
300 1173 441 1253 θηρίων.

257 1274 383 1333 ΖΕΥΣ.
406 1259 517 1351 Εὖγε,
533 1273 670 1332 οἴκοθεν
682 1262 699 1330 ὁ
712 1263 849 1350 μάρτυς,
867 1271 986 1350 φησίν·
1008 1261 1194 1344 άπέσωσάς

105 1383 154 1438 681
174 1359 206 1448 γ’
224 1359 267 1430 άν
282 1357 346 1431 οὖν
360 1372 405 1452 τῷ
417 1365 544 1448 Δάμιδι
560 1369 663 1428 ταῦτα
675 1368 779 1430 εἰπεῖν
793 1359 1005 1448 ὑποβάλλων.
1028 1369 1081 1430 33.
1100 1363 1188 1433 άλλό

173 1469 221 1540 τίς
242 1461 259 1529 ὁ
284 1467 413 1549 σπουδῇ
428 1460 578 1546 προσιων
596 1454 712 1546 οὗτος,
735 1460 752 1528 ὁ
770 1469 927 1547 χαλκοῦς,
951 1458 968 1528 ὁ
993 1459 1187 1549 εὔγραμμος

174 1561 228 1625 καὶ
245 1555 519 1643 εὐπερίγραπτος,
545 1556 562 1624 ὁ
580 1556 713 1644 άρχαῑος
733 1556 795 1644 τὴν
812 1556 970 1626 άνάδεσιν
986 1565 1043 1644 τῆς
1060 1560 1188 1646 κόμης,

173 1655 348 1740 μᾶλλονδὲ
363 1652 379 1722 ὁ
395 1654 469 1740 σός,
487 1647 642 1742 ὦἙρμῆ,
659 1653 803 1741 ἀδελφός
818 1657 923 1742 ἐστιν,
940 1654 957 1722 ὁ
974 1654 1154 1742 ἀγοραῖος,
1171 1654 1187 1723 ὁ

174 1751 263 1838 παρὰ
282 1751 343 1840 τὴν
359 1761 538 1840 Ποικίλην·
569 1761 681 1840 πίττης
695 1762 780 1840 γοῦν
795 1752 1044 1839 ἀναπέπλησται
1060 1753 1185 1839 ὁσημέ-

173 1875 229 1935 ραι
251 1852 489 1938 ἐκματτόμενος
503 1849 567 1920 ὑπό
586 1858 653 1918 τῶν
671 1848 967 1933 ἀνδριαντοποιῶν.
998 1858 1045 1936 τί,
1068 1845 1185 1936 άπαῖ,

174 1953 331 2034 δρομαῖος
346 1947 424 2036 ἡμῖν
442 1947 572 2034 άφῑξαι;
594 1941 615 2034 ἦ
632 1949 699 2015 πού
715 1975 745 2014 τι
760 1951 796 2015 ἐκ
818 1956 877 2035 γης
892 1950 1055 2032 νεώτερον
1072 1949 1184 2035 ἀπαγ-

174 2050 315 2130 γέλλεις;

257 2151 540 2213 ΕΡΜΑΓΟΡΑΣ.
559 2144 757 2231 Ὑπέρμεγα,
775 2139 899 2232 οἷΖεῦ,
919 2150 973 2214 καὶ
991 2153 1112 2231 μυρίας
1125 2155 1184 2232 τῆς

174 2247 321 2329 σπουδῆς
340 2245 510 2330 δεόμενον.

257 2350 384 2411 ΖΕΥΣ.
408 2349 492 2430 Λέγε
509 2343 589 2432 ἤδη,
608 2353 641 2412 εί
652 2371 682 2411 τι
701 2345 755 2410 καὶ
767 2341 848 2410 άλλο
863 2339 948 2429 ἡμᾶς
961 2342 1182 2428 ἐπανιστάμε-

173 2465 235 2506 νον
251 2444 403 2526 λέληθεν.
675 2491 677 2495 ·

256 2545 418 2608 EPMAF.
438 2539 637 2628 Ἐτύγχανον
650 2545 711 2628 μὲν
727 2539 800 2627 άρτι
815 2544 1032 2626 χαλκουργῶν
1048 2537 1116 2606 ὕπο

279 2639 495 2724 πιττούμενος
513 2645 653 2727 στέρνον
669 2631 703 2707 τε
718 2642 772 2707 καὶ
789 2638 1015 2724 μετάφρενον·

277 2734 392 2820 θώραξ
410 2739 449 2805 δέ
459 2765 515 2824 μοι
529 2747 657 2825 γελοῖος
672 2736 757 2824 ἀμφὶ
773 2737 899 2822 σώματι

278 2841 437 2914 πλασθεὶς
451 2840 648 2924 παρῃώρητο
663 2844 788 2924 μιμηλῇ
804 2838 901 2922 τέχνη

279 2939 446 3020 σφραγῖδα
462 2944 587 3021 χαλκοῦ
602 2943 713 3002 πᾶσαν
730 2936 991 3019 ἐκτυπούμενος·

280 3030 348 3117 δρῶ
364 3031 394 3101 δ’
413 3033 511 3120 ὄχλον
527 3041 696 3120 στείχοντα
710 3041 768 3102 καί
778 3060 870 3112 τινας
885 3032 946 3098 δύο
972 3057 976 3062 ·

281 3129 408 3217 ὠχροὺς
420 3133 617 3218 κεκράκτας,
630 3131 824 3217 πυγμάχους
836 3128 1063 3214 σοφισμάτων,

278 3236 390 3313 Δᾶμίν
404 3255 439 3295 τε
456 3232 511 3297 καὶ
527 3270 564 3279 -

259 3333 384 3390 zm.
413 3333 523 3409 Περι,
556 3319 789 3411 ω’κρμαγόρα
808 3330 975 3412 βέλτιστε,
1002 3332 1173 3410 αμμαωι·
1257 3356 1258 3359 ¹

1257 3448 1259 3547 λ
