2575 3842
206 202 246 267 76
578 204 883 263 ΛΟῬΚΙΑΝΟΥ

205 363 263 443 δδς
280 367 470 450 ἐπιθυμιῶν
483 356 536 449 ήν.
566 366 595 430 5.
612 360 630 430 6
649 369 782 441 νεανίας
798 364 833 429 δὲ
853 370 910 448 τῆς
923 364 985 449 μὲν
999 371 1092 450 τιμῆς
1108 387 1213 450 παρε-
1250 402 1254 409 ,

138 478 188 534 144
206 463 305 549 χῶρει
326 460 405 529 καθ’
423 459 556 546 ἡλικίαν
574 464 689 551 ἐκείνῳ
706 461 761 527 καὶ
779 461 887 545 μόνου
909 464 1053 540 ἐξίστατο
1074 469 1134 528 τού
1154 469 1213 547 τῆς

205 558 305 645 ἀρχῆς
321 556 499 644 ὀνόματος,
522 556 558 625 τδ
578 556 608 625 δ’
628 564 729 653 ἔργον
746 565 803 643 τῆς
817 562 1015 644 τυραννίδος
1033 562 1086 627 καὶ
1103 557 1139 625 τὸ
1154 584 1213 626 κε-

206 657 350 743 φάλαιον
366 652 467 732 αὐτός
488 649 549 740 ἦν,
571 658 625 722 καὶ
640 654 677 722 τὰ
699 655 761 741 μὲν
778 653 895 723 πιστόν
913 660 967 724 καλ
988 656 1133 743 ἀσφαλὲς
1150 652 1208 723 ἀπ’

206 750 311 819 αὐτοῦ
336 766 469 836 παρεῖχε
489 758 529 838 τή
547 755 740 838 δυναστείᾳ,
764 749 825 835 τήν
843 751 878 818 δὲ
901 749 1088 820 ἀπόλαυσιν
1108 753 1212 838 μόνος

206 853 390 934 ἐκαρποῦτο
404 856 471 915 τῶν
485 846 707 934 ἀδικημάτων.
732 849 857 926 ἐκεῖνος
872 841 915 933 ἧν
930 847 947 916 6
964 848 1042 927 τούς
1060 849 1212 936 δορυφό-

207 972 287 1033 ρους
301 949 465 1031 συνέχων,
483 942 499 1013 6
512 942 573 1030 τήν
584 940 739 1030 φρουρὰν
753 945 946 1031 κρατύνων,
963 944 980 1013 6
995 944 1073 1024 τούς
1086 972 1212 1031 τυραν-

206 1044 391 1128 νουμένους
414 1050 549 1129 φοβῶν,
579 1040 596 1109 6
623 1042 701 1119 τοὺς
729 1044 1007 1129 ἐπιβουλεύοντας
1029 1044 1210 1128 ἐκκόπτων,

207 1143 331 1217 ἐκεῖνος
345 1137 363 1207 6
378 1137 456 1217 τούς
472 1142 619 1227 ἐφήβους
634 1137 810 1224 ἀνασπῶν,
833 1137 851 1206 6
870 1143 1050 1228 ἐνυβρίζων
1067 1156 1133 1218 τοῖς
1146 1139 1211 1225 γά-

206 1261 294 1322 μοις·
317 1238 432 1327 ἐκείνῳ
446 1242 483 1304 αἱ
494 1238 659 1319 παρθένοι
674 1235 856 1322 ἀνήγοντο,
874 1240 928 1306 καὶ
944 1248 977 1306 εί
986 1265 1073 1318 τινες
1085 1241 1210 1322 σφαγαὶ

207 1337 261 1401 καὶ
278 1344 312 1401 εί
323 1359 410 1412 τινες
425 1336 529 1420 φυγαὶ
545 1337 600 1401 καὶ
610 1333 787 1419 χρημάτων
798 1332 988 1421 ἀφαιρέσεις
1003 1336 1058 1403 καλ
1067 1334 1211 1423 βάσανοι

208 1433 261 1497 καὶ
273 1429 402 1517 ύβρεις,
414 1433 522 1499 πάντα
533 1437 636 1497 ταῦτα
647 1430 835 1515 τολμήματα
846 1425 890 1517 ήν
901 1432 1049 1501 νεανικά.
1072 1429 1089 1498 6
1101 1433 1211 1516 γέρων
1269 1456 1276 1467 ·

207 1530 243 1596 δέ
260 1531 383 1606 ἐκεῖνος
397 1527 577 1614 ήκολούθει
592 1530 646 1595 καὶ
662 1533 832 1612 συνηδίκει
846 1532 901 1597 καὶ
921 1530 1033 1619 ἐπήνει
1047 1528 1153 1614 μόνον
1168 1525 1210 1593 τά

207 1632 268 1692 τού
291 1623 408 1703 παιδός
427 1624 628 1711 ἀδικήματα,
653 1626 707 1691 καλ
724 1623 760 1691 τδ
782 1633 917 1711 πρᾶγμα
938 1624 1017 1712 ἡμῖν
1037 1624 1211 1711 ἀφόρητον

208 1726 434 1812 καθειστήκει·
463 1726 544 1793 ὅταν
558 1723 622 1811 γάρ
640 1730 676 1793 αλ
691 1732 747 1810 τῆς
761 1726 895 1812 γνώμης
909 1729 1081 1811 ἐπιθυμίαι
1096 1724 1156 1809 τήν
1173 1727 1211 1791 ἐκ

206 1828 263 1907 τῆς
280 1819 379 1908 ἀρχῆς
393 1827 546 1903 ἐξουσίαν
560 1822 810 1909 προσλάβωσιν,
834 1822 956 1891 οὐδένα
972 1822 1053 1907 ὅρον
1068 1830 1210 1890 ποιούν-

206 1943 259 1984 ται
275 1926 342 1986 τῶν
356 1918 576 2007 ἀδικημάτων.
597 1928 627 1989 6.
646 1922 785 2007 μάλιστα
798 1923 833 1989 δὲ
848 1925 953 1991 ἐκεῖνο
967 1922 1094 2006 ἐλύπει,
1109 1919 1145 1987 τὸ
1163 1926 1212 1986 εί-

207 2017 299 2082 δέναι
316 2019 463 2104 μακράν,
485 2027 611 2105 μᾶλλον
629 2024 664 2086 δὲ
679 2017 788 2086 ἀίδιον
801 2016 863 2104 τήν
880 2026 1035 2087 δουλείαν
1049 2023 1211 2103 ἐσομένην

207 2117 261 2180 καὶ
278 2115 314 2180 ἐκ
326 2118 479 2201 διαδοχῆς
489 2121 813 2202 παραδοθησομένην
829 2115 891 2202 τήν
908 2118 1006 2185 πόλιν
1021 2116 1136 2185 άλλοτε
1147 2114 1211 2181 άλ-

207 2219 254 2300 λφ
270 2214 412 2302 δεσπότῃ
425 2217 479 2282 καὶ
494 2223 651 2301 πονηρῶν
663 2218 898 2303 κληρονόμημα
909 2216 1134 2303 γενησόμενον
1148 2211 1212 2281 τόν

207 2314 327 2393 δῆμον·
350 2306 394 2387 ῶς
404 2326 472 2389 τοῖς
482 2338 520 2397 γε
531 2311 644 2391 ἀλλοις
659 2311 700 2379 οὐ
710 2316 811 2398 μικρά
822 2342 870 2393 τις
882 2319 970 2394 ἐλπλς
983 2314 1084 2400 αύτη,
1101 2310 1137 2381 τδ
1149 2322 1210 2380 λο-

206 2409 354 2487 γίζεσθαι
375 2409 429 2474 καὶ
446 2406 529 2492 πρός
544 2407 667 2487 αὐτούς
689 2414 815 2498 λέγειν,
840 2411 936 2499 ,ἀλλ’
953 2412 1016 2499 ήδη
1036 2411 1209 2495 παύσεται,

206 2500 281 2569 ἀλλ’
295 2500 358 2589 ήδη
374 2508 567 2592 τεθνήξεται
588 2510 641 2575 καὶ
659 2508 730 2593 μετ’
748 2509 863 2597 ὀλίγον
878 2513 1050 2594 ἐλεύθεροι
1067 2508 1210 2597 γενησό-

205 2609 328 2686 μεθα.“
359 2601 411 2669 ἐπ’
433 2607 570 2672 ἐκείνων
590 2607 626 2672 δὲ
644 2603 744 2673 οὐδὲν
765 2616 918 2677 τοιοῦτον
933 2607 1098 2696 ήλπίζετο,
1124 2604 1209 2675 ἀλλά
1248 2682 1252 2689 ,

206 2701 361 2783 ἑωρῶμεν
371 2699 434 2787 ήδη
446 2704 579 2789 ἕτοιμον
591 2701 651 2771 τόν
663 2712 719 2789 τῆς
730 2702 830 2791 ἀρχῆς
842 2706 1007 2791 διάδοχον.
1029 2711 1210 2792 τοιγαροῦν
1269 2728 1272 2731 ·

206 2794 280 2862 οὐδ’
305 2799 481 2884 ἐπιχειρεῖν
502 2828 551 2879 τις
573 2800 693 2885 ἐτόλμα
713 2811 780 2868 τῶν
801 2813 966 2889 γεννικῶν
987 2807 1041 2873 καὶ
1061 2802 1101 2871 τά
1123 2799 1209 2869 αὐτά

138 2915 186 2970 145
206 2895 656 2984 ἐμολπροαιρουμένων,ἀλλ’
666 2897 856 2984 ἀπέγνωστο
869 2900 1107 2988 παντάπασινή
1118 2905 1210 2969 ἐλευ-

203 2998 301 3077 θερία
317 2996 371 3061 καὶ
385 2993 509 3082 ἀμαχος
521 2995 542 3083 ἡ
554 3000 711 3080 τυραννὶς
723 2998 830 3065 ἐδόκει
841 2997 925 3084 πρδς
938 3000 1119 3077 τοσούτους
1131 3003 1209 3067 ἐσο-Δ

203 3092 304 3174 μένης
317 3098 374 3176 τῆς
388 3094 627 3180 ἐπιχειρήσεως.
650 3100 678 3161 7.
696 3091 770 3162 ἀλλ’
783 3092 845 3161 οὐκ
859 3094 913 3180 ἐμὲ
924 3103 1027 3163 ταῦτα
1042 3097 1210 3182 ἐφόβησεν

203 3186 282 3255 οὐδὲ
305 3186 342 3255 τό
367 3192 522 3276 δυσχερὲς
543 3200 599 3278 τῆς
620 3194 768 3280 πράξεως
787 3192 1003 3278 λογισάμενος
1024 3193 1209 3279 ἀπώκνησα

203 3283 282 3353 οὐδὲ
298 3286 381 3371 πρὸς
399 3288 460 3356 τόν
479 3294 641 3358 κίνδυνον
656 3288 885 3376 ἀπεδειλίασα,
910 3292 1013 3377 μόνος
1028 3297 1080 3377 δέ,
1105 3292 1210 3378 μόνος

202 3382 286 3466 πρὸς
302 3384 407 3465 οὕτως
422 3386 562 3473 ἰσχυράν
582 3390 636 3456 καὶ
656 3387 783 3475 πολλήν
798 3395 997 3476 τυραννίδα,
1023 3398 1152 3476 μᾶλλον
1174 3394 1211 3457 δὲ
