2575 3842
199 167 239 230 16
557 171 853 229 AOPKIANOP

198 326 385 396 ἀποθανεῖν
400 324 422 413 ἢ
437 328 793 414 τοιαῦταέρρητόρευε.
817 331 872 398 καὶ
886 337 984 420 τοῦτο
996 336 1060 417 ἐφη
1075 331 1211 408 ἰδόντας

198 423 277 504 τούς
289 425 456 510 παρόντας
468 423 616 504 ἅπαντας
627 426 801 512 θαυμάσαι
813 430 868 494 καὶ
880 425 1136 512 ὑπερεπαινέσαι
1146 427 1211 495 τόν

194 522 386 610 Ἀφράνιον.
406 522 470 610 ε’γύ
483 526 518 592 δὲ
529 525 584 591 καλ
593 520 632 591 τά
646 522 729 592 ἀλλα
739 524 802 611 μὲν
814 522 918 618 αὐτοῦ
930 515 1209 610 κατεγίγνωσκον,

198 625 379 710 μονονουχὶ
402 629 519 708 ζωμῶν
536 623 591 689 καὶ
607 621 766 688 λοπάδων
787 624 1001 709 μεμνημένου
1021 624 1075 690 καὶ
1091 624 1210 688 ἐπιδα-

198 720 361 807 κρύοντος
373 727 412 808 τη
426 727 494 786 τῶν
509 718 730 787 πλακούντων
746 719 878 810 μνήμη,
900 729 997 788 τοῦτο
1015 722 1051 790 δέ
1065 721 1209 807 μάλιστα

198 819 401 910 ᾐτιασάμην,
425 817 476 885 ότι
495 815 541 906 μὴ
561 815 622 886 τόν
639 821 835 904 συγγραφέα
852 821 907 888 καὶ
924 819 1125 888 διδάσκαλον
1146 823 1209 885 τοῦ

199 919 364 1004 δράματος
379 914 638 1004 προαποσφάξας
656 915 815 986 ἀπέθανε.

283 1020 334 1086 27.
347 1012 500 1098 Πολλούς
512 1017 547 1082 δὲ
560 1018 614 1084 καὶ
625 1014 748 1094 ἀλλους
759 1013 895 1102 ὁμοίους
905 1016 1034 1096 τούτοις
1046 1024 1129 1103 έχων
1141 1036 1207 1099 σοι,

199 1107 365 1199 ύὲταίρε,
387 1113 721 1200 καταριθμήσασθαι,
744 1110 866 1200 ὀλίγων
882 1112 972 1199 ὅμως
993 1115 1209 1200 ἐπιμνησθεὶς

199 1213 251 1280 ἐπὶ
271 1209 332 1296 τὴν
349 1215 464 1298 ἑτέραν
483 1209 664 1297 ὑπόσχεσιν
679 1209 742 1298 ἤδη
764 1213 1018 1298 μετελεύσομαι,
1038 1208 1099 1297 τὴν
1119 1230 1208 1296 συμ-

198 1307 328 1395 βουλὴν
345 1306 435 1390 ὅπως
449 1305 493 1375 ἀν
508 1307 647 1395 ἀμεινον
658 1310 849 1396 συγγράφοι
863 1336 928 1390 τις·
951 1313 1012 1380 είσὶ
1026 1311 1090 1397 γάρ
1107 1335 1206 1393 τινες,

199 1414 234 1475 οἳ
247 1406 286 1477 τά
302 1409 428 1494 μεγάλα
439 1408 502 1493 μὲν
514 1415 582 1476 τῶν
595 1410 840 1495 πεπραγμένων
853 1409 908 1476 καὶ
919 1407 1206 1495 ἀξιομνημόνευτα

198 1513 460 1589 παραλείπουσιν
469 1501 491 1591 ἢ
500 1499 742 1591 παραθέουσιν,
751 1504 818 1572 ύπό
832 1505 867 1575 δὲ
877 1512 1038 1586 ἰδιωτείας
1048 1507 1103 1573 καὶ
1113 1503 1206 1571 ἀπει-

198 1611 353 1689 ροκαλίας
368 1605 422 1672 καὶ
446 1601 581 1690 ἀγνοίας
602 1611 671 1672 των
687 1607 829 1679 λεκτέων
848 1599 870 1689 ἦ
886 1606 1078 1690 σιωπητέων
1093 1600 1132 1669 τά
1149 1629 1204 1688 μι-

196 1701 339 1782 κρότατα
354 1701 445 1768 πάνυ
459 1709 604 1783 λιπαρῶς
619 1702 673 1770 καὶ
685 1702 876 1787 φιλοπόνως
888 1701 1131 1788 ἑρμηνεύουσιν
1147 1700 1206 1782 έμ-

197 1800 437 1885 βραδύνοντες,
459 1798 568 1885 ὥσπερ
583 1796 627 1866 ἀν
644 1809 677 1867 ελ
683 1826 732 1877 τις
745 1806 806 1868 τοῦ
816 1797 901 1876 Διός
916 1804 976 1867 τοῦ
994 1800 1031 1865 έν
1044 1795 1204 1882 Ὀλυμπίᾳ

196 1893 233 1964 τό
252 1897 314 1979 μὲν
330 1893 412 1963 ὅλον
427 1896 547 1973 κάλλος
562 1901 724 1962 τοσοῦτον
738 1897 793 1963 καὶ
807 1901 961 1962 τοιοῦτον
975 1888 1072 1980 δνμη
1088 1895 1202 1980 βλέποι

196 1993 279 2080 μηδὲ
297 1995 448 2079 ἐπαινοίη
465 1997 548 2079 μηδὲ
562 2008 630 2072 τοῖς
643 1990 706 2060 ούκ
723 1993 848 2062 είδόσιυ
864 1996 1028 2079 ἐξηγοῖτο,
1043 2000 1105 2059 τοῦ
1118 1988 1202 2058 ὑπο-

18 2091 316 2184 Qootov
333 2091 369 2159 δὲ
382 2091 420 2159 τό
435 2118 470 2160 τε
486 2089 669 2177 εὐθυεργὲς
684 2093 739 2158 καὶ
749 2088 785 2158 τό
800 2089 955 2174 εὔξεστον
969 2091 1135 2174 θαυμάζοι
1150 2092 1204 2154 καὶ

147 2211 182 2266 36
198 2197 256 2273 τῆς
271 2194 429 2275 κρηπῖδος
440 2187 477 2260 τό
491 2187 682 2276 εὔρυθμον,
699 2193 870 2258 καὶταῦτα
881 2190 972 2257 πάνυ
986 2185 1066 2275 μετά
1080 2194 1204 2272 πολλῆς

196 2291 374 2372 φροντίδος
391 2287 532 2366 διεξιόν.
563 2293 614 2356 28.
633 2286 698 2372 ἐγω
714 2297 800 2374 γοῦν
815 2286 945 2375 ἤκουσά
962 2314 1052 2366 τινος
1067 2285 1128 2373 τὴν
1142 2287 1205 2371 μὲν

196 2380 247 2452 ἐπ’
267 2380 421 2473 Εύρύπφ
438 2384 547 2470 μάχην
565 2387 601 2453 ἐν
619 2383 694 2454 οὐδ’
717 2386 807 2465 όλοις
825 2383 905 2455 ἑπτά
922 2392 1015 2470 ἔπεσι
1031 2389 1206 2470 παραδρα-

195 2481 334 2567 μόντος,
351 2492 454 2551 εἴκοσι
470 2486 506 2551 δὲ
522 2489 624 2571 μέτρα
641 2482 663 2571 ἢ
677 2491 725 2553 ἔτι
738 2492 841 2554 πλείω
858 2484 980 2564 ύδατος
994 2483 1206 2559 ἀναλωκότος
1274 2504 1275 2565 χ

195 2583 228 2658 ές
249 2577 382 2664 ψυχράν
405 2585 460 2650 καλ
480 2579 581 2650 οὐδὲν
598 2579 679 2668 ἡμίν
701 2582 1133 2670 προσήκουσανδιήγησιν,
1161 2578 1207 2659 ὡς
1274 2628 1275 2633 1

195 2679 339 2762 Μαῦρός
353 2706 403 2758 τις
414 2679 533 2760 ἱππεύς
544 2683 735 2761 Μαυσάκας
744 2680 893 2768 τούνομα
907 2678 973 2749 ὑπὸ
990 2686 1108 2761 δίψους
1119 2687 1206 2748 πλα-

195 2777 345 2862 νεόμενος
356 2775 421 2844 ἀνά
436 2777 474 2846 τά
487 2779 549 2866 όρη
560 2782 743 2867 καταλάβοι
753 2782 890 2867 Σύρους
901 2778 994 2858 τινάς
1006 2786 1074 2848 τῶν
1087 2775 1206 2864 ἀγροί-

195 2901 283 2959 κων,
308 2873 446 2961 άριστον
467 2881 772 2964 παρατιθεμένους,
798 2870 852 2947 καλ
875 2877 926 2946 ὅτι
945 2875 985 2945 τά
1006 2877 1068 2962 μὲν
1089 2883 1205 2961 πρῶτα

196 2978 316 3042 ἐκεῖνοι
332 2981 517 3060 φοβηθεῖεν
531 2974 654 3062 αὐτόν,
675 2973 743 3045 εἶτα
760 2979 874 3063 μέντοι
887 2975 1056 3060 μαθόντες
1076 2973 1121 3052 σός
1136 2980 1206 3040 τῶν

195 3079 303 3157 φίλων
324 3083 373 3159 ελη
390 3078 605 3154 κατεδέξαντο
625 3079 681 3144 καὶ
696 3080 878 3143 εἱστίασαν·
901 3076 956 3142 καὶ
974 3075 1040 3160 γάρ
1055 3100 1130 3141 τινα
1144 3099 1205 3140 τν-

194 3186 264 3256 χεῑν
280 3169 393 3240 αὐτῶν
407 3171 681 3260 ἀποδεδημηκότα
696 3176 751 3241 καὶ
772 3171 877 3241 αύτόν
894 3175 927 3251 ές
943 3171 1005 3258 τὴν
1019 3181 1087 3241 τῶν
1101 3173 1206 3239 Μαύ-

195 3293 281 3354 ρων,
302 3267 451 3354 ἀδελφοῦ
469 3268 561 3359 αὐτῷ
575 3273 612 3338 έν
628 3278 668 3358 τῇ
682 3281 725 3359 γη
742 3274 1018 3356 στρατευομένου.
1045 3277 1152 3356 μῦθοι
1168 3265 1206 3337 τὸ

193 3365 273 3451 μετά
287 3374 385 3461 τοῦτο
401 3371 520 3454 μακροὶ
534 3371 588 3436 καὶ
599 3371 781 3454 διηγήσεις,
799 3367 842 3448 ὡς
852 3369 1035 3456 θηράσειεν
1046 3366 1147 3447 αύτός
1168 3373 1207 3438 έν
