2575 3842
376 191 820 252 ΙΚΑΡΟΜΕΝΙΠΠΟΣ.
1038 193 1101 257 417

57 353 138 421 καὶ
165 349 352 438 ἑκατόμβας
376 359 591 436 παριστᾶσιν,
620 353 676 437 ἐμὲ
698 355 734 418 δὲ
756 350 867 438 ὥσπερ
887 355 1102 440 παρηβηκότα

61 455 214 527 ἱκανοῖς
230 454 436 534 τετιμηκέναι
452 455 660 535 νομίζουσιν,
675 446 721 516 ἀν
734 448 789 517 διὰ
805 451 902 516 πέντε
914 449 1003 518 όλων
1018 455 1102 519 έτοῦν

64 548 247 614 θύσωσιν
267 550 304 613 έν
323 544 493 635 Ὀλυμπία.
527 554 708 633 τοιγαροῦν
725 551 951 633 ψυχροτέρους
972 547 1016 614 ἀν
1035 576 1102 633 μου

64 641 166 722 τούς
182 640 319 730 βωμούς
335 649 419 722 ίδοις
434 651 502 710 τῶν
512 645 693 722 Πλάτωνος
708 643 822 730 νόμων
836 641 858 730 ἢ
872 652 939 711 τῶν
950 652 1102 727 Χρυσίπ-

72 765 156 806 που
174 747 418 826 συλλογισμῶν.

175 843 228 908 25.
255 835 391 904 Τοιαῦτ’
406 835 485 905 ἀττα
497 839 673 916 διεξιόντες
687 836 925 925 ἀφικνούμεθα
941 844 974 916 ἐς
985 837 1022 906 τό
1034 866 1101 924 χω-

74 941 175 1019 ρίον,
188 939 274 1001 ἔνθα
286 939 352 1002 ἔδει
364 932 468 1002 αὐτόν
479 935 707 1021 καθεζόμενον
715 940 891 1004 διακοῦσαι
902 944 970 1003 τῶν
977 932 1098 1021 εὐχῶν.

73 1036 230 1116 θυρίδες
241 1032 277 1098 δὲ
286 1025 374 1117 ἦσαν
386 1035 459 1116 ἑξῆς
469 1046 537 1109 τοῖς
551 1038 697 1117 στομίοις
710 1039 778 1100 τῶν
790 1033 946 1118 φρεάτων
960 1036 1100 1100 ἐοικυῖαι

77 1129 230 1213 πώματα
245 1134 379 1214 ἔχουσαι
390 1131 445 1196 καὶ
459 1126 539 1214 παρ’
553 1130 674 1216 έκάστη
686 1130 814 1215 θρόνος
828 1136 933 1198 ἔκειτο
944 1139 1098 1215 χρυσοῦς.

77 1231 234 1301 καθίσας
248 1218 312 1290 οὐν
329 1223 449 1292 ἑαυτὸν
464 1227 517 1292 ἐπὶ
537 1233 595 1311 τῆς
610 1225 742 1311 πραότης
757 1225 774 1293 6
790 1227 875 1304 Ζεῦς
892 1230 947 1294 καὶ
963 1224 1100 1312 ἀφελοδν

77 1324 122 1392 τὰ
147 1331 248 1410 πῦμα
269 1339 402 1410 παρεῖχε
422 1340 490 1403 τοῖς
515 1325 703 1411 εὐχομένοις
724 1327 860 1393 ἑαυτόν·
893 1325 1035 1411 ηὔχοντο
1061 1329 1098 1394 δὲ
1117 1343 1168 1398 λθλ

81 1422 304 1508 πανταχόθεν
319 1431 376 1509 τῆς
391 1425 453 1510 ’γῆς
468 1423 615 1508 διάφορα
631 1425 686 1490 καὶ
702 1431 844 1491 ποικίλα.
877 1425 1097 1510 συμπαρακύ-

83 1535 152 1600 ψας
173 1519 239 1605 χάρ
256 1525 310 1588 καί
332 1518 432 1600 αὐτὸς
449 1522 615 1608 ἐπήκουον
639 1520 709 1607 ἅμα
724 1529 792 1588 τῶν
813 1518 929 1608 εὐχῶν.
957 1516 1045 1608 ἦσαν
1062 1523 1099 1588 δὲ

84 1620 230 1698 τοιαίδε,
253 1609 292 1682 Ὦ
313 1624 396 1702 Ζεῦ,
423 1623 621 1704 βασιλεῦσαί
639 1643 696 1703 μοι
718 1621 865 1706 γένοιτο·
898 1612 925 1686 οὐ
945 1626 1029 1705 Ζεῦ,
1057 1616 1097 1684 τὰ

86 1712 246 1799 κρόμμυά
261 1737 318 1798 μοι
331 1721 438 1797 φῦναι
448 1712 552 1780 καὶτὰ
563 1714 725 1799 σκόροδα·
749 1710 776 1783 ὦ
790 1724 883 1803 θεοί,
898 1715 959 1785 τόν
972 1718 1097 1800 πατέρα

87 1836 145 1896 μοι
160 1811 282 1894 ταχέως
303 1806 505 1876 ἀποθανεῖν·
533 1807 551 1874 ὁ
570 1812 609 1875 δέ
619 1836 668 1886 τις
682 1815 763 1897 ἐφη,
784 1821 871 1880 Εἴθε
887 1813 1097 1898 κληρονομή-

88 1930 182 1991 σαιμι
193 1911 250 1990 τῆς
261 1906 435 1990 γυναικός,
454 1915 527 1973 είθε
539 1905 677 1992 λάθοιμι
688 1909 930 1995 ἐπιβουλεύσας
941 1917 986 1996 τῷ
999 1909 1097 1976 ἀδελ-

89 2011 144 2092 φῷ
150 2054 160 2088 ,
171 2002 302 2087 γένοιτό
312 2029 368 2089 μοι
380 2009 514 2090 νικῆσαι
523 2001 585 2090 τὴν
597 2009 713 2091 δίκην,
725 2014 913 2092 στεφθῆναι
924 2004 964 2073 τὰ
975 2003 1096 2091 Ὀλύμ-

89 2125 157 2166 πια.
180 2107 247 2166 τῦν
263 2101 436 2169 πλεόντων
451 2101 487 2169 δέ
503 2099 521 2169 6
538 2102 600 2189 μὲν
615 2104 739 2190 βορέαν
753 2102 872 2189 ηὐχετο
889 2105 1095 2186 ἐπιπνεῦσαι,

90 2197 108 2272 ὁ
123 2198 158 2265 δὲ
168 2200 284 2287 νότον,
302 2198 319 2268 6
332 2202 368 2269 δὲ
378 2200 525 2287 χεωργδς
535 2200 607 2290 ᾔτει
618 2200 734 2288 ὑετόν,
752 2199 770 2268 6
783 2202 819 2269 δέ
830 2199 978 2287 κναφεὺς
988 2199 1094 2286 ἥλιον.

92 2298 265 2366 ἐπακούων
280 2299 316 2365 δὲ
331 2296 348 2365 6
361 2297 447 2378 Ζεύς
461 2303 516 2367 καὶ
527 2299 589 2385 την
604 2298 705 2386 εὐχην
715 2292 857 2389 έκοίστην
868 2299 1013 2387 ἀκριβῶς
1027 2304 1095 2379 ἐξε-

91 2395 194 2476 τάζων
208 2395 249 2463 οὐ
264 2396 372 2466 πάντα
386 2396 586 2485 ὑπισχνεῖτο,

108 2547 109 2555 1
133 2493 202 2564 ἀλλ’
220 2499 334 2583 ἕτερον
348 2500 410 2584 μὲν
425 2503 529 2566 ἔδωκε
543 2498 668 2585 πατήρ,
684 2501 799 2582 ἕτερον
815 2495 846 2564 δ’
863 2495 1038 2565 ἀνένευσεΙ

92 2594 147 2673 τοὶς
162 2596 222 2680 μὲν
243 2595 309 2683 γὰρ
331 2601 459 2677 δικαίας
480 2605 548 2666 τῶν
566 2594 674 2682 εὐχῶν
690 2603 843 2682 προσίετο
867 2594 937 2663 ἀνω
959 2593 1013 2662 διὰ
1033 2602 1095 2662 τοῦ

93 2700 223 2778 στομίου
238 2697 293 2762 καί
314 2698 366 2763 ἐπὶ
387 2695 427 2764 τὰ
443 2695 533 2776 δεξιὰ
553 2703 720 2772 κατετίθει
734 2699 864 2781 φέρων,
885 2694 944 2771 τὰς
961 2698 998 2760 δὲ
1012 2691 1095 2760 ἀνο-

95 2799 180 2870 σίους
190 2791 381 2878 ἀπράκτους
392 2786 493 2872 αὐθις
507 2792 701 2877 ἀπέπεμπεν
710 2789 898 2876 ἀποφυσῶν
911 2792 1019 2875 κοίτω,
1036 2793 1094 2858 ἵνα

96 2892 170 2976 μηδὲ
186 2899 327 2978 πλησίον
341 2897 493 2978 γένοιντο
513 2897 575 2959 τοῦ
597 2887 757 2975 οὐρανοῦ.
789 2891 842 2957 ἐπὶ
862 2896 938 2975 μιᾶς
952 2893 991 2955 δέ
1004 2915 1094 2966 τινος

97 2986 183 3074 εὐχῆς
195 2991 250 3056 καὶ
262 2988 453 3076 ἀποροῦντα
464 2987 569 3059 αὐτὸν
580 2988 790 3074 ἐθεασάμην·
806 2988 868 3054 δύο
881 2985 946 3074 γὰρ
958 2985 1093 3072 ἀνδρῶν

96 3093 242 3153 ταναντία
258 3085 447 3175 εὐχομένων
458 3091 513 3158 καί
523 3087 582 3168 τὰς
596 3097 669 3166 ίσας
682 3094 805 3166 θυσίας
816 3084 1094 3173 ὑπισχνουμένων

98 3183 153 3252 οὐκ
167 3183 249 3270 είχευ
264 3183 412 3278 ὁποτέρῳ
428 3188 557 3275 μᾶλλον
573 3187 781 3255 ἐπινεύσειεν
796 3184 926 3271 αὐτῶν,
950 3183 1033 3252 ὥστε
1051 3183 1091 3271 δὴ

98 3295 131 3350 τό
148 3281 383 3371 Ἀκαδημαικὸν
398 3290 505 3354 έκεῖνο
521 3286 702 3354 ἐπεπόνθει
718 3288 773 3353 καὶ
794 3284 894 3353 οὐδέν
911 3312 942 3351 τι
957 3284 1092 3370 ἀποφή-
1109 3300 1163 3357 783

27 3405 28 3412 “
100 3391 210 3448 νασθαι
230 3380 374 3461 δυνατός
393 3377 454 3470 ἦν,
476 3381 548 3452 ἀλλ’
567 3382 679 3472 ὥσπερ
700 3383 718 3452 6
734 3385 883 3470 Πύρρων
900 3387 1028 3471 ἐπεῖχεν
1045 3391 1091 3452 ἔτι

172 3491 271 3532 tuem«.
295 3480 327 3532 ΙΙ.
365 3499 366 3502 ’
