2575 3842
193 187 255 252 338
552 190 861 248 ΛΟΥΚΙΑΝΟΤ

192 355 297 427 οίκίας
314 353 369 416 καὶ
383 349 516 434 μακρὰν
532 345 693 416 ἀπελθόν
704 348 865 435 κοιμήσης
881 351 965 435 ἐμοῦ
981 348 1015 418 δ’
1031 353 1211 438 ἐρομένου,
1271 309 1275 405 δ

195 455 237 516 Τί
249 444 313 533 γὰρ
331 451 385 514 καί
399 445 587 534 ἡμάρτηταί
599 472 657 532 μοι
678 453 836 525 τοσοῦτος
860 445 960 534 Ἐγύ,
981 454 1063 536 ἔφη,
1085 449 1134 537 μῦ
1149 449 1208 520 Δί’

191 543 265 631 ούχὶ
279 553 359 630 σοῦ,
377 542 461 613 ἀλλὰ
477 552 538 612 τοῦ
556 543 640 610 ὄνον
655 550 716 611 τοῦ
730 550 795 610 σοῦ
810 546 920 625 ἐρῶσα
935 547 1010 614 τότε
1024 551 1143 638 ἐκείνῳ
1156 552 1210 616 καλ

192 641 264 728 ούχὶ
278 645 330 710 σοὶ
346 641 617 725 συνεκάθευδον,
636 641 691 708 καλ
708 639 804 729 ᾤμην
816 661 854 708 σε
871 647 926 711 καλ
936 653 1003 711 νῦν
1017 641 1083 713 κᾶν
1098 647 1208 714 ἐκεῖνό

190 767 228 827 γε
245 741 353 826 μόνον
369 737 406 807 τό
424 742 508 825 μέγα
525 745 587 806 τοῦ
602 736 686 806 όνου
700 739 874 825 σύμβολον
887 742 1061 824 διασώζειν
1077 747 1134 810 καὶ
1146 744 1209 811 σύ-

192 862 279 923 ρειν·
303 837 347 906 σύ
366 843 404 906 δέ
416 863 473 924 μοι
488 839 658 923 ἐλήλυθας
669 839 702 916 ἐξ
719 840 851 905 ἐκείνου
861 847 924 906 τοῦ
936 847 1043 909 καλοῦ
1057 846 1114 911 καί
1124 870 1208 930 χρη-

192 946 291 1024 σίμου
307 937 392 1026 ζῴον
405 939 437 1014 ἐς
449 942 596 1021 πίθηκον
611 943 899 1021 μεταμορφωθείς.
922 941 978 1006 καὶ
989 949 1086 1008 καλεῖ
1100 941 1208 1020 εῦθῦς
1275 948 1276 963 ’

123 1051 172 1104 625
192 1037 256 1126 ἤδη
276 1035 355 1115 τούς
371 1039 498 1113 οίκίτας
518 1039 573 1103 καὶ
596 1035 726 1102 κελεύει
749 1060 791 1120 με
811 1043 879 1102 τῶν
899 1037 1018 1104 νύτων
1036 1044 1208 1126 μετέωρον

192 1142 396 1223 κομισθῆναι
412 1139 473 1214 ἔξω
487 1141 545 1220 τῆς
560 1140 680 1215 οίκίας,
698 1135 753 1199 καί
769 1136 926 1213 ἐξωσθεὶς
935 1133 1002 1220 πρό
1017 1142 1079 1202 τοῦ
1090 1143 1208 1224 δωμα-

190 1242 263 1302 τίου
279 1239 339 1313 ἔξω
350 1235 477 1320 γυμνός
488 1239 597 1310 καλῦς
611 1233 884 1317 ἐστεφανωμένος
894 1235 949 1299 καλ
959 1238 1207 1320 μεμυρισμένος

191 1331 252 1418 τὴν
271 1341 336 1419 γῆν
351 1331 485 1420 γυμνὴν
505 1327 697 1416 περιλαβών
714 1331 819 1416 ταύτῃ
838 1331 1104 1400 συνεκάθευδον.
1136 1333 1205 1421 ἅμα

192 1436 228 1502 δὲ
241 1439 286 1523 τῷ
304 1430 420 1520 ὅρθρςο
436 1431 564 1517 γυμνός
585 1425 634 1496 τόν
651 1433 753 1496 ἔθεον
768 1431 822 1496 ἐπὶ
839 1435 927 1495 ναῦν
946 1431 1001 1498 καὶ
1016 1434 1102 1515 λέγω
1119 1431 1205 1514 πρός

191 1529 251 1598 τόν
267 1528 415 1613 ἀδελφὸν
436 1526 497 1614 τὴν
518 1530 663 1611 ἐμαυτοῦ
681 1530 718 1592 ἐν
737 1529 855 1611 γέλωτι
873 1527 1062 1612 συμφοράν.
1090 1533 1203 1596 ἔπειτα

190 1633 225 1696 ἑκ
240 1636 297 1712 τῆς
311 1626 438 1703 πόλεως
451 1629 560 1703 δεξιοῦ
572 1622 780 1702 πνεύσαντος
791 1621 917 1709 ἀνέμου
931 1626 1075 1709 πλέομεν
1087 1630 1203 1709 ἐνθεν,

191 1728 246 1794 καί
265 1723 392 1809 ὀλίγαις
412 1721 550 1809 ἡμέραις
566 1728 701 1807 ἔρχομαι
718 1728 764 1800 εἰς
783 1721 846 1807 τὴν
860 1719 944 1809 ἐμὴν
963 1727 1115 1808 πατρίδα.
1148 1727 1204 1792 ἐν·
1277 1802 1278 1805 ρ

190 1830 301 1892 ταῦθα
318 1833 411 1900 θεοῖς
428 1829 593 1908 σωτῆρσιν
617 1826 724 1887 ε”θυον
741 1821 796 1887 καὶ
817 1817 1021 1906 ἀναθήματαΙ
1036 1817 1201 1906 ἀνέθηκα,
1277 1834 1278 1845 ’

191 1920 236 2009 μὰ
250 1919 307 1990 Δί’
325 1920 387 1988 οῦκ
408 1923 445 1989 ἐκ
466 1917 569 1997 κυνός
586 1925 759 2002 πρωκτοῦ,
780 1915 818 1984 τό
844 1915 884 2003 δὴ
904 1926 965 1985 τοῦ
983 1918 1103 2003 λόγου,
1125 1917 1200 1987 ἀλλ’
1278 1912 1279 1991 J

192 2025 224 2102 ἐξ
241 2018 324 2089 όυου
341 2025 529 2105 περιεργίας
545 2015 598 2085 διὰ
609 2022 741 2104 μακροῦ
756 2017 864 2102 πύνν,
879 2019 935 2084 καὶ
946 2015 1034 2084 οῦτω
1046 2020 1083 2084 δὲ
1094 2017 1203 2103 μόλις,

193 2122 305 2188 οίκαδε
324 2115 520 2194 όνασωθείς.

388 2533 541 2600 ΖΕΥΣ
563 2531 1005 2600 ΕΛΕΓΧΟΜΕΝΟΣ.

121 2718 172 2772 626
278 2705 306 2767 l.
327 2704 577 2767 KYNIZKOE.
605 2697 685 2785 Ἐηύ
701 2701 754 2784 δέ,
777 2692 902 2784 ύΖεῦ,
925 2696 965 2766 τύ
988 2698 1049 2785 μὲν
1064 2706 1204 2768 τοιαῦτα
1278 2718 1279 2723 ’

192 2796 254 2866 οῦκ
270 2797 438 2884 ἐνοχλήσω
453 2817 489 2864 σε
505 2804 654 2865 πλοῦτον
668 2799 723 2882 καὶ
737 2804 875 2883 χρυσίον
891 2799 946 2864 καὶ
962 2804 1131 2884 βασιλείας
1148 2805 1205 2867 αί-

192 2902 277 2982 νῦν,
293 2894 378 2981 ἅπερ
397 2893 612 2964 εὐκταιότατα
622 2909 691 2972 τοῖς
706 2893 834 2980 ἄλλοις,
851 2897 906 2962 καὶ
915 2897 968 2963 σοὶ
979 2892 1021 2962 οῦ
1036 2895 1128 2961 πύνυ
1138 2896 1203 2984 §qi-

192 3002 246 3065 δια
264 3010 460 3082 παρασχεῖν·
482 2994 552 3079 ὁρῦ
565 3003 651 3082 γοῦν
662 3016 700 3062 σε
714 2993 754 3062 τδι
768 2993 875 3063 πολλὰ
891 2995 1128 3080 παρακούοντα
1143 2993 1204 3062 εῦ-

190 3097 341 3180 χομένων
357 3091 477 3160 αὐτῶν.
512 3097 549 3160 ἓν
573 3097 624 3178 δέ,
651 3095 706 3160 καὶ
727 3099 825 3160 τοῦτο
843 3096 984 3182 ῥᾷστον,
1010 3092 1203 3179 ἐβουλόμην

191 3189 279 3274 παρὰ
299 3197 361 3258 σοῦ
378 3217 434 3276 μοι
453 3194 620 3277 γενέσθαι.

275 3297 400 3356 ΖΕΥΣ.
427 3294 469 3355 Τί
480 3287 581 3356 τοῦτό
596 3291 701 3370 ἐστιν,
718 3280 918 3368 ύΚυνίσκες
940 3285 982 3354 οῦ
997 3285 1061 3375 γὰρ
1077 3285 1203 3372 ἀτυχή-

192 3402 276 3467 σεις,
291 3387 346 3452 καὶ
361 3386 502 3470 μάλιστα
517 3391 677 3470 μετρίων,
694 3385 737 3465 ῦς
753 3387 834 3474 φής,
851 3385 1018 3471 δεόμενος.
