2575 3842
174 229 236 290 242
527 228 833 287 AOTKIANOY

174 384 311 474 αύχένα,
327 382 417 468 παρά
432 391 490 471 τῆς
504 382 680 470 Ἀμαζόνος
695 386 825 472 λαβῶν·
848 383 1069 474 ῆΣωσάνδρα
1081 391 1117 455 δὲ
1128 402 1183 456 καλ

173 485 190 551 ὁ
211 484 362 568 Κάλαμις
383 486 474 550 αίδοί
491 482 720 568 κοσμήσουσιν
740 480 863 568 αύτῆν,
890 487 946 550 καὶ
967 482 1005 552 τδ
1026 490 1183 571 μειδίαμα

173 580 297 666 σεμνόν
313 584 367 647 καὶ
383 577 527 666 λεληθὸς
545 577 656 665 ῶσπερ
669 578 707 646 τὸ
723 581 850 664 ἐκείνης
864 584 970 647 ἔσται·
998 584 1053 648 καὶ
1068 579 1105 649 τό
1124 580 1184 648 εὐ·
1283 652 1284 673 ,

173 678 287 756 σταλὲς
303 680 339 745 δὲ
356 679 410 745 καλ
432 677 574 763 κόσμιον
589 683 647 763 τῆς
663 674 829 763 ἀναβολῆς
850 676 940 760 παρὰ
961 685 1020 764 τῆς
1035 679 1182 746 Σωσάν-

174 785 269 863 δρας,
286 775 374 861 πλῆν
390 773 441 842 ότι
453 773 726 852 ἀκατακάλυπτος
736 772 821 859 αὕτη
836 780 927 841 ἔσται
940 774 1003 861 τῆν
1016 774 1181 860 κεφαλήν.

173 883 229 962 τῆς
243 870 372 961 ἡλικίας
389 874 426 939 δὲ
441 869 478 940 τδ
502 877 639 958 μέτρον,
661 869 779 958 ἡλίκον
793 867 838 938 ἀν
853 875 1001 958 γένοιτο,
1021 869 1103 940 κατά
1120 868 1183 956 τῆν

174 977 210 1040 ἐν
224 976 338 1061 Κνίδφ
354 973 485 1055 ἐκείνην
499 970 657 1056 μάλιστα·
684 971 738 1038 καὶ
757 967 822 1055 γάρ
837 972 892 1038 καί
908 977 1006 1038 τοῦτο
1024 967 1107 1038 κατά
1121 965 1182 1035 τόν

174 1073 379 1155 Πραξιτέλην
394 1070 622 1154 μεμετρήσθω.
651 1075 685 1135 τί
696 1090 764 1154 σοι,
782 1063 809 1136 ῶ
824 1071 1056 1154 Πολύστρατε,
1074 1074 1181 1150 δοκεῖς
1285 1080 1286 1109 ¹

173 1165 256 1252 καλῆ
272 1168 474 1252 γενησεσθαι
490 1164 510 1252 ῆ
526 1166 642 1247 είκῶν;

258 1271 359 1331 ΠΟΛ,
394 1265 460 1331 Καὶ
481 1264 638 1348 μάλιστα,
666 1260 802 1330 ἐπειδάν
824 1267 856 1342 ἐς
883 1262 921 1331 τδ
942 1263 1181 1350 ἀκριβέστατον

173 1360 395 1451 ἀποτελεσθῇ·
419 1367 447 1430 7.
460 1367 506 1428 έτι
517 1361 592 1445 γάρ,
604 1353 630 1426 ιδ
642 1368 798 1428 πλαστῶν
807 1362 1031 1446 γενναιότατε,
1042 1365 1180 1429 καταλέ-

104 1475 154 1530 465
174 1460 292 1536 λοιπάς
307 1486 337 1525 τι
353 1459 475 1533 κάλλος
492 1460 553 1534 έξω
567 1464 629 1522 τού
645 1455 833 1543 ἀγάλματος
848 1457 956 1536 οὕτως
969 1458 1078 1525 πάντα
1092 1460 1126 1536 ἐς
1140 1453 1177 1524 τδ

173 1551 253 1622 αύτδ
269 1552 546 1640 συμπεφορηκώς.

256 1657 356 1719 ΛΤΚ.
382 1657 425 1717 Τί
438 1655 553 1730 τοῦτος

255 1754 357 1815 ΠΟΛ.
382 1744 435 1815 Οὐ
446 1744 483 1814 τό
496 1745 706 1832 μικρότατον,
725 1741 911 1835 όφιλότης,
927 1755 958 1818 εἰ
969 1748 1014 1835 μῆ
1026 1768 1079 1816 σοι
1090 1750 1180 1829 δόξει

173 1842 267 1930 ὀλίγα
278 1842 362 1931 πρός
374 1842 561 1930 εὐμορφίαν
572 1851 744 1912 συντελεῖν
752 1846 836 1931 χρόα
846 1849 900 1913 καί
911 1844 948 1912 τδ
960 1847 1087 1936 ἑκάστῳ
1097 1849 1180 1927 πρέ-

172 1968 254 2010 πον·
273 1940 318 2021 ῶς
331 1943 457 2029 μέλανα
472 1943 534 2029 μέν
546 1941 629 2010 εἶναι
644 1939 789 2029 ἀκριβῶς
800 1940 907 2011 ὁπόσα
922 1947 1059 2030 μέλανα,
1074 1943 1178 2012 λευκά

172 2040 209 2107 δέ
230 2037 293 2108 ὅσα
313 2048 450 2107 τοιαῦτα
466 2041 545 2126 χρῆ,
570 2040 625 2107 καὶ
642 2037 679 2106 τδ
701 2041 856 2126 ἐρύθημα
878 2041 1047 2110 έπανθείν.
1060 2044 1115 2109 καλ
1137 2039 1177 2109 τά

172 2145 322 2207 τοιαῦτα·
344 2138 536 2206 κινδυνεύει
551 2143 612 2204 τοῦ
626 2143 783 2223 μεγίστου
798 2143 845 2206 έτι
861 2135 940 2224 ἡμῖν
954 2144 1122 2223 προσδεῖν.

255 2242 355 2304 ΛΤΚ.
386 2237 504 2304 Πόθεν
530 2229 594 2303 οὖν
621 2239 805 2303 καὶταῦτα
831 2235 1044 2323 πορισαίμεθ’
1069 2236 1129 2319 ἀνχ
1154 2235 1179 2325 ῆ

172 2337 459 2420 παρακαλέσαιμεν
477 2333 517 2419 δὴ
539 2332 617 2412 τούς
637 2337 801 2420 γραφέας,
827 2336 882 2402 καὶ
902 2335 1042 2421 μάλιστα
1059 2332 1179 2404 ὁπόσοι

171 2431 283 2499 αὐτῶν
297 2431 426 2517 ἀριστοι
439 2433 592 2516 ἐγένοντο
608 2432 817 2515 κεράσασθαι
827 2433 867 2499 τά
880 2432 1036 2519 χρῶματα
1050 2435 1106 2501 καὶ
1118 2432 1178 2502 εύ-

171 2554 289 2614 καιρον
304 2538 473 2596 αοιεῑσθαι
490 2525 551 2613 τῆν
568 2529 728 2616 ἐπιβολῆν
744 2529 872 2612 αὐτῶν;
894 2532 950 2600 καὶ
970 2530 1010 2618 δῆ
1028 2557 1177 2616 παρακε·

171 2628 309 2714 κλῆσθω
319 2628 542 2713 Πολύγνωτος
552 2631 606 2696 καλ
618 2627 809 2717 Εὐφράνωρ
820 2631 945 2707 ἐκεῖνος
956 2633 1011 2698 καλ
1023 2628 1179 2718 Ἀπελλῆς

171 2732 225 2797 καλ
240 2727 387 2797 Ἀετίων·
411 2722 504 2796 οὗτοι
519 2729 555 2797 δέ
566 2729 753 2814 διελόμενοι
763 2727 800 2796 τό
816 2725 947 2813 ἔργονό
963 2729 1025 2813 μέν
1033 2727 1178 2816 Εὐφρά-

171 2854 241 2912 νωρ
256 2827 414 2914 χρωσάτω
425 2826 487 2911 τῆν
498 2828 606 2914 κόμην
621 2832 698 2896 οἵαν
713 2824 878 2914 τῆςἭρας
896 2825 1088 2913 έγραφεν,ὁ
1105 2834 1177 2896 Πο-

171 2924 340 3011 λύγνωτος
358 2926 393 2993 δέ
414 2923 555 3011 ὀφρύων
569 2924 605 2994 τό
622 2925 798 3012 ἐπιπρεπὲς
812 2927 868 2992 καὶ
883 2931 1030 3007 παρειῶν
1049 2922 1086 2994 τό
1103 2929 1177 2994 ένε-

171 3022 292 3108 ρενθὲς
311 3027 387 3091 οἵαν
408 3022 470 3110 τῆν
491 3026 696 3110 Κασάνδραν
718 3027 755 3091 ἐν
774 3030 814 3112 τῆ
833 3025 932 3110 λέσχη
955 3026 1089 3110 έποίησε
1108 3039 1177 3103 τοῖς

170 3128 332 3206 Δελφοῖς,
353 3122 408 3190 καὶ
422 3125 546 3208 ἐσθῆτα
568 3124 603 3191 δέ
619 3115 717 3200 οὗτος
732 3120 900 3206 ποιησάτω
916 3121 948 3198 ἐς
963 3118 1001 3187 τό
1016 3120 1176 3189 λεπτότα-

170 3244 228 3285 τον
238 3221 509 3307 ἐξειργασμένην,
529 3219 572 3299 ῶς
584 3220 809 3289 συνεστάλθαι
820 3217 882 3303 μὲν
893 3215 956 3284 ὅσα
968 3217 1047 3304 χρῆ,
1064 3223 1176 3305 διηνε-

169 3323 303 3400 μῶσθαι
321 3319 357 3385 δὲ
377 3316 417 3385 τά
432 3320 554 3386 πολλά·
583 3317 619 3387 τδ
639 3321 675 3386 δὲ
692 3316 772 3387 ἀλλο
788 3324 881 3401 σῶμα
899 3315 917 3384 ὁ
934 3315 1091 3404 Ἀπελλῆς
1107 3322 1173 3385 δει-

102 3426 152 3480 466
172 3414 258 3491 ξάτω
272 3413 354 3480 κατά
369 3413 431 3501 τῆν
444 3416 605 3503 Πακάτην
619 3417 776 3502 μάλιστα,
794 3414 838 3502 μῆ
853 3415 940 3500 ἀγαν
955 3414 1079 3484 λευκόν
1091 3414 1173 3484 ἀλλά
