2575 3842
175 172 239 236 330
521 172 843 248 [Λουκικαοτγ

174 358 264 412 τινος
275 339 344 401 τών
358 335 394 401 ἔν
409 332 500 402 άστει
515 332 689 417 συνήθων.
711 336 751 418 τῇ
767 333 803 397 δὲ
817 327 992 421 ὑστεραίᾳ,
1011 333 1116 412 δόξαν
1126 332 1195 402 αῦ-

174 445 259 516 τοϊς,
275 429 364 498 οὑτω
380 439 530 499 ποιοῦσι·
552 426 685 514 τὸνμὲν
700 426 782 513 ε’μόν
796 427 962 514 δεσπότην
972 436 1106 520 κιβωτῷ
1118 434 1194 500 ἔνέ-

174 542 326 616 κρνψαυ,
342 531 397 616 ἔμέ
414 529 449 597 δὲ
464 527 627 615 ἀράμενοι
642 530 679 593 ἐκ
694 533 762 594 τών
776 530 893 594 ποδῦν
908 533 1104 612 κομίζουσιν
1119 529 1194 598 ἅνω

174 635 213 716 τη
228 634 363 714 κλίμακι
378 631 410 706 ἔς
425 625 580 716 ὑπερῷον
594 622 692 692 κάκεί
703 650 744 709 με
758 621 830 690 άνω
843 631 1088 708 συγκλείουσιν.
1119 626 1138 695 5
1155 630 1194 696 δὲ

174 723 375 811 στρατιώτης
392 726 428 792 ἔκ
449 730 506 809 τῆς
522 719 605 789 ὁδοῦ
619 722 694 788 τότε
710 722 806 806 μόλις
822 721 1019 807 ἐξαναστάς,
1043 719 1086 800 ώς
1105 729 1194 809 ἔφα-

174 841 256 905 σαν,
272 827 474 908 καρηβαρών
485 833 555 897 ταῖς
565 827 706 904 πληγαῖς
715 809 799 904 ἧκεν
810 823 856 896 είς
866 816 929 904 τὴν
942 819 1043 887 πόλιν
1054 823 1194 898 καὶτοῖς

174 919 389 1002 στρατιώταις
404 931 472 996 τοίς
493 915 559 985 σῦν
574 914 665 1005 αὐτῷ
681 912 829 1001 ἐντυχών
843 919 932 1002 λέγει
946 915 1009 1004 τὴν
1022 916 1193 987 ἀπόνοιαν

173 1021 234 1083 τοῦ
254 1022 447 1102 κηπουροῦ·
475 1019 510 1084 ολ
528 1014 565 1082 δὲ
582 1014 647 1082 σῦν
662 1010 752 1099 αὐτῷ
773 1013 930 1092 ἐλθόντες
948 1014 1192 1100 μανθάνουσιν

175 1119 260 1181 ἔνθα
274 1106 360 1198 ἦμεν
376 1113 617 1199 κεκρυμμένοι,
640 1112 696 1178 καὶ
715 1111 1017 1199 παραλαμβάνουσι
1033 1112 1113 1192 τοῦς
1132 1121 1193 1201 τῆς

175 1210 303 1289 πόλεως
317 1209 488 1298 άρχοντας.
513 1215 547 1278 ολ
560 1211 596 1278 δὲ
612 1219 691 1278 είσω
705 1205 780 1276 τινά
794 1211 962 1294 πέμπουσι
978 1217 1046 1278 τών
1060 1209 1192 1298 ὑπηρε-

176 1315 245 1375 τῦν
259 1312 314 1375 καλ
330 1307 409 1387 τοῦς
426 1313 526 1377 ἔνδον
543 1305 692 1386 ἅπαντας
705 1314 885 1392 προελθεῖν
896 1311 957 1386 ἔξω
971 1309 1189 1377 κελεύουσιν·

177 1401 221 1481 ώς
238 1407 274 1473 δὲ
288 1415 480 1493 προῆλθον,
502 1405 520 1474 5
540 1401 711 1492 κηπουρός
726 1401 879 1490 οὐδαμοῦ
892 1407 1056 1491 ἐφαίνετο.
1079 1412 1114 1474 οἱ
1127 1408 1191 1493 μὲν

176 1495 240 1570 οῦν
255 1511 452 1587 στρατιῶται
469 1507 568 1571 ἔνδον
584 1508 714 1588 ἔφασαν
735 1501 820 1570 εἶναι
837 1500 897 1570 τδν
913 1500 1087 1588 κηπουρὸν
1103 1502 1187 1590 κάμε

107 1613 159 1668 613
178 1598 237 1668 τὸν
252 1603 382 1668 ἐκείνου
399 1600 496 1670 όνον·
526 1605 560 1669 οί
579 1600 615 1669 δὲ
632 1598 734 1668 οῦδὲν
751 1598 831 1669 άλλο
850 1598 1094 1686 ὑπολελεῖφθαι
1117 1607 1190 1669 ἔλε-

177 1723 238 1785 γον
254 1697 331 1765 οῦτε
348 1697 534 1782 ἄνθρωπον
554 1699 631 1767 οὔτε
650 1699 740 1766 ὄνον.
770 1699 927 1786 θορύβου
946 1698 982 1766 δὲ
997 1701 1035 1767 ἔν
1049 1705 1095 1783 τῷ
1111 1720 1190 1766 στε-

176 1803 279 1885 νωπῷ
293 1798 347 1865 καὶ
361 1805 483 1883 πολλῆς
500 1805 581 1886 βοῆς
596 1801 632 1865 ἐκ
646 1796 776 1864 τούτων
789 1798 972 1882 γενομένης
988 1793 1003 1862 5
1021 1793 1189 1880 άγέρωχος
1275 1874 1276 1885 ρ

176 1894 231 1959 καὶ
248 1891 357 1961 πάντα
376 1901 550 1980 περίεργος
571 1891 635 1980 ἐγώ
656 1892 862 1980 βουλόμενος
878 1901 1002 1979 μαθεῖν
1019 1899 1106 1969 τίνες
1121 1890 1188 1959 εἶεν

177 1993 211 2057 οί
225 1996 386 2076 βοῦντες,
402 1993 573 2061 διακόπτω
587 1991 724 2060 ἄνωθεν
738 1990 828 2057 κάτω
840 1988 895 2058 διὰ
911 1998 968 2076 τῆς
982 1995 1132 2074 θυρίδος.
1156 1996 1190 2058 οἱ

176 2090 216 2156 δέ
228 2115 269 2175 με
284 2089 412 2168 ίδόντες
427 2089 533 2170 εῦθῦς
551 2091 756 2174 ἀνέκραγον*
776 2092 812 2156 ολ
823 2090 859 2156 δὲ
875 2089 1064 2157 ἑαλώκεσαν
1079 2089 1186 2173 ψευδη

175 2192 343 2272 λέγοντες·
372 2191 426 2257 καλ
444 2193 478 2257 oc
497 2187 654 2276 άργοντες
670 2197 749 2255 είσω
765 2187 994 2272 παρελθόντες
1009 2189 1063 2255 καὶ
1079 2188 1187 2254 πάντα

176 2285 424 2374 άνερευνῶντες
440 2286 632 2372 εὑρίσκουσι
646 2284 707 2354 τὸν
722 2281 803 2370 ἐμὸν
821 2284 987 2371 δεσπότην
1003 2294 1042 2374 τῇ
1057 2293 1186 2375 κιβωτῷ

177 2387 369 2470 ἐγκείμενον
394 2387 450 2454 καὶ
475 2387 634 2472 λαβόντες
658 2383 802 2470 τὸνμὲν
828 2390 874 2462 είς
895 2382 932 2452 τδ
960 2386 1186 2472 δεσμωτήριον

176 2488 328 2565 ἔπεμψαν
339 2481 443 2568 λόγον
454 2490 521 2550 τών
530 2487 784 2569 τετολμημένων
794 2481 972 2571 ὑφέξοντα,
982 2485 1038 2571 ἐμὲ
1050 2486 1086 2552 δὲ
1098 2485 1187 2550 κάτω

175 2579 400 2666 βαστάσαντες
426 2595 494 2660 τοϊς
521 2581 736 2665 στρατιώταις
760 2585 958 2668 παρέδοσαν.
1003 2583 1124 2660 πάντες
1151 2582 1187 2649 δὲ
1275 2632 1276 2663 3

175 2677 339 2767 ἄσβεστον
353 2681 476 2766 ἐγέλων
490 2682 542 2750 ἐπὶ
555 2689 602 2770 τῷ
617 2680 805 2766 μηνύσαντι
819 2683 856 2748 ἔκ
871 2689 940 2748 τών
954 2679 1119 2772 ὑπερῴων
1132 2684 1188 2748 καὶ

175 2777 334 2865 προδόντι
355 2775 416 2846 τόν
433 2781 555 2848 ἑαυτοῦ
571 2778 752 2865 δεσπότην·
775 2777 839 2847 κάκ
854 2780 928 2847 τότε
943 2781 976 2859 ἐξ
996 2782 1078 2866 ἐμοῦ
1094 2781 1187 2863 πρώ-
1275 2800 1276 2841 ι

175 2903 236 2945 τον
249 2869 357 2964 ἦλθεν
372 2884 417 2956 είς
433 2875 637 2964 ἀνθρώπους
648 2875 667 2945 5
680 2879 779 2963 λόγος
788 2869 902 2964 οὗτος,
916 2875 966 2958 Ἐξ
981 2877 1065 2946 όνου
1079 2903 1188 2962 παρα-

175 2976 317 3058 κύψεως.
339 2981 390 3044 46.
406 2983 445 3065 τῇ
461 2975 497 3045 δέ
513 2973 671 3065 ὑστεραία
684 2981 719 3044 τί
730 2976 794 3062 μέν
807 2981 935 3044 ἔπαθεν
949 2973 967 3043 5
982 2973 1154 3063 κηπουρὸς
1168 2975 1185 3044 5

175 3075 253 3162 ἔμὸς
269 3078 444 3164 δεσπότης,
467 3074 530 3145 οῦκ
545 3075 636 3160 οἶδα,
658 3071 677 3141 5
693 3075 728 3144 δὲ
746 3075 947 3161 στρατιώτης
961 3075 1130 3162 πωλήσειν
1147 3102 1187 3161 με
1275 3088 1276 3095 ’

175 3182 278 3262 ἔγνω,
295 3179 349 3245 καὶ
364 3176 544 3263 πιπράσκει
556 3200 597 3261 με
611 3176 708 3241 πέντε
720 3176 776 3242 καὶ
787 3183 914 3242 εἴκοσιν
928 3171 1099 3242 Ἀττικών·
1120 3172 1186 3242 ῦδέ
1275 3168 1276 3175 ¹

177 3273 390 3361 ὠνησάμενος
411 3275 573 3357 θεράπων
591 3265 636 3359 ἦν
651 3269 775 3357 άνδρδς
790 3274 923 3359 σφόδρα
943 3281 1107 3341 πλουσίαν
1124 3275 1188 3341 πό-

175 3379 257 3448 λεώς
272 3379 340 3438 τών
357 3375 393 3438 ἔν
404 3377 601 3456 Μακεδονίᾳ
613 3377 670 3456 τῆς
685 3379 840 3457 μεγίστης
850 3379 1105 3458 Θεσσαλονίκης.
1127 3363 1187 3438 οὑ-
