2575 3842
213 224 549 288 ΑΛΕΞΑΝΔΡΟΣ
567 232 596 283 11
621 229 1004 310 ΨΕΤΛΟΜΑΝΤΙΣ.
1049 226 1109 289 137

187 388 397 470 Πυρπολέειν
412 389 547 471 κέλομαι
566 384 664 463 δόξας
679 382 794 453 άλαοίο
809 388 980 471 γέροντος·

103 479 185 549 οῦδὲ
199 480 294 559 είδῶς
310 480 328 550 ὁ
343 482 527 565 κατάρατος
542 479 632 548 ὅσων
647 479 786 567 άγαθῶν
802 480 839 549 τὸ
857 490 988 569 βιβλίον
1003 485 1109 551 έκεῖνο

103 594 174 658 τοῖς
187 581 447 665 ἐντυγχάνουσιν
459 589 566 647 αίτιον
577 585 723 663 γίγνεται
735 581 789 647 καὶ
800 578 884 665 ὅσην
896 576 1007 657 αὐτοῖς
1021 581 1111 665 είρη’-

105 703 171 761 νην
182 679 236 745 καὶ
247 674 426 763 ἀταραξίαν
440 679 494 742 καλ
504 679 700 758 ἐλευθερίαν
715 676 931 762 ἐνεργάζεται,
948 677 1111 761 δειμάτων

105 772 169 859 μὲν
182 774 237 840 καὶ
248 772 431 859 φασμάτων
445 773 499 839 καί
515 773 662 854 τεράτων
677 769 886 839 ἀπαλλάττον
901 774 956 840 καλ
969 775 1112 840 ἐλπίδων

106 875 255 955 ματαίων
270 873 324 937 καί
335 876 498 952 περιττῶν
513 862 717 954 ἐπιθυμιῶν,
733 878 818 937 νοῦν
830 870 866 939 δὲ
879 872 934 938 καλ
949 868 1112 956 άλήθειαν

106 964 239 1033 ἐντιθὲν
253 968 308 1032 καὶ
330 975 496 1050 καθαῖρον
516 965 559 1043 ῶς
580 963 715 1050 άληθῶς
735 964 793 1045 τάς
809 967 943 1053 γνῶμας
965 964 1025 1051 ούχ
1045 965 1110 1033 ῦπδ

108 1063 185 1152 δᾳδὶ
198 1065 253 1129 καλ
263 1069 379 1150 σκίλλη
389 1065 444 1129 καλ
457 1076 527 1140 ταῖς
537 1062 705 1140 τοιαύταις
716 1071 908 1147 φλυαρίαις,
926 1061 1009 1130 άλλῦ
1025 1064 1112 1150 λόγῳ

108 1158 205 1249 ὀρθῷ
224 1162 278 1226 καὶ
295 1158 437 1249 ἀληθείᾳ
451 1161 506 1227 καὶ
523 1165 700 1247 παρρησία.
736 1164 786 1228 48.
810 1162 847 1226 ἐν
864 1160 899 1227 δὲ
915 1174 982 1237 τοϊς
1003 1158 1113 1236 άλλοις

108 1258 149 1323 έν
169 1282 201 1322 τι
220 1259 275 1323 καί
294 1260 449 1341 μέγιστον
471 1256 621 1341 τόλμημα
642 1262 703 1321 τοῦ
724 1263 846 1343 μιαροῦ
867 1254 988 1341 άνδρδς
1009 1254 1112 1323 άκον-

108 1375 187 1421 σον·
210 1352 368 1439 ἔχωνγὰρ
382 1352 425 1421 ού
439 1352 562 1438 μικράν
576 1357 628 1422 ἐπὶ
641 1351 681 1421 τά
696 1362 846 1441 βασίλεια
859 1357 913 1423 καὶ
928 1353 989 1441 τὴν
1007 1353 1114 1440 αὐλὴν

108 1448 171 1517 τδν
189 1448 428 1517 Ῥουτιλλιανδν
449 1449 692 1537 εὐδοκιμοῦντα
713 1450 878 1539 πάροδον,
899 1455 1114 1538 διαπέμπεται

109 1543 258 1636 γρησμδν
271 1553 332 1613 τοῦ
346 1550 383 1613 έν
393 1555 562 1637 Γερμανίᾳ
573 1552 720 1634 πολέμου
733 1548 951 1635 ἀκμάζοντος,
968 1548 1022 1618 ὅτε
1033 1546 1113 1626 θεὸς

111 1645 253 1726 Μάρκος
267 1644 332 1731 ἤδη
346 1660 414 1723 τοῖς
433 1647 677 1733 Μαρκομάνοις
698 1649 753 1715 καί
767 1650 933 1727 Κουάδοις
953 1651 1115 1717 συνεπλέ-

109 1768 197 1809 κετο.
221 1740 315 1828 ἠξίου
329 1741 365 1809 δέ
379 1740 397 1809 ὁ
413 1741 559 1838 χρησμὸς
577 1744 638 1811 δύο
655 1748 790 1821 λέοντας
811 1748 1017 1833 ἐμβληθῆναι
1032 1753 1115 1827 ζῶν-

110 1864 169 1917 τας
188 1842 220 1915 ές
233 1837 293 1905 τδν
305 1837 437 1924 Ἴστρον
457 1839 538 1925 μετά
558 1848 692 1908 πολλῶν
712 1838 898 1927 άρωμάτων
914 1846 969 1909 καὶ
983 1850 1115 1911 θυσιῶν

110 1943 382 2022 μεγαλοπρεπῶν.
405 1935 544 2021 άμεινον
558 1936 594 2005 δὲ
609 1934 714 2003 αύτδν
729 1943 832 2003 είπείν
847 1935 906 2003 τδν
920 1939 1082 2023 χρησμόν·

194 2030 244 2109 Ἐς
259 2032 497 2119 δίναςἽστροιο
514 2035 674 2110 διιπετέος
690 2048 849 2118 ποταμοῖο

198 2132 365 2215 ἐσβαλέειν
379 2134 515 2217 κέλομαι
527 2128 640 2208 δοιοῦς
652 2134 802 2216 Κυβέλης
813 2132 1033 2214 θεράποντας,

198 2236 307 2313 θῆρας
317 2226 541 2316 ὀρειτρεφέας,
557 2230 612 2295 καὶ
623 2226 685 2296 ὅσα
696 2232 809 2314 τρέφει
821 2226 958 2305 Ἰνδικδς
969 2224 1033 2312 άηρ

199 2323 308 2394 άνθεα
322 2329 375 2394 καί
388 2328 532 2413 βοτάνας
547 2326 706 2406 εύῶδεας·
730 2324 847 2393 αύτίκα
863 2324 893 2393 δ’
910 2331 998 2392 ἔσται

146 2435 151 2441 “
198 2430 273 2510 νίκη
288 2428 343 2491 καί
356 2426 440 2510 μέγα
454 2429 556 2503 κῦδος
572 2422 628 2509 ἅμ’
647 2426 762 2517 εἰρήνη
777 2428 936 2512 ἐρατεινῇ.

112 2526 306 2609 γενομένων
329 2523 365 2589 δὲ
384 2522 531 2608 τούτων,
559 2520 604 2599 ῶς
626 2525 817 2607 προσέταξε,
839 2522 918 2600 τοῦς
940 2522 1001 2608 μὲν
1024 2524 1119 2589 λέον-

113 2648 173 2699 τας
188 2623 449 2706 διανηξαμένους
471 2622 504 2697 ές
523 2617 585 2705 τὴν
598 2628 760 2704 πολεμίαν
779 2625 812 2687 οί
827 2621 989 2705 βάρβαροι
1010 2618 1120 2699 ξύλοις

115 2718 376 2804 κατειργάσαντο
388 2716 432 2797 ῶς
441 2745 533 2795 τινας
543 2719 649 2793 κύνας
658 2712 679 2802 ἢ
689 2717 811 2794 λύκους
822 2717 987 2795 ξενικούς·
1003 2714 1119 2783 αὐτίκα

116 2818 152 2885 δέ
168 2815 205 2883 ιδ
221 2820 377 2902 μέγιστον
390 2822 521 2901 τραῦμα
531 2828 599 2892 τοῖς
611 2813 782 2901 ἡμετέροις
793 2816 920 2897 ἐγένετο
936 2819 1119 2899 δισμυρίων

115 2939 184 2981 που
198 2911 318 2997 σχεδδν
332 2910 471 2997 άθρόων
482 2910 709 2996 ἀπολομένων.
732 2909 800 2977 εἶτα
815 2910 1067 2995 ἐπηκολούθησε
1081 2907 1120 2974 τοὶ

116 3014 192 3094 περὶ
202 3008 380 3095 Ἀκυληίαν
396 3011 562 3095 γενόμενα
575 3011 630 3077 καλ
649 3005 669 3094 ἡ
684 3004 774 3091 παρὰ
790 3005 911 3091 μικρὸν
926 3008 1052 3089 ἐκείνης
1065 3012 1121 3089 τῆς

115 3109 245 3186 πόλεως
260 3105 391 3185 ἅλωσις.
414 3105 432 3174 δ
447 3109 483 3175 δὲ
497 3106 580 3191 πρδς
598 3104 634 3174 τδ
654 3100 862 3191 άποβεβηκδς
877 3101 937 3187 τὴν
947 3099 1121 3186 Δελφικὴν

117 3208 250 3291 ἐκείνην
264 3202 448 3289 άπολογίαν
457 3208 512 3272 καί
522 3205 581 3271 τδυ
593 3211 652 3271 τοῦ
664 3208 813 3288 Κροίσου
825 3195 973 3286 γρησμδν
988 3204 1122 3284 ψυχρῶς

117 3310 264 3388 παρῆγε,
287 3308 385 3387 νίκην
399 3302 461 3387 μὲν
476 3299 541 3387 γάρ
562 3315 732 3387 προειπεῖν
748 3297 807 3367 τδν
826 3299 927 3385 θεόν,
949 3294 992 3386 μὴ
1010 3299 1122 3383 μέντοι

118 3405 281 3485 δηλῶσαι,
293 3397 460 3485 Ῥωμαίων
477 3395 498 3485 ἢ
512 3407 579 3465 τῶν
595 3404 770 3484 πολεμίων.
793 3401 843 3465 49.
860 3396 924 3483 ἥδη
939 3398 974 3464 δὲ
990 3404 1115 3463 πολλῶν

1127 407 1178 460 ‘253

1132 1568 1183 1621 254
