2575 3842
176 188 222 252 80
535 189 845 248 ΛΟΥΚΙΑΝΟΤ

182 355 232 417 13.
249 344 408 436 οὐδὲγάρ
430 352 537 417 ἐκεῖνο
552 344 595 415 άν
610 352 695 433 ἔχοις
710 350 835 434 λέγειν,
858 345 901 425 ὡς
917 347 980 434 ἐγώ
997 349 1058 434 μέν
1076 343 1187 412 ἁπλῶς

181 444 262 514 αύτδ
275 452 409 532 ἔπραξα,
420 445 632 532 ἠκολούθησε
643 448 682 512 δέ
690 472 721 512 τι
732 449 824 525 τέλος
834 444 941 525 άλλως
951 444 1095 533 χρηστόν
1107 448 1189 531 ἐμοι·

181 542 226 631 μὴ
240 544 453 630 θελήσαντος.
474 552 509 612 τί
522 541 586 630 γάρ
604 550 650 611 έτι
665 546 804 611 ἐδεδίειν
818 552 880 611 τοῦ
897 547 1112 631 ἰσχυροτέρου
1128 568 1188 611 πε-

182 645 413 728 φονευμένους
434 649 468 709 τί
480 642 516 709 δέ
536 643 715 709 κατέλιπον
731 640 767 707 τδ
789 646 882 728 ξίφος
903 644 939 710 έυ
955 651 996 731 τῇ
1012 650 1141 730 σφαγῇ,
1161 656 1190 709 εί

182 739 226 827 μὴ
245 741 376 818 πάντως
392 740 427 807 τὰ
447 740 608 826 ἐσόμενον
622 737 704 806 αύτό
719 740 1033 826 προεμαντευόμην;
1054 739 1145 818 ἐκτός
1160 754 1190 807 εί

182 836 225 924 μη
244 846 342 906 τοῦτο
360 838 442 925 φη’ς,
461 837 503 915 ὡς
519 835 561 905 ού
575 838 743 923 τύραννος
758 834 775 902 ὁ
791 834 937 915 τεθνεώς
952 830 996 922 ἦν
1011 836 1089 904 οὐδὲ
1105 862 1186 903 ταν·

182 962 245 1021 την
257 934 320 1022 εἶχε
331 935 392 1023 τὴν
403 943 645 1025 προσηγορίαν,
659 932 738 1001 ούδδ
750 932 876 1019 δωρεάς
888 932 938 1001 ἐπ’
952 931 1044 1024 αύτῷ
1054 934 1188 1008 πολλάς.

115 1052 164 1105 151
186 1039 216 1101 εί
229 1031 414 1121 άποθάνοι,
437 1033 542 1121 ἡδέως
562 1030 606 1102 άν
619 1031 714 1119 ὑμεῖς
728 1033 880 1099 ἐδώκατε.
908 1031 981 1100 ἀλλ’
999 1030 1061 1099 οὐκ
1082 1027 1126 1097 άν
1141 1043 1190 1098 εί-

182 1155 267 1209 ποις.
285 1129 352 1198 εἶτα
362 1140 424 1199 τοῦ
433 1134 605 1216 τυράννου
613 1134 868 1217 πεφονευμένου
878 1140 924 1220 τῷ
935 1129 997 1218 τὴν
1006 1137 1113 1198 αἰτίαν
1124 1155 1190 1196 πα-

184 1229 338 1314 ρασχόντι
355 1237 412 1315 τῆς
428 1238 558 1317 σφαγῆς
573 1227 634 1298 ούκ
650 1226 835 1305 ἀποδώσεις
848 1225 910 1314 την
924 1227 1070 1314 δωρεάν;
1096 1223 1190 1311 οδτης

183 1329 517 1416 πολυπραγμοσύνης.
551 1330 641 1413 μέλει
659 1328 698 1392 δέ
711 1345 782 1409 σοι,
809 1331 877 1403 πῶς
891 1323 1078 1410 ἀπέθανεν,
1104 1322 1188 1391 άπο-

184 1422 322 1492 λαύοντι
337 1433 395 1510 της
412 1428 622 1510 ἐλευθερίας,
638 1420 660 1510 η’
675 1421 735 1490 τόν
752 1420 814 1508 τὴν
829 1426 1053 1509 δημοκρατίαν
1067 1421 1189 1489 άποδε-

184 1520 315 1589 δωκότα
326 1522 556 1607 περιττότερόν
570 1550 600 1589 τι
611 1534 861 1608 προσαπαιτεῖς;
877 1529 983 1588 καίτοι
995 1520 1062 1608 ὅγε
1076 1520 1188 1607 νόμος,

185 1615 229 1694 ὡς
243 1617 318 1702 φής,
333 1616 371 1684 τό
382 1619 565 1703 κεφάλαιον
581 1619 717 1698 ἐξετάζει
730 1626 797 1684 των
813 1621 1066 1703 πεπραγμένων,
1083 1617 1123 1684 τά
1133 1621 1188 1684 δια

183 1715 288 1798 μέσου
310 1714 345 1781 δέ
360 1714 467 1782 πάντα
487 1719 525 1806 ἐᾷ
545 1720 598 1784 καὶ
614 1714 725 1783 ούκέτι
746 1725 1029 1802 πολυπραγμονεῖ.
1057 1724 1091 1784 τί
1107 1715 1187 1803 γάρ;

183 1807 256 1895 ούχὶ
272 1813 326 1878 καὶ
342 1813 496 1892 ἐξελάσας
509 1842 558 1893 τις
578 1814 747 1900 τύραννον
764 1813 826 1900 ἤδη
840 1813 939 1900 τιμὴν
953 1820 1048 1900 ἔλαβε
1065 1840 1182 1898 τυραν

184 1908 366 1990 νοκτόνον;
388 1913 442 1978 καὶ
462 1912 551 1997 μάλα
574 1916 723 1990 δικαίως·
747 1913 943 1995 ἐλευθερίαν
957 1910 1022 1999 γάρ
1038 1910 1189 1988 κάκεῖνος

183 2006 258 2075 άντὶ
273 2012 425 2089 δουλείας
445 2018 655 2099 παρέσχηται.
683 2009 719 2079 τό
737 2014 772 2079 δὲ
793 2010 852 2078 ὑπ’
872 2016 954 2098 ἐμοῦ
967 2015 1190 2100 γεγενημένον

185 2102 226 2172 ού
241 2105 331 2193 φυγὴ
348 2107 427 2176 οὐδὲ
444 2115 599 2196 δευτέρας
614 2109 863 2189 ἐπαναστάσεως
879 2113 984 2197 ἐλπίς,
1008 2110 1092 2181 άλλά
1103 2137 1189 2179 παυ-

183 2202 279 2291 τελης
293 2215 486 2293 καθαίρεσις
501 2211 555 2276 καὶ
568 2216 784 2295 πανωλεθρία
797 2208 921 2289 παντὸς
931 2218 992 2277 τοῦ
1003 2215 1121 2297 γένους
1135 2238 1191 2279 και

184 2303 321 2390 ῥιζόθεν
335 2302 371 2371 τὰ
388 2303 501 2373 δεινόν
515 2306 606 2373 άπαν
620 2309 874 2393 ἐκκεκομμένον.
897 2313 945 2376 14.
962 2318 1020 2377 καί
1034 2336 1090 2396 μοι
1106 2307 1191 2394 πρὸς

184 2408 278 2466 θεῶν
293 2400 358 2486 ἤδη
371 2400 432 2468 ἀπ’
447 2403 547 2489 άρχης
559 2408 591 2483 ές
602 2408 708 2491 τέλος,
726 2413 756 2473 εί
765 2410 870 2493 δοκεῖ,
886 2407 994 2475 πάντα
1008 2408 1191 2488 ἐξετάσατε..

116 2521 167 2575 152
187 2507 220 2564 εί
228 2524 259 2564 τι
281 2506 348 2565 τῶν
362 2498 446 2586 πρὸς
462 2500 522 2568 τὸν
537 2503 643 2588 νόμον
664 2508 919 2590 παραλέλειπται
939 2509 993 2573 καὶ
1011 2513 1042 2575 εί
1057 2509 1147 2573 ἐνδεῖ
1158 2533 1190 2573 τι

183 2603 252 2663 τῶν
262 2612 435 2682 προσεῖναι
447 2598 654 2684 ὀφειλόντων
664 2605 930 2695 τυραννοκτόνῳ.
950 2612 1064 2690 πρῶτα
1075 2604 1136 2691 μέν
1148 2601 1189 2691 δὴ

184 2694 322 2781 γνοόμην
345 2698 573 2784 προϋπάρχειν
593 2699 654 2787 χρὴ
677 2706 731 2770 καὶ
750 2711 910 2790 γενναίαν
929 2708 983 2772 καὶ
1010 2704 1191 2791 φιλόπολιν

183 2796 238 2861 καὶ
249 2792 312 2880 πρὸ
323 2803 390 2861 τῶν
401 2806 526 2865 κοινάν
536 2801 750 2869 κινδυνεύειν
761 2806 946 2873 ἐθέλουσαν
957 2807 1068 2892 καὶτῷ
1081 2809 1191 2892 οίκείφ

182 2892 321 2982 θανάτῳ
332 2890 471 2979 τὴντῶν
481 2904 614 2965 πολλῶν
626 2909 793 2985 σωτηρίαν
807 2901 1032 2990 ὠνησομένην.
1057 2897 1113 2991 ἆρ’
1127 2897 1192 2970 ούυ

183 2989 267 3074 πρὸς
282 3000 380 3059 τούτο
394 2997 566 3081 ἐνεδέησα,
584 2999 828 3088 ἐμαλακίσθην,
844 3000 866 3088 ἦ
882 3004 1100 3090 προῖδόμενός
1115 3030 1192 3071 τινα

182 3096 250 3157 τῶν
265 3089 319 3157 διά
330 3094 434 3176 μέσον
446 3095 616 3161 κινδύνων
629 3093 828 3187 άποόκνησα;
849 3101 911 3171 οὐκ
923 3100 966 3169 άν
977 3113 1088 3182 είποις.
1110 3105 1189 3189 μένε

181 3193 299 3257 τοίνυν
315 3192 367 3257 ἐπὶ
380 3191 502 3258 τούτου
517 3198 563 3259 ἐτι
578 3194 687 3278 μόνου
704 3202 757 3267 καί
773 3200 884 3287 νόμιζε
899 3209 959 3269 τοῦ
974 3209 1116 3288 θελῆσαι
1127 3202 1191 3288 μό-

181 3312 245 3352 νον
256 3290 311 3356 καὶ
324 3296 385 3355 τοῦ
395 3292 647 3376 βουλεύσασθαι
658 3305 771 3384 ταῦτα,
789 3306 819 3367 εί
828 3303 882 3368 καὶ
893 3298 937 3387 μη
948 3298 1092 3386 χρηστόν
1104 3299 1190 3367 άπο-

180 3386 333 3473 βεβήκει,
356 3392 392 3455 ἐκ
412 3415 450 3475 γε
470 3397 526 3476 τῆς
547 3392 681 3481 γνοόμης
697 3394 797 3483 αύτης
811 3402 1017 3467 καταστάντα
1032 3426 1072 3486 με
1090 3402 1191 3487 γέρας
