2575 3842
192 178 255 242 380
548 180 855 239 ΛΟΥΚΙΑΝΟΤ

194 339 276 406 ὥστε
294 336 394 424 παῦ’,
410 333 540 423 ἀγαθέ,
556 338 815 423 λοιδορούμενός
825 365 882 426 μοι
897 344 952 408 καὶ
962 350 1067 409 ταῦτα
1081 341 1154 411 οὐκ
1168 350 1214 412 εί·
1270 346 1271 353 '

192 436 258 516 δαὶς
274 433 343 515 οἷός
358 463 407 515 τις
420 429 463 522 ἦν
477 434 537 502 τόν
554 437 691 520 τρόπον.

275 542 375 603 ΜΙΚ.
412 532 515 602 Τοῦτ’
542 527 586 600 αὖ
614 542 729 623 μακρῷ
754 538 885 602 ἐκείνου
909 540 1213 623 τερατωδέστερον,

194 631 387 716 ἀλεκτρυών
399 631 595 717 φιλόσοφος.
620 633 690 698 εἰπὲ
703 635 738 699 δὲ
751 631 855 718 ὅμως,
872 626 899 699 οἷ
910 634 1126 720 Μνησάρχου
1138 651 1212 718 παῖ,

122 743 175 800 λο9
195 731 285 810 ὅπως
305 729 385 818 ἡμῖν
400 729 473 798 ἀντὶ
494 729 555 816 μὲν
579 729 767 817 ἀνθρώπου
789 730 899 819 ὅρνις,
924 732 997 800 ἀντὶ
1018 736 1054 800 δὲ
1071 743 1213 821 Σαμίου

196 827 402 916 Ταναγρικός
422 826 656 914 ἀναπέφηνας·
689 827 730 895 οὐ
750 827 880 896 πιθανά
907 829 971 916 γάρ
994 836 1099 896 ταῦτα
1127 831 1212 898 οὐδὲ

192 929 284 996 πάνυ
299 935 473 994 πιστεῦσαι
488 926 603 1016 ῥηίδια,
623 928 692 993 ἐπεὶ
702 929 757 993 καὶ
772 923 825 992 δύ’
844 925 908 1012 ἤδη
919 952 976 1012 μοι
988 931 1207 1014 τετηρηκέναι

193 1030 282 1094 δοκῶ
298 1024 388 1091 πάνυ
403 1027 440 1092 ἐν
456 1027 509 1092 σοὶ
526 1022 683 1106 ἀλλότρια
699 1031 759 1090 τοῦ
773 1025 992 1110 Πυθαγόρου.

277 1131 409 1190 ΑΛΕΚ.
438 1121 486 1189 Τά
501 1137 596 1202 ποῑα;
1270 1187 1272 1201 ,

276 1228 376 1289 MJK.
391 1217 450 1288 Ἓν
462 1224 524 1306 μὲν
539 1219 591 1287 ότι
608 1220 707 1298 λάλος
723 1218 817 1288 εἶκαὶ
831 1220 1022 1306 κρακτικός,
1038 1216 1056 1286 ό
1073 1221 1111 1288 δὲ
1124 1242 1204 1288 σιω-
1270 1215 1272 1251 ³

82 1313 91 1328 '
193 1327 262 1386 πᾶν
275 1322 307 1396 ἐς
324 1319 421 1386 πέντε
437 1317 499 1386 ὅλα
514 1324 569 1403 ἔτη
583 1317 675 1403 οἶμαι
688 1315 847 1404 παρῄνει,
864 1319 980 1403 ἕτερον
994 1320 1030 1384 δὲ
1046 1321 1103 1386 καὶ
1117 1344 1205 1385 παν-

192 1424 292 1494 τελῶς
313 1416 527 1502 παράνομον·
551 1414 592 1482 οὐ
612 1415 677 1502 γὰρ
700 1420 783 1500 ἔχων
806 1413 873 1482 ότι
891 1434 945 1481 σοι
957 1417 1202 1504 «παραβάλοιμι,

193 1514 345 1598 κυάμους
357 1515 437 1599 χθὲς
454 1507 540 1598 ἧκον
561 1509 605 1590 ὡς
621 1511 722 1579 οἶσθα
738 1518 837 1598 ἔχων,
853 1515 908 1579 καλ
925 1513 969 1580 σύ
985 1511 1064 1581 οὐδὲ
1080 1513 1203 1599 μελλή-

194 1633 253 1690 σας
268 1610 422 1691 ἀνέλεξας
443 1610 583 1690 αάτοός·
609 1607 728 1695 ὥστεῆ
746 1613 912 1692 ἐψεῦσθαί
929 1608 982 1678 σοι
1000 1609 1132 1696 ἀνάγκη
1149 1613 1203 1677 καλ

192 1709 282 1799 άλλφ
306 1707 390 1776 εἶναι
410 1705 639 1798 ἢΠνδαγόρμ
663 1707 735 1775 ὅντα
757 1711 1068 1794 παρανενομηκέναι
1088 1712 1145 1776 καὶ
1165 1706 1201 1774 τό

124 1823 175 1878 710
195 1817 270 1875 ἴσον
284 1804 481 1895 ἠσεβηκέναι
495 1808 648 1894 κυάμους
660 1805 812 1891 φαγόντα
824 1803 867 1883 ὡς
881 1800 925 1872 ἀν
940 1813 970 1874 εί
979 1804 1040 1891 την
1051 1803 1204 1890 κεφαλὴν

193 1912 254 1972 τοῦ
269 1903 393 1990 πατρός
408 1907 598 1993 βεβρώκεις.

277 2007 307 2069 5.
329 2010 462 2070 ΑΛΕΚ.
487 2001 538 2070 Οὐ
559 2001 623 2087 γάρ
642 2000 758 2083 οἶσθα,
786 1994 813 2067 ἀ
834 2007 1004 2084 Μίκυλλε,
1027 1997 1100 2087 ἥτις
1116 2004 1204 2066 αἰτία

192 2100 323 2168 τούτων
338 2099 416 2168 οὐδὲ
432 2099 472 2168 τά
490 2102 669 2186 πρόσφορα
684 2098 810 2187 ἑκάστῳ
825 2105 896 2186 βίφ.
920 2097 985 2183 ἐγώ
1000 2098 1036 2164 δέ
1050 2096 1125 2164 τότε
1141 2097 1205 2181 μὲν

194 2197 256 2267 οὐκ
271 2198 395 2286 ἤσθιον
405 2207 473 2266 τόν
483 2199 640 2284 κυάμων,
660 2196 889 2282 ἐφιλοσόφουν
904 2196 985 2282 γάρ·
1008 2203 1073 2263 νῦν
1086 2198 1124 2262 δέ
1134 2197 1205 2278 φά-

192 2297 282 2386 γοιμ’
300 2297 359 2382 άν,
375 2295 531 2386 ὀρνιθικὴ
543 2298 608 2384 γάρ
624 2298 679 2364 καὶ
690 2292 752 2362 οὐκ
764 2292 950 2380 ἀπόρρητος
961 2292 1071 2380 ἡμῐνὴ
1083 2293 1203 2378 τροφή.

193 2394 281 2482 πλὴν
291 2395 374 2464 ἀλλά
387 2407 420 2464 εί
425 2419 478 2463 σοι
489 2402 607 2479 φίλον,
621 2393 724 2461 ἀκουε
736 2392 826 2471 ὅπως
838 2396 874 2459 ἐκ
882 2393 1093 2478 Πυθαγόρου
1103 2399 1204 2460 τοῦτο

193 2502 259 2562 νῦν
274 2501 339 2578 είμι
354 2496 408 2561 καλ
424 2497 460 2560 έν
474 2497 558 2571 οἵοις
571 2499 658 2580 βίοις
671 2491 836 2577 πρότερον
849 2490 1021 2576 ἐβιότευσα
1036 2494 1092 2559 καὶ
1106 2489 1203 2558 ἅτινα

194 2599 251 2677 τῆς
266 2598 449 2677 μεταβολῆς
466 2591 606 2676 ἑκάστης
620 2589 841 2658 ἀπολέλαυκα.

279 2694 378 2756 ΜΙΚ.
405 2691 524 2774 Λένοις
550 2687 612 2755 άν·
648 2685 691 2768 ὡς
714 2695 825 2774 ἔμοιγε
852 2686 1076 2774 ὑπερήδιστον
1099 2681 1202 2754 ἀν’τδ
1270 2715 1272 2739 ι

195 2787 346 2872 ἀκουσμα
367 2791 514 2873 γένοιτο,
537 2785 620 2855 όίστε
637 2796 732 2867 εἴτις
753 2791 882 2875 αἵρεσιν
897 2796 1058 2874 προθείη,
1080 2787 1204 2871 πότερα
1270 2788 1271 2823 ³

193 2894 321 2974 μᾶλλον
339 2888 444 2953 ἐθέλω
462 2893 525 2953 σοῦ
540 2885 680 2954 ἀκούειν
695 2885 735 2953 τά
758 2893 894 2955 τοιαῦτα
909 2886 1089 2966 διεξιόντος
1105 2881 1128 2973 ἢ
1143 2886 1204 2953 τδν

193 2991 444 3072 πανευδαίμονα
464 2983 598 3067 όνειρον
619 2989 749 3054 ἐκεῖνον
772 2979 874 3064 αὖθις
896 2983 980 3070 ὁρᾶν
1003 2983 1063 3052 τόν
1082 2982 1204 3071 μικρόν

193 3090 395 3169 ἔμπροσθεν,
406 3080 468 3149 οὐκ
479 3081 552 3149 οῖδα
562 3080 780 3170 δπότερονάν
790 3086 940 3168 ἑλοίμην·
956 3081 1063 3160 οὕτως
1073 3080 1202 3167 ἀδελφά

192 3180 337 3267 ἡγοῦμαι
350 3178 390 3245 τά
406 3179 448 3247 σά
460 3195 527 3258 τοῖς
540 3179 687 3267 ἡδίστοις
697 3197 832 3268 φανεῖσι
843 3184 898 3249 καὶ
912 3184 950 3248 ἐν
959 3192 1016 3270 ἴση
1029 3179 1117 3266 ὑμᾶς
1126 3190 1202 3269 τιμῇ

124 3284 173 3340 711
195 3276 265 3360 ἀνω
281 3280 320 3343 σε’
332 3303 366 3343 τε
380 3279 434 3346 καὶ
448 3276 485 3345 τδ
501 3287 727 3365 πολυτίμητον
740 3280 911 3347 ἐνύπνιον.

278 3381 408 3441 ΑΛΕΚ,
429 3374 498 3441 Ἔτι
520 3374 584 3460 γάρ
606 3374 650 3442 σύ
675 3374 893 3464 ἀναπεμπάζῃ
912 3374 972 3444 τόν
996 3376 1129 3463 ὄνειρον
1154 3385 1199 3455 τίς
