2575 3842
186 199 246 264 178
535 205 773 262 ΛΟΓΙΙΑΝ
778 203 847 261 01‘

182 359 328 447 έμαυτδν
340 359 470 430 ὁπόθεν
482 360 523 428 τά
533 369 681 428 τοσαῦτα
689 359 777 428 m&
787 364 953 440 συνελέξω
961 362 1016 428 καὶ
1026 362 1065 426 έν
1074 357 1188 447 ὁπόσῳ

181 458 292 549 χρόνῳ
307 462 364 526 καὶ
377 457 465 526 ὅπου
481 463 697 535 κατακλείσας
716 457 799 542 εἶχες
811 465 974 524 τοσοῦτον
993 455 1094 541 ε’σμὸν
1107 454 1195 525 ἀπό.-

181 584 257 626 κων
272 561 328 627 καί
341 559 556 644 διαστρόφων
570 557 763 643 ὀνομάτων,
778 550 828 623 ών
841 555 883 623 τὰ
892 557 954 641 μὲν
963 553 1064 634 αύτὸς
1073 559 1191 640 ἐποίη-

181 679 261 744 σας,
292 657 334 727 τὰ
360 661 397 728 δὲ
422 662 703 744 κατορωριημένα
723 659 835 725 ποθὲν
860 655 1023 724 ἀνασπᾶν
1043 654 1127 722 κατὰ
1149 651 1187 720 τό

181 762 334 843 ἰαμβεῖον

334 851 427 921 ὄλοιο
441 862 580 940 θνητῶν
594 857 739 938 ἐκλέγων
750 850 811 931 τάς
825 853 1017 937 συμφοράς·

111 966 164 1021 ³43
182 957 345 1017 τοσοῦτον
357 952 528 1039 βόρβορον
536 957 758 1034 συνερανίσας
766 949 994 1035 κατήντλησάς
1005 973 1073 1034 μου
1081 948 1185 1031 μηδέν

182 1067 221 1114 σε
236 1046 351 1114 δεινὸν
368 1052 596 1135 εἰργασμένου.
619 1053 728 1125 δοκεῖς
743 1051 785 1115 δέ
796 1075 853 1133 μοι
866 1045 949 1132 μήτε
961 1052 1062 1130 φίλον
1073 1039 1185 1126 τινάἢ

180 1151 306 1212 οίκελον
319 1141 341 1231 ἢ
356 1145 482 1214 εὔνουν
496 1152 582 1231 ἔχειν
595 1147 678 1231 μήτε
691 1143 791 1230 ἀνδρὶ
803 1147 971 1232 ἐλευθέρη)
984 1143 1117 1208 πώποτε
1130 1140 1186 1205 καὶ

179 1248 368 1328 παρρησίαν
378 1242 493 1330 ἀγοντι
503 1245 764 1329 ἐντετυχηκέναι,
772 1240 810 1320 ὂς
819 1237 1073 1327 τάληθὲςείπών
1080 1243 1188 1304 ἔπαυ-

180 1357 240 1406 σεν
254 1338 298 1405 ἀν
313 1359 351 1407 σε
365 1338 474 1430 ὑδέρῳ
485 1343 548 1426 μὲν
560 1341 720 1427 ἐχόμενον
728 1342 784 1407 καὶ
793 1337 861 1407 {aa
871 1346 934 1405 τοῦ
944 1337 1079 1412 πόθους
1088 1339 1185 1419 διαρ-

180 1442 324 1521 ραγῆναι
335 1439 588 1522 κινδυνεύοντα,
600 1445 713 1527 σαυτῷ
724 1439 760 1504 δὲ
770 1436 937 1519 εὔσαρκον
946 1432 1032 1501 εἶναι
1041 1437 1185 1498 δοκοῦν-

179 1558 220 1599 τα
236 1535 291 1599 καὶ
314 1530 498 1617 εὐρωστίαν
513 1537 671 1620 οἰόμενον
684 1535 747 1620 τὴν
765 1531 946 1619 συμφορὰν
963 1534 1018 1598 καὶ
1038 1528 1105 1596 ὑπὸ
1123 1528 1187 1612 μὲν

179 1637 248 1696 τών
261 1629 415 1715 ἀνοήτων
428 1633 673 1719 ἐπαινούμενον
687 1631 903 1718 ἀγνοούντων
916 1627 1103 1713 ἀπάοχεις,
1115 1622 1184 1691 ὑπὸ

181 1727 217 1792 δὲ
230 1733 299 1792 τών
315 1734 588 1816 πεπαιδευμένων
603 1732 737 1808 εἰκότως
749 1731 958 1814 ἐλεούμενον.
981 1732 1031 1795 18.
1046 1721 1121 1792 ἀλλ’
1137 1729 1186 1800 είς

179 1820 284 1889 καλὸν
298 1822 363 1910 γὰρ
379 1829 513 1896 τουτονὶ
528 1829 688 1896 Σώπολιν
701 1827 771 1914 ὁρῶ
783 1825 844 1895 τόν
859 1824 976 1912 ίατρόν
991 1821 1185 1912 προσιόντα,

180 1920 263 2004 φέρε
282 1922 389 2012 τούτῳ
403 1926 640 2010 ἐγχειρίσαντές
657 1946 695 1993 σε
715 1927 771 1992 καὶ
785 1926 1013 2010 διαλεχθέντες
1027 1919 1112 2004 ὑπὲρ
1126 1925 1186 2004 τῆς

179 2015 285 2084 νόσου
301 2025 390 2087 ἴασίν
404 2023 480 2089 τινά
500 2042 553 2091 σοι
570 2021 765 2110 εὑρώμεθα·
792 2019 930 2097 συνετὸς
946 2017 1011 2104 γὰρ
1026 2016 1114 2102 ἀνὴρ
1129 2017 1185 2082 καί

179 2112 324 2194 πολλοὺς
342 2115 406 2202 ἤδη
420 2118 625 2208 παραλαβών
641 2119 753 2203 ώσπερ
767 2119 805 2186 σέ
823 2115 997 2204 ἡμιμανεῖς
1011 2117 1065 2182 καὶ
1080 2139 1186 2199 κορυ-

180 2216 301 2292 ζῶντας
316 2210 502 2298 ἀπήλλαξεν
513 2219 625 2302 ἐγχέας
636 2218 824 2302 φάρμακον.
846 2228 949 2300 χαῖρε,
963 2215 1112 2297 Σώπολι,
1129 2215 1186 2278 καὶ

177 2312 311 2375 τουτονὶ
321 2313 515 2397 Λεξιφάνην
526 2313 732 2399 παραλαβών
748 2315 895 2397 ἑταῖρον,
911 2310 956 2390 ώς
971 2311 1087 2396 οἶσθα,
1102 2307 1185 2396 ἡμῖν

178 2403 269 2490 ὄντα,
286 2407 377 2496 λη’ρφ
388 2409 425 2475 δέ
434 2417 500 2475 νῦν
511 2412 566 2477 καί
578 2414 656 2497 ξένη
670 2412 745 2493 περὶ
755 2408 817 2495 τὴν
826 2407 946 2495 φωνην
959 2408 1050 2498 νόσφ
1060 2407 1185 2487 ξυνόν-

177 2527 218 2568 τα
234 2503 290 2567 καὶ
304 2505 547 2572 κινδυνεύοντα
565 2505 629 2592 ἤδη
647 2509 764 2584 τελέως
780 2504 988 2574 ἀπολωλέναι
1005 2513 1116 2573 σώσον
1133 2509 1188 2573 ἑνί

177 2601 218 2684 γέ
228 2623 274 2688 ιφ
288 2599 408 2689 τρόπῳ.
914 2671 932 2704 .

263 2701 312 2764 19.
329 2704 434 2775 ΛΕΞ.
454 2699 514 2785 Μὴ
530 2704 596 2787 ἐμέ,
611 2703 760 2786 Σώπολι,
776 2700 859 2769 ἀλλὰ
875 2703 1008 2769 τουτονὶ
1020 2709 1182 2788 Λυκῖνον,

107 2816 160 2870 344
178 2794 215 2875 ὃς
224 2804 416 2882 περιφανῶς
424 2806 553 2888 μακκοᾷ
561 2801 616 2867 καὶ
625 2799 750 2881 ἀνδρας
759 2802 1037 2886 πεφρενωμένους
1044 2798 1184 2868 ὀλισθο-

178 2910 364 2983 γνωμονεῑν
379 2907 481 2965 οίεται
501 2898 653 2968 καὶκατὰ
675 2897 735 2965 τὸν
749 2898 960 2983 Μνησάρχου
977 2897 1038 2966 τὸν
1049 2901 1184 2987 Σύμιον

178 2995 308 3081 σιωπὴν
323 2997 377 3062 καὶ
396 3003 624 3083 γλωτταργίαν
642 2995 724 3083 ἡμῖν
744 2997 922 3084 ἐπιβάλλει.
954 2993 1038 3065 ἀλλά
1054 2995 1100 3083 μά
1120 2996 1183 3084 τὴν

177 3094 399 3178 ἀναίσχυντον
417 3092 565 3180 Ἀθηνᾶν
584 3092 714 3162 καὶτὸν
734 3097 839 3179 μέγαν
853 3096 1063 3182 θηριομάχον
1078 3093 1183 3181 Ἡρα-

177 3195 256 3260 κλέα
271 3188 346 3258 οὐδ’
362 3190 443 3258 ὅσον
465 3200 525 3258 τοῦ
540 3199 605 3278 γρῦ
625 3195 681 3260 καὶ
700 3199 760 3258 τοῦ
776 3206 857 3277 φνεῖ
874 3200 1101 3279 φροντιοῦμεν
1116 3192 1182 3260 αύ-

176 3296 254 3356 τοῦ·
271 3286 445 3373 ὀττεύομαι
457 3296 543 3374 γοῦν
553 3295 635 3375 μηδὲ
646 3290 731 3368 ὅλως
740 3290 956 3376 ἐντυγχάνειν
965 3288 1064 3379 αύτῷ.
1088 3297 1182 3359 ἔοικα

177 3388 213 3453 δὲ
224 3387 278 3452 καὶ
288 3386 502 3472 ῥιναυλήσειν
513 3396 648 3455 τοιαῦτα
660 3392 872 3475 ἐπιτιμῶντος
885 3386 1029 3457 ἀκούων.
1050 3392 1105 3456 καὶ
1115 3389 1182 3477 ἤδη
