2575 3842
194 140 256 204 344
550 142 854 230 Λουιιικαου

194 309 255 370 τοῦ
273 301 464 387 σκεπάρνου
486 296 507 386 ή
528 309 589 368 τοῦ
610 299 803 384 τρυπάνου,
830 297 914 367 ἀλλά
931 307 992 367 τοῦ
1014 311 1217 388 ναυπηγοῦ·

195 397 364 484 ἀνάλογον
378 406 494 466 τοίνυν
510 395 530 483 ἡ
546 399 607 483 μὲν
623 400 884 483 ναυπηγουμένη
900 400 1020 466 ἕκαστα
1041 396 1215 486 ἡΕίμαρ-
1271 486 1272 493 ¹

195 498 277 583 μέυη
293 499 393 581 ἐστίν,
410 494 503 583 ὑμεῖς
515 498 551 563 δὲ
564 495 628 579 άρα
639 495 793 579 τρύπανα
806 498 861 562 καί
874 496 1044 578 σκέπαρνά
1056 501 1131 564 ἐστε
1143 506 1214 564 των
1271 540 1273 571 ι

197 602 354 679 Μοιρῶν·
378 602 443 677 καί,
457 592 500 672 ἀς
511 599 630 679 ἔοικεν,
643 599 677 661 οί
685 591 863 676 ἀνθρωποι
875 598 952 662 δέον
963 603 1002 681 τῇ
1012 599 1213 683 Εἱμαρμένη

194 694 297 762 θύειν
318 697 372 759 καὶ
390 689 468 776 παρ’
489 694 616 777 ἐκείνης
632 697 736 758 αἰτεῖν
756 688 906 776 τάγαθά,
933 697 968 758 οἱ
985 693 1020 758 δὲ
1043 693 1099 778 ἐφ’
1123 691 1213 778 ὑμᾶς

196 801 264 858 ίασι
279 789 457 872 προσόδοις
474 791 527 856 καὶ
544 795 680 866 θυσίαις
694 796 921 873 γεραίροντες·
948 792 983 856 oc
996 786 1028 855 δ’
1052 788 1135 856 οὐδὲ
1148 788 1212 874 τήν
1271 876 1272 881 ¹

194 887 410 972 Εἱμαρμένην
423 893 582 971 τιμῶντες
593 882 636 953 ἀν
647 888 681 964 ές
696 887 774 952 δέον
788 883 868 952 αύτό
885 891 1064 972 ἔπραττον·
1088 885 1132 954 ού
1144 888 1212 973 γάρ
1271 898 1272 947 ἔ

196 981 285 1069 οἶμαι
301 980 448 1049 δυνατόν
466 981 550 1050 εἶναι
568 980 647 1050 οὐδὲ
661 979 776 1060 αὐταῖς
790 987 837 1050 ἔτι
855 999 925 1062 ταῖς
940 991 1087 1069 Μοίραις
1104 983 1212 1053 ἀλλά-

197 1086 247 1162 ξαι
262 1108 293 1148 τι
310 1083 364 1148 καὶ
380 1085 578 1167 μετατρέψαι
594 1088 664 1160 Ιταῖν
684 1084 716 1160 ἐξ
734 1079 835 1166 ἀρχής
848 1082 1020 1160 δοξάντων
1036 1085 1113 1165 περὶ
1132 1081 1212 1149 ἑκά-

198 1199 296 1246 στου·
325 1177 345 1265 ἡ
368 1186 453 1264 γοῦν
466 1176 628 1262 ’Ἀτροπος
650 1176 712 1245 ούκ
733 1177 901 1262 ἀνάσχοιτ’
919 1175 978 1263 ἀν,
1004 1188 1037 1246 εί
1047 1206 1096 1257 τις
1117 1182 1152 1256 ές
1174 1175 1211 1245 τό

197 1280 350 1345 ἐναντίον
367 1279 517 1361 στρέψειε
533 1275 593 1344 τόν
613 1275 777 1361 ἄτρακτον
794 1273 952 1344 ἀναλύων
969 1284 1026 1362 τῆς
1040 1283 1211 1352 Κλωθοῦς

197 1373 232 1444 τό
250 1381 358 1460 ἔργον.

282 1480 330 1540 1“2.
348 1481 474 1540 ΖΕΤΣ.
499 1470 553 1540 Σύ
570 1471 601 1538 δ’
618 1471 699 1558 ήδη,
721 1465 929 1555 ἀΚννίσκε,
948 1469 1027 1540 οὐδὲ
1041 1469 1101 1549 τάς
1116 1477 1210 1537 Μοί-
1271 1502 1272 1507 ’

199 1598 256 1658 ρας
276 1577 435 1656 τιμᾶσθαι
450 1567 535 1655 πρὸς
554 1577 621 1636 τῶν
642 1568 837 1654 ἀνθρώπων
853 1567 972 1650 ἀξιοῖςς
1000 1566 1073 1638 ἀλλ’
1098 1575 1210 1645 έοικας

198 1667 327 1735 ἅπαντα
343 1683 478 1754 συγχεῖν
495 1679 739 1751 προαιρεῖσθαι.
768 1666 861 1755 ἡμεῖς
884 1669 920 1735 δὲ
941 1674 972 1735 εί
990 1669 1046 1734 καὶ
1064 1663 1210 1752 μηδενός

198 1764 303 1833 ἀλλον
315 1767 427 1849 ἕνεκα,
443 1772 503 1832 τοῦ
515 1792 553 1851 γε
565 1766 791 1852 μαντεύεσθαι
802 1770 857 1834 καί
866 1767 1075 1853 προμηνύειν
1087 1767 1208 1832 ἕκαστα
1271 1798 1272 1803 ¹

197 1869 265 1930 τάν
280 1860 346 1930 ὑπὸ
358 1871 414 1950 τῆς
425 1871 559 1950 Μοίρας
573 1866 817 1948 κεκυρωμένων
828 1868 963 1942 δικαίως
972 1860 1137 1951 τιμῴμεθ’
1156 1861 1207 1930 ἀν.
1271 1876 1272 1887 ’

282 1969 384 2029 KYN.
412 1960 456 2030 Τό
473 1963 535 2048 μὲν
550 1959 649 2047 ὅλον,
670 1959 851 2048 ἄχρηστον,
868 1955 895 2029 ἀ
910 1969 994 2047 Ζεῦ,
1018 1965 1209 2048 προειδέναι

198 2058 238 2126 τά
253 2063 415 2145 μέλλοντα
433 2057 482 2139 οἷς
496 2086 535 2146 γε
550 2057 587 2127 τὸ
605 2061 820 2145 φυλάξασθαι
835 2058 919 2128 αύτά
933 2062 1066 2138 πάντως
1080 2056 1209 2125 ἀδύνα-

197 2184 271 2225 τον·
305 2157 397 2238 ἐκτός
417 2165 446 2228 εί
467 2156 514 2244 μή.
529 2167 627 2226 τοῦτο
649 2159 731 2244 φής,
758 2155 801 2236 ὡς
823 2157 840 2225 ὁ
862 2157 1051 2244 προμαθὼν
1071 2155 1124 2225 ότι
1141 2155 1208 2224 ὑπό

132 2271 180 2328 λ36
200 2263 315 2344 αἰχμῆς
327 2263 465 2343 σιδηρᾶς
477 2257 687 2343 τεθνήξεται,
700 2253 888 2326 δύναιτ”ἀν
900 2261 1060 2345 ἐκφυγεῖν
1070 2255 1130 2325 τόν
1141 2257 1208 2324 θά-

162 2402 164 2405 -
199 2381 303 2421 νατον
314 2356 568 2442 ἐγκλεισάμενος
579 2355 716 2422 ἑαυτόν·
736 2354 809 2424 ἀλλ’
823 2354 1007 2425 ἀδύνατον·
1026 2358 1130 2437 ἐξάξει
1143 2357 1207 2442 γάρ

199 2449 304 2519 αὐτόν
318 2450 339 2539 ή
353 2460 467 2536 Μοῖρα
482 2454 752 2540 κυνηγετήσοντα
767 2458 822 2522 καὶ
834 2459 1026 2542 παραδώσει
1040 2464 1079 2544 τῇ
1093 2462 1207 2544 αἰχμή·

199 2553 253 2618 καὶ
270 2548 287 2617 ό
305 2549 486 2634 ’Ἄδραστος
505 2555 557 2621 ἐπὶ
576 2551 637 2620 τόν
657 2560 722 2620 σῦν
739 2552 835 2640 ἀφεὶς
855 2552 915 2642 τήν
931 2556 1056 2642 λόγχην
1079 2558 1207 2623 ἐκείνου

200 2649 262 2736 μὲν
283 2646 521 2738 ἁμαρτήσεται,
545 2653 706 2738 φονεύσει
723 2655 760 2722 δὲ
779 2651 839 2721 τόν
855 2664 916 2722 τοῦ
930 2661 1080 2739 Κροίσου
1097 2658 1207 2739 παῖδα,
1271 2670 1272 2689 ’

202 2747 245 2828 ὡς
262 2745 304 2816 ἀν
322 2747 381 2816 ἀπ’
399 2756 536 2836 ἰσχυρᾶς
553 2754 687 2836 ἐντολῆς
703 2760 771 2819 τῶν
785 2760 930 2835 Μοιρῶν
945 2755 1135 2839 φερομένου
1149 2761 1208 2820 τοῦ

200 2847 358 2917 ἀκοντίου
375 2852 426 2917 ἐπί
446 2848 506 2917 τόν
524 2858 712 2919 νεανίσκον.
742 2858 793 2920 13.
809 2850 846 2920 τό
863 2853 925 2938 μὲν
943 2850 1008 2938 γάρ
1028 2859 1088 2918 τοῦ
1102 2858 1207 2919 Λαΐου

200 2949 253 3015 καὶ
268 2958 415 3034 γελοῖον,
432 2949 485 3017 τό·

242 3045 287 3133 μὴ
304 3064 416 3132 σπεῖρε
431 3051 557 3117 τέκνων
573 3048 678 3117 ἀλοκα
693 3048 864 3134 δαιμόνων
880 3056 952 3138 βίᾳ·
989 3108 991 3114 ,

243 3152 273 3214 εί
284 3144 349 3232 γάρ
365 3148 540 3225 τεκνώσεις
555 3151 667 3234 (φησὶ)
681 3145 791 3232 παῖδ’,
806 3146 984 3215 ἀποκτενεῖ
997 3145 1030 3213 σ’
1047 3147 1065 3214 ὁ
1083 3148 1157 3232 φύς.

169 3237 333 3328 φύθριττή
345 3246 427 3332 γάρ,
447 3245 554 3334 οἶμαι,
569 3244 590 3333 ή
603 3254 797 3331 παραίνεσις
809 3243 893 3332 πρός
906 3243 947 3313 τά
959 3245 1092 3324 πάντως
1103 3245 1205 3322 οὕτως

123 3351 124 3354 ’
248 3380 250 3383 -
284 3344 417 3427 Ιεόμενα.
441 3345 609 3431 τοιγάρτοι
619 3342 701 3430 μετά
712 3343 773 3412 τόν
783 3342 932 3432 χρησμόν
943 3347 998 3412 καί
1010 3350 1141 3430 ἔσπειρε
1154 3346 1204 3410 καί
