2575 3842
526 185 554 242 Ε
560 185 620 243 ΡΩ
631 187 728 243 ΤΕΣ.
1070 185 1130 248 231

207 349 259 412 43.
286 345 389 412 Ταυτὶ
402 344 464 429 μὲν
481 335 544 411 οῦν
567 340 753 422 εὐσταθοῦς
767 351 845 431 βίον
860 345 1036 432 τεκμήρια·
1064 352 1131 412 τῶν

124 443 159 508 δὲ
175 443 381 528 πικροτέραν
392 450 426 507 εί
431 466 480 517 τις
490 440 659 526 ἐθελήσειε
670 438 707 508 τό
720 438 844 526 ἀληθὲς
857 440 940 510 κατά
953 445 1052 527 μέρος
1062 445 1131 522 ἐξε-

122 538 249 623 τάζειν,
273 537 378 616 ὅντως
395 538 612 624 καταράσεται
628 545 807 625 Προμηθεῖ
818 541 880 626 τήν
894 539 1131 627 Μενάνδρειον

123 638 256 722 ἐκείνην
271 633 459 722 ἀπορρήξας
474 635 610 723 φωνήν·

228 731 298 801 Εἶτ’
319 731 360 800 οῦ
377 739 511 812 δικαίως
527 739 925 821 προσπεπατταλευμένον

228 830 398 917 γράφουσι
412 830 472 899 τὸν
488 834 673 916 Προμηθέα
687 829 771 917 πρός
783 845 854 911 ταῖς
867 835 1017 918 πέτραις;
1147 839 1199 894 446

229 931 284 996 καὶ
299 926 403 1016 γίνετ’
419 926 507 1019 αὐτῷ
523 927 671 1013 λαμπάς,
689 927 769 996 ἀλλο
785 927 816 996 δ’
833 927 911 997 οὐδὲ
927 933 965 996 ἓν

227 1027 370 1114 ἀγαθόν.
395 1025 413 1095 ό
427 1041 536 1114 μισεῖν
550 1024 616 1112 οἶμ’
634 1025 783 1107 ἅπαντας
797 1024 875 1105 τοῦς
888 1027 1003 1113 θεούς,

228 1139 390 1211 γυναῖκας
404 1130 561 1208 ἔπλασεν,
577 1113 604 1190 ό
620 1129 836 1208 πολυτίμητοι
849 1128 935 1208 θεοί,

230 1228 331 1300 ἔθνος
346 1221 476 1308 μιαρόν.
501 1234 601 1307 γαμεῖ
612 1247 662 1299 τις
676 1218 885 1306 ἀνθρώπων,
901 1234 1013 1306 γαμεῖς

226 1320 363 1405 λάθριοι
379 1318 417 1388 τό
435 1318 555 1388 λοιπὸν
569 1317 635 1405 γάρ
651 1321 824 1404 ἐπιθυμίαι
840 1325 949 1405 κακαί,

227 1423 378 1508 γαμηλίῳ
392 1422 476 1504 λε’χει
493 1443 528 1484 τε
544 1413 657 1503 μοιχός
673 1418 849 1502 ἐντρυφῶν

229 1517 282 1582 καὶ
298 1530 500 1602 φαρμακεῖαι
517 1519 572 1582 καὶ
586 1513 700 1582 νόσων
712 1513 940 1599 χαλεπώτατος

100 1661 108 1674 .
229 1612 377 1697 φθόνος,
395 1610 471 1697 μεθ’
492 1605 534 1679 οῦ
549 1617 585 1700 ζῇ
602 1611 710 1679 πάντα
727 1609 788 1678 τόν
802 1617 878 1698 βίον
891 1609 989 1697 γυνή.

123 1715 172 1786 τίς
184 1714 288 1775 ταῦτα
307 1705 347 1775 τά
364 1706 477 1794 ἀγαθά
495 1709 624 1788 διώκεις
646 1714 712 1775 τίνι
729 1713 800 1794 βίος
817 1705 835 1773 ό
852 1703 1016 1792 δυστυχὴς
1032 1697 1129 1784 οῦτος

122 1806 294 1890 θυμήρης;
315 1811 366 1873 44.
379 1805 473 1885 ἀξιον
484 1813 601 1874 τοίνυν
612 1804 799 1874 ἀντιθεῖναι
808 1819 875 1883 τοῖς
885 1806 1004 1891 θήλεσι
1016 1820 1130 1883 κακοῖς

123 1901 185 1990 τὴν
195 1903 320 1987 ἀρρενα
331 1910 399 1970 τῶν
410 1909 539 1972 παίδων
549 1901 693 1991 ἀγωγήν.
718 1902 856 1989 ὄρθριος
871 1899 1014 1980 ἀναστάς
1025 1905 1062 1969 ἐκ
1072 1909 1130 1988 τῆς

124 2000 248 2086 ἀζῦγου
269 2006 379 2086 κοίτης
399 1999 459 2069 τόν
479 2003 531 2070 ἐπὶ
551 2007 618 2068 τάν
636 1998 794 2087 ὀμμάτων
813 2005 860 2066 ἐτι
880 1996 1000 2066 λοιπόν
1016 1997 1127 2066 ῦπνον
1146 2010 1196 2065 447

126 2096 373 2184 ἀπονιψάμενος
394 2097 492 2167 ῦδατι
512 2105 592 2190 λιτῷ
616 2101 671 2167 καί
694 2095 757 2183 τήν
775 2094 870 2183 ίεράν
889 2095 1040 2180 χλαμύδα
1059 2109 1130 2171 ταῖς

125 2200 280 2282 ε’πωμίοις
301 2197 458 2281 περόναις
483 2195 659 2283 συρράῦας
682 2193 746 2264 ἀπό
770 2202 827 2281 τῆς
849 2193 1002 2284 πατρῴας
1025 2193 1130 2270 ἑστίας

124 2299 284 2381 ἐξέρχεται
295 2296 386 2364 κάτω
401 2294 556 2381 κεκυφάς
571 2299 625 2364 καὶ
637 2296 763 2380 μηδένα
776 2300 844 2361 τόν
859 2290 1085 2360 ἀπαντώντων
1097 2293 1129 2370 ἐξ

124 2397 278 2461 ἐναντίου
288 2396 522 2481 προσβλέπων·
544 2391 730 2462 ἀκόλουθοι
742 2394 778 2459 δὲ
789 2393 843 2459 καὶ
854 2393 1059 2477 παιδαγωγοὶ
1072 2416 1130 2476 χο-

124 2489 183 2576 ρός
198 2489 287 2581 αὐτῷ
305 2491 441 2577 κόσμιος
461 2494 596 2558 ἕπονται
616 2489 657 2558 τά
675 2487 779 2576 σεμνά
794 2497 850 2576 τῆς
869 2489 986 2577 ἀρετής
1000 2491 1038 2558 ἐν
1053 2515 1130 2575 χερ-

124 2592 178 2657 σὶν
194 2587 321 2675 όργανα
336 2597 551 2675 κρατοῦντες,
573 2588 615 2656 οῦ
631 2595 771 2672 πριστοῦ
784 2588 899 2667 κτενὸς
914 2587 1054 2675 ἐντομάς
1070 2588 1128 2656 κό-

124 2714 192 2773 μην
205 2687 407 2773 καταιγήχειν
429 2690 616 2773 δυναμένας
634 2686 712 2755 οῦδὲ
731 2693 873 2773 ἔσοπτρα
889 2697 956 2756 τῶν
972 2686 1130 2774 ἀντιμόρ-

125 2811 201 2871 φων
217 2785 435 2871 χαρακτήρων
449 2783 624 2873 ἀγράφους
640 2787 788 2872 είκόνας,
804 2785 877 2855 ἀλλ’
894 2784 1130 2872 ήπολῦπτυχοι

124 2885 233 2950 δέλτοι
255 2885 397 2950 κατόπιν
414 2882 665 2953 ἀκολουθοῦσιν
679 2880 701 2969 ἦ
716 2892 867 2951 παλαιῶν
887 2891 996 2969 ἔργων
1012 2882 1130 2969 ἀρετάς

124 2980 351 3066 φυλάττουσαι
370 2988 496 3067 βίβλοι,
519 2979 585 3051 κάν
601 2987 646 3059 είς
659 2989 823 3068 μουσικοῦ
841 2985 898 3070 δέη
912 2989 1051 3067 φοιτῦν,
1073 2979 1130 3048 εῦ-

124 3077 224 3164 μελὴς
241 3077 337 3163 λύρα.
366 3084 417 3147 45.
441 3089 521 3148 πᾶσι
539 3083 575 3147 δὲ
596 3094 663 3158 τοῖς
679 3081 877 3173 φιλοσόφοις
891 3087 997 3166 ψυχῆς
1017 3079 1131 3166 μαθή-
1147 3098 1198 3152 448

124 3197 204 3263 μασι
219 3183 367 3261 λιπαροῦς
379 3176 582 3265 ἐναθλήσας,
603 3174 775 3264 ἐπειδάνὴ
793 3179 925 3246 διάνοια
943 3186 1011 3246 τόν
1031 3182 1130 3264 ἐγκυ-

124 3281 228 3343 κλίων
239 3272 378 3360 ἀγαθοῖν
391 3282 554 3363 κορεσθῇ,
571 3273 607 3343 τό
621 3283 715 3362 σῶμα
727 3291 796 3355 ταῖς
810 3280 1013 3362 ἐλευθερίοις
1025 3274 1130 3362 ἀσκή-

124 3391 217 3440 σεσιν
232 3375 379 3441 ἐκπονεῖ·
401 3375 563 3442 Θεσσαλοί
582 3371 647 3459 γάρ
664 3376 759 3442 ἵπποι
774 3377 932 3460 μέλουσιν
947 3372 1052 3466 αὐτῷ·
1075 3378 1129 3442 καὶ
