2575 3842
195 206 257 270 272
570 210 876 270 AOYKIANOY

282 374 375 448 ΤΟΞ.
399 374 463 438 Καὶ
478 371 582 456 μάλα·
605 367 671 456 ἐγῶ
683 371 720 438 δὲ
732 367 792 438 τόν
804 373 982 456 ἐπιχώριον
995 369 1145 458 ὀμοῦμαί
1152 395 1204 440 σοι

194 470 231 536 ἐν
244 475 290 560 τῷ
306 471 451 554 ἐμαυτοῦ
465 468 563 556 λόγῳ.

279 571 327 633 12.
347 573 497 634 ΜΝΗΣ.
515 566 612 635 ’Ίστω
632 573 750 634 τοίνυν
771 564 890 646 ὁΖεῦς
910 567 927 634 ὁ
949 574 1075 654 φίλιος,
1097 562 1119 653 ἦ
1139 566 1203 654 μὴν

194 662 302 732 ὁπόσα
323 660 366 732 ἀν
357 668 472 790 τ,λέγω
494 665 578 751 πρὸς
600 667 635 732 σὲ
656 661 678 751 ἢ
699 662 799 742 αὐτὸς
821 663 915 744 είδῶς
936 661 958 750 ἢ
976 665 1059 752 παρ’
1082 667 1203 753 ἀλλων,

194 759 322 830 ὁπόσον
336 757 409 830 οἷόν
424 788 459 830 τε
473 755 532 848 ἦν,
549 760 595 830 δι’
613 761 782 850 ἀκριβείας
796 763 1095 851 ἐκπυνθανόμενος
1105 769 1203 883 ἐρεῑγ,

194 859 297 946 μηδὲν
309 885 375 946 παρ
380 857 547 946 ’ἐμαυτοῦ
558 863 803 950 ἐπιτραγῳδῶν
817 865 872 930 καὶ
883 862 1019 950 πρῶτην
1030 867 1070 950 γέ
1079 883 1131 932 σοι
1143 890 1203 950 την

189 957 432 1045 Ἀγαθοκλέους
453 962 508 1027 καὶ
527 965 669 1027 Δεινίου
689 964 805 1042 φιλίαν
827 959 1025 1082 διηγησομαι
1049 961 1204 1047 ἀοίδιμον

194 1061 309 1136 ἐντοῖς
314 1057 404 1125 Ἰωσι
415 1061 616 1182 γενομένην
634 1055 846 1180 Ἀγαθοκλῆς
855 1056 919 1144 γάρ
931 1051 1029 1138 οὗτος
1043 1087 1061 1127 ο
1048 1057 1202 1145 Σάμιος

194 1155 235 1225 ού
252 1154 315 1241 πρδ
338 1159 503 1224 πολλοῦ’
487 1159 634 1242 εγένετο,
657 1151 790 1238 ἀριστος
812 1155 874 1239 μὲν
894 1153 979 1241 πρός
1001 1152 1181 1241 φιλίαν,’
1160 1183 1204 1233 ως

124 1273 175 1327 519
195 1256 314 1337 ἔδειξε,
337 1251 377 1320 τά
394 1252 476 1322 ἀλλα
500 1256 536 1322 δὲ
550 1251 650 1321 οῦδὲν
667 1259 808 1338 Σαμίων
821 1261 889 1320 τῶν
904 1262 1037 1322 πολλῶν
1055 1251 1203 1339 ἀμείνων

192 1351 269 1420 οῦτε
287 1355 320 1430 ἐς
334 1351 370 1420 τό
387 1356 483 1439 γένος
502 1351 578 1420 ούτε
594 1355 627 1429 ἐς
646 1349 707 1436 τὴν
722 1349 828 1436 ἀλλην
840 1358 1053 1437 περιουσίαν·
1082 1358 1203 1439 Δεινίᾳ

193 1451 229 1518 δὲ
243 1458 291 1538 τῷ
304 1451 467 1528 Λύσωνος
479 1447 617 1539 Ἐφεσίῳ
634 1455 730 1535 φίλος
747 1453 784 1516 ἐκ
800 1455 930 1517 παίδων
945 1442 1005 1536 ἦν·
1030 1447 1048 1516 ὁ
1064 1451 1102 1518 δέ
1118 1459 1202 1518 Δει-

193 1556 266 1628 νίας
283 1549 434 1616 ἐπλούτει
449 1547 513 1634 ἀρα
529 1554 575 1626 είς
590 1546 798 1634 ὑπερβολήν·
821 1551 877 1616 καὶ
892 1547 1003 1633 ῶσπερ
1020 1545 1108 1626 είκός
1123 1546 1202 1615 νεό-

193 1656 341 1714 πλουτον
356 1645 453 1732 ὄντα,
470 1643 615 1724 πολλούς
630 1648 685 1714 καὶ
696 1645 819 1725 ἀλλους
830 1647 894 1733 εἶχε
905 1649 980 1730 περὶ
996 1643 1117 1715 ἑαυτὸν
1127 1649 1202 1712 ίκα-

191 1742 273 1822 νοῦς
287 1745 348 1830 μὲν
364 1760 521 1830 συμπιεῖν
536 1748 591 1814 καὶ
608 1746 692 1827 πρὸς
707 1743 835 1833 ἡδονήν
851 1761 1019 1831 συνεῖναι,
1037 1751 1150 1831 φιλίας
1165 1743 1201 1810 δὲ

191 1852 346 1912 πλεῖστον
362 1840 443 1912 ὅσον
459 1841 672 1923 ἀποδέοντας.
695 1847 775 1923 τέως
789 1846 852 1931 μὲν
866 1838 930 1913 οῦν
946 1849 983 1913 ἐν
1000 1845 1131 1922 τούτοις
1146 1845 1200 1910 καὶ

191 1940 426 2029 ὁἈγαθοκλῆς
441 1944 607 2029 ἐξητάζετο
622 1947 678 2012 καλ
692 1952 800 2030 συνῆν
818 1946 873 2012 καὶ
894 1945 1074 2012 συνέπινεν
1089 1940 1201 2018 αὐτοῖς

192 2040 232 2110 οῦ
251 2042 344 2110 πάνυ
358 2049 483 2128 χαίρων
497 2050 537 2132 τῇ
550 2042 688 2131 τοιαύτη
701 2047 869 2131 διατριβῇ,
884 2043 940 2110 καί
955 2039 972 2109 ὁ
988 2047 1125 2118 Δεινίας
1139 2035 1200 2106 ού-
1254 2065 1257 2067 ’

190 2142 248 2208 δέν
259 2139 364 2208 αὐτόν
379 2142 592 2227 ἐντιμότερον
607 2139 671 2226 εἶχε
684 2150 751 2208 τῶν
766 2143 936 2209 κολάκων·
959 2148 1150 2208 τελευταῖον
1164 2138 1200 2204 δέ

191 2246 245 2310 καὶ
260 2246 466 2325 προσέκρουε
480 2238 519 2308 τά
538 2241 644 2309 πολλά
662 2246 836 2327 ἐπιτιμῶν,
854 2244 908 2309 καὶ
923 2236 1082 2327 φορτικὸς
1092 2237 1200 2305 ἐδόκει

191 2338 456 2427 ὑπομιμνήσκων
467 2338 518 2408 ἀεὶ
531 2348 598 2408 τῶν
611 2340 791 2426 προγόνων
805 2342 860 2408 καλ
872 2338 1055 2428 φυλάττων
1068 2362 1198 2421 παραγ·
1285 2428 1286 2431 ¹

190 2438 355 2525 γέλλωνά
375 2439 454 2525 μετά
476 2448 610 2508 πολλῶν
625 2439 784 2526 καμάτων
801 2436 819 2506 ὁ
837 2437 945 2525 πατὴρ
965 2435 1055 2528 αὐτῷ
1075 2434 1200 2523 κτησά-
1285 2494 1286 2503 ,

190 2563 290 2623 μενος
304 2540 494 2605 κατέλιπεν·
517 2537 601 2606 ῶστε
619 2535 674 2605 διά
688 2546 792 2606 ταῦτα
811 2536 890 2607 οὐδὲ
904 2540 957 2606 ἐπὶ
970 2534 1049 2616 τοῦς
1064 2537 1199 2622 κῶμους

190 2635 318 2722 ἀπῆγεν
329 2642 376 2704 ἐτι
388 2633 502 2721 αὐτόν,
518 2634 601 2705 ἀλλά
614 2638 717 2723 μόνος
727 2635 799 2722 μετ’
813 2639 951 2705 ἐκείνων
961 2634 1107 2723 ἐκῶμαζε
1116 2643 1196 2704 λαν·
1284 2682 1285 2697 ι

189 2735 312 2803 θάνειν
325 2736 531 2821 πειρῶμενος
542 2733 603 2805 τόν
615 2736 829 2822 Ἀγαθοκλέα.
852 2741 902 2805 13.
918 2737 973 2804 καλ
989 2736 1030 2823 δή
1040 2759 1119 2802 ποτε
1130 2729 1196 2800 ῦπδ

189 2843 257 2903 τῶν
273 2834 427 2903 κολάκων
441 2836 579 2902 ἐκείνων
590 2833 606 2902 ὁ
619 2834 739 2916 ἅθλιος
752 2834 969 2904 ἀναπείθεται
982 2833 1026 2914 ῶς
1038 2834 1124 2925 ἐρῴη
1135 2827 1198 2899 αῦ-

189 2942 249 3003 τοῦ
265 2940 445 3017 Χαρίκλεια
461 2934 689 3020 Δημώνακτος
702 2933 788 3022 γυνὴ
806 2933 930 3018 ἀνδρός
944 2938 1130 3020 ἐπιφανοῦς
1145 2931 1199 2999 καὶ
1282 3009 1284 3030 Ι

189 3034 325 3120 πρῶτον
335 3032 494 3119 Ἐφεσίων
506 3032 545 3102 τά
558 3036 729 3103 πολιτικά·
744 3036 798 3101 καὶ
807 3032 995 3120 γραμμάτιά
1006 3059 1041 3100 τε
1054 3038 1199 3117 εἰσεφοί-

120 3147 172 3200 520
189 3161 229 3200 τα
255 3131 345 3219 αὐτῶ
362 3133 451 3217 παρά
470 3142 527 3219 τῆς
543 3130 704 3219 γυναικός
725 3136 780 3201 καλ
796 3137 955 3218 στέφανοι
974 3129 1199 3218 ἡμιμάραντοι

189 3235 244 3300 καὶ
260 3232 347 3317 μῆλά
357 3258 432 3298 τινα
448 3230 700 3318 ἀποδεδηγμένα
713 3234 768 3300 καὶ
783 3231 867 3301 ἀλλα
882 3230 990 3299 ὁπόσα
1007 3235 1042 3299 αί
1052 3252 1198 3317 μαστρο-

189 3332 246 3395 ποί
262 3342 330 3406 τοῖς
344 3332 432 3407 νέοις
452 3334 735 3418 ἐπιμηχανῶνται,
759 3330 843 3400 κατά
858 3329 980 3419 μικρόν
997 3329 1110 3408 αάτοίς
1126 3332 1199 3396 ἐπι-

189 3427 391 3512 τεχνώμεναι
411 3425 490 3507 τοῦς
512 3435 635 3514 ἐρωτας
656 3431 710 3496 καὶ
731 3427 982 3515 ἀναφλέγουσαι
1004 3428 1040 3496 τό
1064 3435 1197 3515 πρῶτον
