2575 3842
390 258 510 316 ΠΕΡΙ
530 259 805 317 ΟΡΧΗΣΕΩΣ.
1039 258 1100 320 159

92 420 230 480 τοιαῦτα
246 419 435 499 παρέχεται,
456 414 516 484 τόν
525 416 705 485 Ὑάκινθον
720 419 775 484 καλ
788 416 848 483 τόν
862 426 923 485 τοῦ
933 416 1099 487 Ἀπόλλω-

93 536 152 587 νος
169 508 374 598 ἀντεραστὴν
387 517 544 600 Ζέφυρον
557 516 613 582 καὶ
626 513 689 600 τὴν
702 512 768 582 ῦπό
785 523 831 605 τῷ
841 519 943 605 δίσκφ
954 522 1015 583 τοῦ
1026 542 1098 601 μει-

93 612 213 688 ρακίου
228 606 362 694 σφαγὴν
378 611 435 677 καὶ
454 608 490 676 τδ
513 612 549 677 ἐκ
562 619 623 678 τοῦ
637 615 776 698 αἳματος
793 609 899 688 ῦνθος
918 612 972 678 καὶ
986 611 1048 697 τὴν
1062 616 1098 678 ἐν

94 700 186 793 αὐτῷ
202 704 381 785 αἰάζουσαν
397 709 602 794 ἐπιγραφήν,
619 710 673 775 καὶ
686 707 748 796 τὴν
760 708 940 794 Τυνδάρεω
952 705 1099 775 άνάσται-

93 820 150 867 σιν
163 803 220 868 καί
234 799 297 887 τὴν
311 801 395 882 Διός
409 807 461 871 έπδ
477 806 585 895 τούτῳ
599 803 674 871 κατ’
687 803 886 891 Ἀσκληπιοῦ
901 802 1021 891 ὀργήν·
1051 810 1098 872 ἔτι
1116 818 1166 871 295

94 897 130 963 δὲ
150 901 206 965 καὶ
226 897 287 966 τόν
299 899 448 987 Πάριδος
463 900 620 987 ξενισμὸν
642 905 697 971 καὶ
718 903 780 988 την
795 901 926 987 Ἑλένης
942 899 1098 989 ἁρπαγὴν

93 994 175 1078 μετά
197 995 261 1082 την
281 1000 333 1065 ἐπὶ
352 1008 398 1087 τῷ
421 1000 514 1087 μήλφ
534 1006 654 1082 κρίσιν.
692 1006 742 1068 46.
769 1004 944 1086 νομιστέον
965 997 1030 1084 γάρ
1058 1007 1098 1085 τῇ

92 1102 321 1183 Σπαρτιατικῇ
334 1100 463 1185 ἱστορίᾳ
474 1099 529 1164 καὶ
538 1094 601 1181 τὴν
612 1093 753 1182 Ἰλιακὴν
765 1104 955 1181 συνῆφθαι,
970 1093 1098 1180 πολλὴν

93 1185 201 1258 οῦσαν
217 1194 273 1259 καὶ
286 1194 571 1278 πολυπρόσωπον·
598 1192 679 1261 καθ’
695 1196 834 1262 ἕκαστον
849 1200 935 1278 γοῦν
950 1200 1017 1259 τῶν
1032 1194 1101 1258 ἐκεῖ

93 1288 267 1354 πεσόντων
278 1293 387 1375 δρᾶμα
398 1298 438 1377 τῇ
448 1299 556 1408 σκηνηῖ
569 1292 755 1408 πρόκειται
779 1317 833 1358 και
822 1294 1035 1408 μεμνησθαι
1048 1294 1101 1355 δεῖ

92 1385 224 1451 τούτων
239 1384 306 1470 άεί,
329 1384 511 1471 μάλιστα’
492 1384 557 1453 από
571 1394 628 1471 της
648 1384 798 1473 ἁρπαγῆς
818 1383 923 1464 εὐθὺς
940 1385 1014 1471 άχρι
1029 1391 1096 1451 τῶν

92 1484 129 1547 έν
143 1496 211 1561 τοϊς
225 1484 357 1562 νόστοις
369 1488 602 1604 γεγενημένων
613 1488 667 1553 καὶ
680 1493 737 1571 της
746 1492 793 1553 Al
792 1494 885 1551 νείου
900 1484 1026 1568 πλάνης
1040 1483 1096 1549 καὶ

95 1582 253 1657 Διδοῦς”
235 1605 371 1667 ερωτος,
392 1574 441 1649 οἷν
455 1580 518 1648 οῦκ
538 1580 694 1666 άλλότρια
709 1580 813 1651 καὶ
777 1610 818 1649 τα
836 1586 911 1667 περὶ
927 1579 986 1648 τὸν
1003 1578 1095 1664 Ὀρέ-

92 1696 175 1760 στην
195 1677 345 1762 δράματα
359 1679 415 1747 καὶ
429 1678 469 1747 τά
489 1682 525 1747 έν
540 1688 676 1770 Σκυθίᾳ
697 1689 742 1770 τῷ
762 1679 849 1767 ἥρωι·
861 1683 1093 1767 τετολμημένα.

93 1770 156 1839 οῦκ
171 1770 289 1864 άπφδά
307 1776 343 1844 δὲ
362 1780 417 1844 καλ
436 1774 477 1843 τά
496 1776 561 1863 πρὸ
585 1780 731 1861 τούτων,
759 1776 842 1846 ἀλλά
861 1792 930 1855 τοῖς
948 1776 1095 1854 Ἰλιακοῖς

91 1881 249 1958 συγγενῆ,
263 1871 429 1959 Ἀχιλλέως
437 1879 474 1941 ἐν
482 1876 606 1965 Σκῦρφ
615 1879 839 1961 παρθένευσις
848 1876 901 1941 καὶ
912 1871 1095 1949 Ὀδυσσέως

90 1976 174 2055 μανί
171 1997 194 2036 α
159 1973 264 2039 ίκαλ
277 1972 483 2059 Φιλοκτήτου
498 1976 632 2098 ἐρημία,
653 1975 708 2041 καὶ
722 1970 807 2049 ὅλως
828 1968 849 2056 6
870 1978 958 2035 πάσα
976 1966 1095 2035 ’0666-

91 2090 180 2147 σειος
197 2070 305 2157 πλάνη
320 2073 376 2139 καὶ
389 2077 498 2156 Κίρκη
512 2073 567 2139 καὶ
584 2072 769 2156 Τηλέγονος
782 2063 868 2136 καὶ
850 2094 871 2154 η
887 2075 919 2133 Α
920 2066 1014 2133 δόλου
1027 2073 1095 2132 τῶν

91 2166 226 2268 άνέμων
242 2173 417 2238 δυναστεία
434 2167 546 2239 καλ
509 2196 549 2237 τα
570 2168 654 2237 άλλα
666 2169 772 2287 μέχρι
786 2172 844 2251 τῆς
864 2171 933 2231 τῶν
948 2162 1095 2248 μνηστή-

91 2292 162 2351 ρων
178 2274 349 2355 τιμωρίας·
370 2272 426 2337 καλ
435 2266 499 2354 πρό
513 2267 643 2335 τούτων
657 2264 678 2353 6
693 2291 776 2333 κατα
764 2262 1039 2349 Παλαμήδους’
1023 2286 1094 2331 επι-

90 2362 196 2450 βουλὴ
212 2391 254 2431 κα
255 2362 529 2451 λὴΝαυπλίου’
512 2390 594 2451 οργη
584 2361 705 2431 κάλ’
688 2390 708 2449 η
724 2373 867 2439 Αἴαντος
881 2367 982 2479 μανία
1002 2356 1088 2427 καὶ
1072 2385 1093 2445 η

89 2465 238 2545 θατέρου
253 2465 290 2529 ἐν
306 2478 376 2542 ταῖς
390 2467 522 2548 πέτραις
539 2462 695 2531 άπάλεια.
717 2466 769 2530 47.
784 2466 849 2547 ἔχει
866 2456 989 2536 πολλάς
1004 2454 1092 2541 καὶὴ

93 2555 225 2638 Ηλις’
206 2559 360 2680 αφορμάς
380 2575 447 2639 τοῖς
463 2558 633 2647 ὀρχεῖσθαι
652 2561 885 2678 πειρωμένοις,
909 2556 969 2624 τὸν
991 2556 1092 2624 Οίνό-
1111 2573 1162 2628 296

89 2684 193 2744 μαον,
209 2656 269 2726 τόν
285 2666 477 2744 Μυρτίλου,
493 2658 553 2726 τόν
569 2659 718 2744 Κρόνον,
736 2654 796 2725 τόν
810 2664 892 2740 Δία,
907 2653 986 2733 τοῦς
1000 2655 1093 2742 προί-

88 2783 167 2835 τονς
180 2764 248 2824 τῶν
262 2754 479 2843 Ὀλυμπίων’
461 2756 654 2844 αγωνιστάς.
676 2763 727 2826 48.
744 2753 848 2840 πολλὴ
863 2754 899 2821 δὲ
913 2750 999 2822 κάλ’
983 2780 1003 2839 η
1018 2750 1090 2819 κατ’

87 2854 263 2940 Ἀρκαδίαν
282 2863 486 2942 μυθολογία,
510 2857 653 2942 Δάφνης
669 2854 777 2940 φυγή,
802 2858 1007 2929 Καλλιστοῦς
1026 2860 1093 2934 θη-

89 2958 218 3037 ρίωσις,
233 2953 439 3039 Κενταύρων
453 2959 609 3039 παροινία
621 2948 799 3029 καὶΠανδς
813 2955 926 3036 γοναί,
938 2946 1092 3032 Ἀλφειοῦ

89 3054 172 3135 ἔρως
187 3054 241 3119 καὶ
264 3050 394 3137 ῦφαλος
409 3050 585 3139 ἀποδημία.
614 3058 666 3119 49.
684 3048 768 3118 άλλά
783 3045 848 3117 κάν
863 3054 908 3125 είς
921 3045 982 3133 τὴν
999 3045 1092 3131 Κρη-

88 3175 149 3234 την
163 3147 267 3238 άφίκη
281 3157 327 3241 τῷ
342 3151 447 3241 λόγφ,
467 3152 645 3237 πάμπολλα
659 3146 817 3215 κάκεῖθεν
830 3144 850 3232 6
867 3144 1000 3231 όρχησις
1015 3145 1092 3227 ἐρα-

88 3253 225 3332 νίζεται,
247 3246 308 3335 τὴν
329 3247 516 3335 Εὐρώπην,
537 3246 600 3333 τὴν
614 3247 813 3332 Πασιφάην,
835 3243 914 3323 τοῦς
940 3242 1093 3327 Ταύρους

87 3344 312 3432 ἀμφοτέρους,
330 3345 636 3433 τδνΛαβόρινθον,
651 3342 713 3432 τὴν
724 3342 917 3431 Ἀριάδνην,
935 3339 996 3429 τὴν
1007 3346 1092 3409 Φαί-

87 3448 188 3530 δραν,
202 3440 264 3512 τὸν
273 3442 497 3533 Ἀνδρόγεων,
514 3443 574 3513 τόν
588 3448 777 3529 Δαίδαλον,
798 3441 855 3511 τδι
863 3442 1014 3529 Ἴκαρον,
1032 3446 1091 3507 τόν
