2575 3842
317 221 560 280 ΑΛΗΘΟΤΣ
580 220 817 278 ΙΣΤΟΡΙΛΣ
835 223 870 279 Β.
1053 216 1094 279 53

86 385 245 462 τροῦντες
261 379 504 465 ἐθαυμάζομεν.
538 379 592 445 καὶ
612 375 735 463 ἡμέρας
749 380 812 462 μέν
832 404 923 458 τινας
936 380 1096 465 ἐπλέομεν

86 473 240 566 εὐκράτῳ
256 473 329 558 ἀέρι
349 474 530 560 χρώμενοι,
559 479 670 542 ἔπειτα
685 476 808 559 βορέου
823 479 975 561 σφοδροῦ
990 476 1096 543 πνεύ-

86 593 208 650 σαντος
222 575 305 657 μέγα
321 573 424 657 κρύος
439 571 568 657 ἐγένετο
584 571 639 637 καὶ
655 567 714 636 ὑπ’
733 569 839 638 αύτοῦ
854 579 922 640 πᾶν
937 573 1041 657 ἐπάγη
1057 567 1094 638 τό

86 671 231 753 πέλαγος
253 667 315 736 ούκ
332 671 489 754 ἐπιπολῆς
510 665 634 753 μόνον,
656 664 741 735 ἀλλά
761 671 816 736 καλ
833 673 865 747 ἐς
885 671 994 756 βάθος
1014 667 1096 735 ὅσον

12 805 14 828 .
87 767 138 832 ἐπὶ
149 772 365 850 τετρακοσίας
377 762 525 851 ὀργυιάς,
542 762 626 831 ὥστε
636 765 689 831 καὶ
700 762 891 851 ἀποβάντας
900 770 1031 833 διαθεῖν
1043 767 1096 832 ἐπὶ

86 871 147 930 τοῦ
161 864 382 949 κρυστάλλου.
411 864 624 948 ἐπιμένοντος
641 860 678 928 δέ
698 869 759 930 τοῦ
773 865 961 951 πνεύματος
978 867 1094 949 φέρειν
1113 875 1164 931 106

87 957 128 1025 ού
142 959 329 1044 δυνάμενοι
347 960 477 1026 τοιόνδε
494 984 525 1026 τι
541 958 767 1046 ἐπενοήσαμεν
784 1005 827 1015 -
842 960 859 1029 ὁ
876 966 912 1030 δέ
931 962 993 1049 τήν
1006 962 1096 1047 γνώ-

87 1085 153 1144 μην
170 1057 430 1144 ἀποφηνάμενος
444 1051 488 1144 ήν
505 1063 754 1143 Σκίνθαρος-
772 1061 957 1142 σκάψαντες
971 1058 1036 1147 γάρ
1059 1063 1096 1128 ἐν

88 1163 131 1245 τῷ
147 1153 246 1222 ὕδατι
262 1157 425 1241 σπήλαιον
439 1157 594 1240 μέγιστον
611 1158 648 1221 ἐν
661 1154 768 1245 τούτῳ
785 1159 960 1243 ἐμείναμεν
973 1155 1096 1244 ἡμέρας

86 1256 283 1340 τριάκοντα,
299 1261 366 1339 πῦρ
385 1252 600 1332 ἀνακαίοντες
614 1255 669 1321 καὶ
684 1255 874 1339 σιτούμενοι
888 1254 966 1333 τδῦς
981 1261 1094 1341 ἰχθῦς·

88 1351 287 1438 εὑρίσκομεν
302 1355 339 1420 δὲ
354 1350 477 1430 αύτούς
491 1350 738 1436 ἀνορύττοντες.
764 1353 876 1439 ἐπειδή
892 1355 928 1420 δέ
941 1353 1005 1440 ήδη
1021 1356 1096 1421 ἐπέ-

86 1459 162 1519 λιπε
178 1448 220 1517 τά
235 1451 418 1536 ἐπιτήδεια,
435 1448 658 1538 προελθόντες
669 1450 724 1516 καλ
736 1446 799 1535 τήν
809 1456 897 1517 ναῦν
907 1465 1096 1536 πεπηγυῖαν

88 1547 341 1633 ἀνασπάσαντες
365 1551 420 1616 καὶ
440 1549 640 1625 πετάσαντες
667 1545 728 1633 τήν
751 1545 881 1633 ὀθόνην
904 1549 1095 1633 ἐσυρόμεθα

89 1645 203 1730 ὥσπερ
217 1649 371 1724 πλέοντες
387 1652 482 1724 λείως
496 1647 550 1712 καὶ
566 1640 742 1729 προσηνῶς
758 1647 810 1711 ἐπὶ
823 1652 885 1712 τοῦ
899 1645 1009 1730 πάγου
1025 1648 1097 1711 διο-

88 1750 330 1822 λισθαίνοντες.
352 1741 458 1834 ήμέρμ
474 1742 510 1811 δέ
526 1746 656 1829 πέμπτη
666 1739 746 1808 ἀλέα
757 1767 793 1808 τε
806 1740 871 1828 ήδη
881 1734 924 1828 ήν
934 1746 988 1811 καὶ
1000 1740 1018 1810 ὁ
1031 1743 1097 1810 πά-

88 1867 148 1926 γος
163 1837 275 1907 ἐλύετο
288 1843 343 1908 καὶ
354 1839 446 1926 ὕδωρ
458 1840 566 1906 πάντα
578 1831 680 1917 αὖθις
691 1841 824 1923 ἐγίνετο.
849 1845 879 1905 3.
893 1840 1096 1916 πλεύσαντες

89 1931 154 2006 ούν
177 1935 259 2005 ὅσον
279 1945 489 2024 τριακοσίους
509 1940 664 2011 σταδίους
683 1934 775 2022 νήσφ
795 1943 897 2024 μικρᾷ
917 1939 973 2004 καὶ
992 1937 1097 2024 ἐρήμη

89 2037 384 2123 προσηνέχθημεν,
407 2033 467 2121 ἀφ’
488 2027 529 2121 ής
548 2031 640 2116 ὕδωρ
662 2030 874 2117 λαβόντες-
896 2035 1098 2101 ἐπελελοίπει

89 2131 154 2219 γάρ
174 2131 296 2219 ήδη-
313 2135 367 2202 καλ
391 2134 453 2202 δύο
475 2131 621 2216 ταύρους
641 2125 779 2213 ἀγρίους
800 2129 1098 2207 κατατοξεύσαντες

90 2231 353 2316 ἀπεπλεύσαμεν.
377 2238 411 2301 οί
423 2235 460 2300 δὲ
473 2237 591 2316 ταῦροι
605 2220 699 2295 οὗτοι
715 2224 756 2295 τά
771 2229 892 2314 κέρατα
904 2225 965 2294 ούκ
980 2229 1031 2294 ἐπὶ
1041 2233 1099 2312 τῆς

90 2334 238 2414 κεφαλῆς
254 2327 358 2416 εἶχον,
372 2327 447 2398 ἀλλ’
462 2326 528 2396 ὑπὸ
543 2341 611 2406 τοῖς
626 2324 830 2414 ὀφθαλμοῖς,
852 2324 963 2412 ὥσπερ
980 2327 997 2394 ὁ
1012 2332 1099 2393 Μῦ-

91 2453 151 2513 μος
165 2423 270 2512 ἠξίου.
293 2425 363 2512 μετ’
377 2426 419 2495 οὐ
433 2424 520 2496 πολύ
533 2429 569 2494 δέ
584 2431 630 2503 είς
640 2428 782 2510 πέλαγος
796 2426 1022 2513 ἐνεβαίνομεν,
1038 2421 1099 2509 οὐχ

91 2523 230 2608 ὕδατος,
256 2522 338 2592 άλλά
358 2526 536 2610 γάλακτος·
568 2525 624 2592 καλ
646 2530 747 2610 νήσος
768 2526 805 2591 ἐν
827 2523 917 2616 αύτῷ
944 2529 1097 2609 ἐφαίνετο

91 2618 194 2707 λευκή
208 2622 334 2708 πλήρης
348 2622 514 2711 ἀμπέλων.
541 2617 587 2710 ήν
603 2621 639 2689 δέ
660 2620 680 2707 ή
704 2628 806 2708 νήσος
819 2621 920 2708 τυρδς
936 2625 1097 2709 μέγιστος,

90 2719 184 2787 πάνυ
205 2723 444 2808 συμπεπηγώς,
469 2721 512 2802 ὡς
532 2720 676 2809 ὕστερον
692 2722 896 2808 ἐμφαγόντες
917 2723 1099 2807 ἐμάθομεν,

91 2822 190 2886 πέντε
207 2821 262 2886 καὶ
281 2827 384 2886 είκοσι
402 2825 545 2888 σταδίαν
558 2815 596 2886 τό
613 2825 828 2906 περίμετρον·
852 2824 887 2888 αί
901 2820 937 2887 δέ
958 2819 1100 2905 ἀμπελοι

92 2915 248 3003 βοτρύων
264 2915 415 3003 πλήρεις,
430 2917 472 2985 ού
486 2919 599 3004 μέντοι
615 2917 726 3000 οἶνον,
742 2915 825 2986 ἀλλά
839 2918 926 3002 γάλα
940 2920 972 2995 ἐξ
986 2913 1099 2982 αὐτῶν

93 3014 334 3100 ἀποθλίβοντες
350 3017 515 3104 ἐπίνομεν.
538 3014 631 3101 ίερδν
647 3015 683 3084 δέ
698 3019 736 3084 έν
752 3017 835 3102 μέση
849 3021 888 3102 τῇ
902 3012 994 3103 νήσφ
1009 3011 1099 3101 ἀνφ-

92 3111 258 3197 κοδόμητο
275 3117 456 3192 Γαλατείας
474 3119 532 3200 τής
546 3117 733 3199 Νηρηίδος,
759 3109 802 3189 ὡς
824 3111 945 3197 ἐδήλου
966 3108 1004 3178 τὰ
1027 3113 1099 3178 ἐπί-

91 3236 237 3297 γραμμα.
252 3208 343 3277 ’ὅσον
356 3209 389 3278 δ’
401 3205 465 3279 ούν
476 3212 601 3297 χρόνον
613 3215 682 3279 ἐκεῖ
693 3213 885 3297 ἐμείναμεν,
901 3207 988 3289 ὄψον
1001 3207 1064 3293 μὲν
1077 3205 1097 3292 ή

92 3312 203 3396 γῆκαὶ
224 3315 329 3377 σιτίον
342 3307 485 3395 ὑπῆρχε,
508 3308 612 3378 ποτόν
632 3307 669 3376 δέ
689 3306 726 3375 τό
744 3307 831 3395 γάλα
844 3306 881 3376 τό
897 3310 933 3376 ἐκ
954 3315 1022 3376 τῶν
1039 3314 1100 3392 βο-

95 3409 216 3494 τρύων.
239 3407 428 3496 βασιλεύειν
445 3409 482 3476 δέ
497 3415 565 3476 τῦν
575 3417 706 3495 χωρίων
717 3408 845 3476 τούτων
856 3408 984 3494 ἐλέγετο
998 3403 1098 3493 Τυροδ
1118 3416 1168 3474 107
