2575 3842
174 158 214 222 18
250 187 252 192 ’
526 157 832 216 ΛΟΤΚΙΑΝΟΤ

173 319 305 386 νόντων
319 320 392 395 δέος
406 319 570 403 ἐμποιεῖν,
588 318 624 382 ἐν
638 313 728 403 αὐτῷ
743 315 780 382 δέ
790 322 836 404 τῷ
849 320 934 402 ἔργφ
946 311 1082 380 ἐπειδᾶν
1094 309 1182 399 ὁμοῦ

175 427 264 501 ἴωσι,
286 417 445 493 λύσαντες
461 412 583 491 αὐτοὺς
598 417 758 498 ἐπαφιᾶσι
771 427 840 490 τοῖς
857 418 1041 496 πολεμίοις·
1069 408 1184 497 ἀμέλει

174 512 317 590 πολλοὺς
337 521 405 579 τῶν
424 511 594 598 ἡμετέρων
611 509 701 578 οὕτω
721 517 953 596 καταποθῆναι
970 512 1024 576 καλ
1047 507 1183 586 ἀλλους,

174 613 502 696 περισπειραθέντων
513 608 642 693 αὐτοῖς,
659 607 886 693 ἀποπνιγῆναι
897 609 953 674 καὶ
966 613 1184 691 συγκλασθῆ-

123 729 158 782 40
177 734 249 776 ναι·
277 717 379 775 ταῦτα
400 709 435 776 δὲ
457 705 601 792 ἐφεστώς
619 704 706 791 ὁρᾶν
721 703 838 789 αὐτός,
860 708 897 772 ἕν
913 702 1059 790 ἀσφαλεῖ
1069 707 1184 789 μέντοι

175 803 240 873 ἀπό
258 808 402 890 δένδρου
416 803 551 890 ὑψηλοῦ
568 804 771 888 ποιούμενος
785 801 847 889 τήν
861 804 1000 888 σκοπήν.
1023 805 1078 868 καί
1094 793 1184 884 εὖγε

175 907 308 989 ε’ποίησε
319 901 363 987 μή
376 900 478 987 ὁμόσε
489 901 640 987 χωρήσας
651 915 720 979 τοῖς
729 908 872 987 θηρίοις,
884 904 953 970 ἐπεὶ
963 899 1025 968 οὐκ
1037 896 1080 967 ἀν
1090 898 1185 986 ἡμεῖς

175 1000 264 1068 οὕτω
278 997 477 1085 θαυμαστόν
492 1001 688 1085 συγγραφέα
698 1007 769 1067 νῦν
780 1009 911 1084 εἴχομεν
923 1001 978 1067 καὶ
992 995 1057 1065 ἀπὸ
1073 995 1186 1083 χειρός

176 1096 280 1165 αὐτόν
294 1099 421 1182 μεγάλα
436 1099 490 1164 καί
506 1095 639 1182 λαμπροὶ
657 1100 694 1164 έν
710 1105 754 1188 τῷ
771 1101 903 1186 πολέμφ
917 1097 1025 1185 τοότφ
1041 1096 1185 1181 ἐργασό-

176 1222 294 1283 μενον·
312 1195 440 1281 καὶγὰρ
451 1197 666 1264 ἐκινδύνευσε
680 1195 786 1266 πολλὰ
799 1199 853 1264 καὶ
864 1197 994 1281 ἐτρώθη
1007 1198 1082 1279 περὶ
1091 1204 1185 1262 Σοῦ-

177 1321 258 1380 ραν,
275 1292 340 1360 ἀπό
356 1303 417 1361 τοῦ
428 1301 599 1377 Κρανείου
614 1299 716 1380 δῆλον
731 1292 783 1362 ὅτι
797 1300 941 1381 βαδίζων
958 1296 1010 1361 ἐπὶ
1024 1292 1085 1378 τήν
1097 1296 1186 1374 Λέρ-

177 1419 251 1459 ναν.
273 1395 327 1459 καλ
342 1399 445 1458 ταῦτα
458 1400 655 1473 Κορινθίων
667 1391 864 1460 ἀκουόντων
878 1390 1102 1478 ἀνεγίγνωσκε
1115 1398 1185 1457 των

177 1490 322 1576 ἀκριβῶς
334 1490 488 1574 εἰδότων,
505 1487 556 1557 ότι
567 1491 650 1576 μηδὲ
661 1488 744 1557 κατά
756 1497 868 1575 τοίχου
878 1492 1110 1576 γεγραμμένον
1120 1488 1186 1556 πό-

177 1593 280 1670 λεμον
295 1585 443 1669 έωρόκει.
468 1583 542 1652 ἀλλ’
557 1584 636 1654 οὐδὲ
648 1585 734 1654 ὅπλα
746 1587 871 1665 ἐκεῖνός
886 1612 925 1672 γε
939 1585 1012 1673 ᾔδει
1027 1584 1107 1654 οὐδὲ
1121 1612 1187 1672 μη-

177 1683 348 1768 χανήματα
370 1677 423 1750 οἷοί
440 1685 530 1750 ἐστιν
551 1681 630 1751 οὐδὲ
644 1686 771 1764 τάξεων
790 1680 813 1770 ή
832 1691 1083 1770 καταλοχισμῶν
1105 1680 1184 1751 όνό-

178 1806 263 1866 ματα
274 1805 280 1817 ·
293 1779 385 1846 πάνυ
395 1787 481 1864 γοῦν
492 1786 607 1866 ἔμελεν
618 1781 708 1870 αὐτῷ
720 1789 865 1867 πλαγίαν
874 1784 936 1868 μὲν
945 1780 1008 1866 τήν
1018 1781 1185 1868 φάλαγγα,

129 1894 159 1946 41
182 1881 233 1946 ἐπὶ
249 1882 353 1963 κέρως
367 1879 403 1945 δὲ
418 1881 527 1965 λέγειν
542 1877 578 1947 τό
596 1882 649 1949 ἐπὶ
663 1880 818 1966 μετόπον
833 1879 936 1966 ἀγειν.
960 1886 1010 1948 30.
1029 1875 1075 1957 εἷς
1090 1882 1129 1947 δέ
1138 1905 1187 1958 τις

179 1979 346 2062 βέλτιστος
360 1974 490 2043 ἅπαντα
505 1979 537 2055 ἐξ
552 1975 653 2063 ἀρχής
671 1981 703 2055 ἐς
716 1981 808 2056 τέλος
821 1975 862 2044 τὰ
877 1979 1108 2063 πεπραγμένα,
1123 1973 1186 2041 ὅσα

180 2075 217 2140 έν
230 2069 400 2160 Ἀρμενίᾳ,
417 2071 479 2140 όσα
491 2076 528 2140 έν
539 2082 666 2163 Συρία,
683 2073 746 2141 ὅσα
759 2078 796 2143 έν
807 2081 1065 2162 Μεσοποταμία,
1081 2069 1123 2139 τά
1134 2074 1187 2139 ἐπὶ

179 2177 225 2260 τῷ
241 2178 392 2255 Τίγρητι,
406 2169 445 2236 τά
457 2173 493 2238 έν
504 2177 638 2258 Μηδίᾳ,
654 2181 883 2251 πεντακοσίοις
898 2171 973 2240 οὐδ’
991 2171 1083 2250 ὅλοις
1093 2178 1186 2239 ἔπεσι

180 2268 369 2353 περιλαβών
382 2270 557 2353 συνέτριψε
569 2272 733 2338 καὶτοῦτο
745 2271 885 2358 ποιήσας
899 2277 1049 2356 ἱστορίαν
1063 2292 1187 2358 συγγε-

179 2370 345 2453 γραφέναι
362 2371 450 2450 φησί.
478 2364 542 2451 τήν
557 2371 670 2452 μέντοι
691 2369 881 2458 ἐπιγραφήν
901 2369 1018 2457 ὀλίγου
1035 2376 1107 2438 δεῖν
1121 2396 1187 2455 μα-

180 2467 342 2547 κροτέραν
367 2470 427 2529 τοῦ
451 2471 584 2550 βιβλίου
611 2468 812 2554 ἐπέγραψεν,
847 2467 1101 2555 ,Ἀντιοχιανοῦ
1125 2474 1187 2535 τοῦ

178 2560 384 2639 ’Λπόλλωνος
394 2566 585 2646 ίερονίκουα
597 2567 781 2652 -δόλιχον
791 2568 857 2653 γάρ
869 2594 936 2637 που
947 2567 1038 2654 οἶμαι
1047 2571 1084 2636 ἐν
1094 2568 1187 2634 παισὶ

181 2666 389 2744 νενίκηκε-
406 2667 495 2743 ,τῶν
516 2662 553 2726 ἐν
571 2658 725 2752 Ἀρμενία
745 2667 801 2732 καὶ
815 2673 1056 2755 Μεσοποταμία
1073 2668 1127 2733 καὶ
1149 2668 1187 2732 ἐν

180 2762 298 2846 Μηδίᾳ
307 2764 372 2823 νῦν
381 2754 548 2843 Ῥωμαίοις
559 2763 779 2846 πραχθέντων
788 2761 987 2850 ἀφήγησιςίί.
1010 2771 1061 2833 31.
1076 2762 1140 2851 ήδη
1152 2762 1185 2830 δ’

180 2855 245 2942 ἐγώ
262 2881 351 2933 τινος
371 2858 424 2923 καὶ
445 2852 484 2922 τά
499 2860 661 2942 μέλλοντα
682 2864 954 2949 συγγεγραφότος
967 2862 1112 2950 ήκουσα,
1132 2866 1188 2930 καὶ

179 2953 242 3040 τήν
256 2955 358 3040 λήδιν
374 2951 436 3040 τήν
451 2952 664 3040 Οὐολογέσου
679 2962 732 3028 καὶ
747 2959 809 3047 τήν
821 2959 962 3046 Ὀσρόου
975 2961 1126 3048 σφαγήν,
1143 2960 1188 3039 ὡς

180 3053 474 3140 παραβληθήσεται
489 3060 534 3142 τῷ
556 3058 682 3142 λέοντι,
707 3061 761 3126 καὶ
779 3061 831 3127 ἐπὶ
850 3066 931 3126 πᾶσι
948 3058 1009 3126 τόν
1022 3060 1188 3146 τριπόθη-

134 3167 167 3222 λθ
183 3177 243 3219 τον
256 3148 335 3236 ήμῑν
352 3158 530 3238 θρίαμβον.
558 3152 647 3222 οὕτω
661 3165 827 3241 μαντικῶς
842 3155 911 3242 ἅμα
926 3163 1010 3243 έχων
1026 3163 1190 3226 ἔσπευδεν

180 3247 243 3334 ήδη
256 3247 338 3334 πρός
351 3248 388 3316 τό
402 3252 494 3329 τέλος
508 3259 564 3338 τής
579 3261 718 3341 γραφής.
742 3253 892 3324 ἀλλὰκαὶ
906 3257 1006 3324 πόλιν
1020 3255 1084 3343 ήδη
1096 3259 1134 3324 έν
1147 3264 1189 3346 τή

182 3354 423 3437 Μεσοποταμίᾳ
435 3347 536 3438 ᾤκισε
547 3356 683 3439 μεγέθει
693 3379 729 3420 τε
743 3360 902 3439 μεγίστην
912 3357 966 3422 καὶ
980 3356 1093 3424 κόλλει
1105 3363 1189 3423 καλ-
