2575 3842
186 171 250 233 92*
544 172 846 230 ΛΟΤΚΙΑΝΟΤ

187 326 321 410 ἀνάξιος
334 332 441 399 ἐδόκει
458 338 518 399 τοῦ
535 332 671 417 γένους,
688 337 808 397 τοῦτον
822 336 852 398 εί
847 328 1011 451 6966666
1025 328 1192 415 ἡγησάμε-

186 454 244 506 νος
259 426 343 495 εἶναι
366 429 468 495 πάλιν
483 425 680 514 ἀνείληφας,
703 426 812 496 οὐκέτ’
835 427 1078 549 ἀποκηρύττειν
1095 430 1192 505 ἕξεις·

187 524 239 593 ὅτι
252 523 317 611 γάρ
333 524 395 592 ούκ
417 524 507 605 ἀξιος
523 520 625 603 αὖθις
641 536 765 593 παθεῖν
785 534 906 612 ταῦτα,
927 523 986 592 ὑπ’
1005 524 1109 591 αὐτοῦ
1129 516 1193 589 σού

187 622 643 709 μεμαρτύρηταικαλχρηστός
650 624 717 749 ἤδη
729 622 990 709 ἀνωμολόγηται
1008 620 1192 708 ἀμετανόη-

186 744 247 786 τον
263 723 327 786 ούν
346 719 410 806 τὴν
424 718 591 805 ἀνάληψιν
606 723 661 788 καὶ
677 719 738 805 τὴν
753 719 935 838 διαλλαγὴν
955 724 1091 807 βέβαιον
1108 715 1193 785 εἶναι

188 817 361 939 προσήκει
367 815 447 902 μετά
462 824 573 899 κρίσιν
588 816 677 884 οὕτω
694 816 821 904 πολλὴν
835 820 890 885 καὶ
906 818 967 885 δύο
986 815 1193 899 δικαστήρια,

188 918 226 981 ἓν
246 915 309 998 μὲν
327 910 363 979 τδ
387 922 536 1000 πρῶτον,
565 912 619 999 ἐφ’
638 908 681 981 06
697 916 893 1003 παρῃτήσω,
922 917 1080 1000 δεύτερον
1098 912 1133 980 δὲ
1155 910 1193 977 τὸ

188 1011 259 1095 σόν,
273 1009 328 1079 ὅτε
337 1013 587 1098 μετεβουλεύσω
598 1016 654 1080 καὶ
665 1011 854 1081 ἀνάδαστον
865 1018 1034 1100 ἐποίησας·
1057 1010 1096 1079 τά
1109 1010 1192 1095 πρύ-

189 1136 287 1193 τερον
307 1112 498 1196 ἐγνωσμένα
513 1110 618 1189 λύσας
638 1118 784 1198 βεβαιοῖς
802 1110 841 1178 τά
858 1109 929 1197 μετ’
948 1114 1056 1178 ἐκεῖνα
1071 1115 1191 1194 βεβού

189 1208 342 1293 λευμένα.
371 1210 450 1292 μένε
464 1214 582 1275 τοίνυν
603 1210 655 1275 ἐπὶ
676 1216 744 1276 των
759 1214 956 1276 τελευταίων
975 1208 1030 1275 καὶ
1050 1206 1194 1291 φύλαττε

188 1301 251 1389 τὴν
262 1313 388 1372 σαυτοῦ
398 1312 524 1390 κρίσιν·
546 1308 671 1388 πατέρα
683 1326 721 1373 σε
733 1305 816 1374 εἶναι
830 1311 894 1373 δεῖ·
917 1312 1015 1372 τοῦτο
1027 1302 1091 1389 γάρ
1103 1301 1194 1379 ἔδοξέ

189 1420 253 1486 σοι,
269 1399 360 1468 τοῦτ’
373 1404 577 1488 ἐδοκίμασας,
593 1401 684 1469 τοῦτ’
698 1405 876 1486 ἐκύρωσας.
902 1410 950 1471 12.
971 1400 1034 1488 ἐγώ
1045 1402 1107 1487 μὲν
1117 1396 1192 1465 οὐδ’

190 1495 277 1583 είμη
294 1498 393 1582 φύσει
410 1513 486 1577 παῖς
505 1493 564 1585 ἦν,
584 1503 728 1586 θέμενος
746 1500 819 1567 δὲ’
794 1500 1045 1620 απρκηρύττειν
1062 1496 1192 1583 ἤθελες,

190 1592 346 1672 ἐξείναι’
323 1620 366 1659 αν
380 1616 434 1662 σοι
453 1592 562 1683 ω’μην
590 1593 609 1662 6
625 1594 690 1682 γάρ
705 1595 766 1683 την
781 1596 886 1682 ἀρχὴν
900 1595 944 1683 μὴ
961 1610 1069 1664 ποιεῖν
1089 1598 1193 1659 δυνα-

121 1718 173 1772 170
188 1688 248 1757 τὸν
262 1682 321 1775 ἦν,
339 1698 419 1757 τοῦτ
422 1689 566 1759 ’ἀδικον
583 1695 679 1760 λύειν
696 1692 782 1773 ἀπαξ
795 1695 989 1781 γενόμενον
1013 1691 1073 1761 τὸν
1088 1692 1124 1759 δε
1139 1692 1194 1757 καὶ

190 1787 291 1872 φύσει
307 1790 362 1855 καὶ
377 1780 477 1866 αὖθις
491 1792 681 1875 προαιρέσει
702 1794 757 1859 καὶ
771 1818 888 1881 γνωμη
910 1819 924 1859 ε
926 1790 1194 1906 ἐσπεποιημένον,

189 1908 259 1961 πως
275 1883 416 1970 εύλογον
438 1880 539 1964 αὖθις
559 1885 772 1956 ἀπωθεῖσθαι
794 1892 848 1957 καὶ
867 1890 1026 1967 πολλάκις
1041 1894 1098 1973 τῆς
1118 1890 1195 1971 μιᾶς

192 1980 419 2068 οίκειότητος’
402 1998 612 2069 αποστερεϊνς
635 1983 707 2053 είδ’
725 1983 888 2073 οίκέτης”
863 2014 910 2053 ων
925 1989 1124 2072 ἐτύγχανον,
1140 1984 1195 2049 καὶ

190 2105 228 2146 το
217 2076 301 2164 μὲν
312 2088 445 2162 πρῶτον
456 2080 605 2168 πονηρὸν
617 2083 768 2168 οἰόμενος
780 2088 949 2172 ἐπέδησας,
964 2082 1195 2170 μεταπεισθεὶς

191 2178 227 2243 δὲ
244 2173 287 2254 ὦς
308 2174 409 2245 οὐδέν
428 2176 584 2265 ἠδίκουν,
608 2180 790 2266 ἐλεύθερον
805 2180 935 2269 ἀφῆκας
952 2180 1053 2266 εἶναι,
1079 2173 1133 2260 ἀρ’
1152 2175 1196 2243 ἀν

191 2294 244 2341 σοι
264 2273 347 2359 πρὸς
369 2275 487 2357 καιρὸν
508 2274 698 2361 ὀργισθέντι
719 2274 821 2359 αὖθις
839 2284 916 2366 ἐξῆν
940 2282 972 2357 ἐς
990 2275 1053 2365 τὴν
1075 2273 1196 2361 ὁμοίαν

192 2376 348 2439 δουλείαν
368 2374 564 2458 ἐπανάγειν;
587 2371 749 2461 οὐδαμῶς.
777 2376 816 2444 τά
838 2376 901 2495 γάρ
921 2383 1056 2444 τοιαῦτα
1077 2376 1195 2460 βέβαια

191 2470 246 2536 καλ
261 2467 316 2535 διά
336 2468 459 2547 παντὸς
473 2470 574 2593 κύρια
589 2468 751 2557 ὑπάρχειν
768 2480 802 2542 οί
815 2474 912 2560 νόμοι
927 2472 1087 2553 ἀξιοῦσιν.
1109 2468 1195 2552 ὑπὲρ

191 2559 310 2651 μὲν
267 2592 332 2633 ουν
344 2574 405 2633 τοῦ
419 2570 534 2654 μηκέτι
548 2572 669 2648 ἐξεῖναι
680 2572 787 2661 τούτω
799 2571 1040 2658 ἀποκηρύττειν
1052 2567 1093 2637 ὃν
1108 2567 1195 2647 ἅπαξ

191 2661 433 2749 ἀποκηρύξας’
417 2663 502 2734 εκάν
517 2665 730 2755 ἀνέλαβεν,ἐ
728 2699 758 2737 τι
769 2669 876 2739 πολλὰ
892 2677 997 2738 εἰπεῖν
1008 2666 1126 2753 ἐχων“
1107 2692 1197 2752 ομως

191 2762 370 2849 παύσομαι.

276 2867 325 2929 13.
348 2866 530 2944 Σκέψασθε
543 2868 580 2932 δὲ
593 2863 658 2951 ἤδη
675 2864 791 2932 ὅντινα
808 2864 889 2933 ὅντα
900 2891 940 2951 με
954 2867 1009 2932 καὶ
1023 2861 1196 2951 ἀποκηρύ-

191 2967 253 3039 ξει·
283 2960 337 3027 καὶ
355 2958 397 3027 ού
418 2962 542 3048 δήπου
559 2965 658 3031 τοῦτό
681 2990 783 3050 φημι,
809 2961 853 3041 ἀς
867 2964 941 3030 τότε
963 2962 1026 3047 μὲν
1046 2963 1195 3047 ίδιύτην,

190 3065 256 3125 νῦν
265 3062 300 3125 δέ
312 3060 440 3144 ίατρόν·
456 3057 556 3129 οὐδὲν
566 3059 631 3148 γάρ
644 3056 688 3129 ἀν
698 3058 781 3145 πρὸς
792 3069 889 3129 τοῦτο
900 3058 922 3147 6
932 3061 1028 3147 τέχνη
1040 3081 1196 3146 συναγω-

189 3163 332 3225 νίσαιτο·
354 3155 429 3224 οὐδ’
447 3157 497 3226 ὅτι
512 3159 586 3227 τότε
600 3160 662 3246 μὲν
675 3165 769 3244 νέον,
791 3166 857 3226 νῦν
873 3160 908 3227 δέ
924 3156 987 3244 ἤδη
1002 3162 1057 3226 καὶ
1072 3166 1198 3245 προβε-

189 3254 314 3341 βηκότα
335 3257 390 3322 καλ
406 3253 443 3322 τὸ
460 3255 581 3324 πιστὸν
599 3266 660 3324 τοῦ
676 3260 781 3343 μηδὲν
802 3254 956 3344 ἀδικῆσαι
971 3253 1015 3324 ἀν
1030 3254 1120 3342 παρὰ
1138 3264 1199 3341 τῆς

190 3350 318 3434 ἡλικίας
333 3358 464 3437 ἔχοντα·
488 3353 609 3443 μικρὸν
624 3354 688 3442 γάρ
709 3365 787 3434 ίσως
808 3358 862 3423 καί
883 3362 990 3422 τοῦτο.
1020 3351 1104 3422 ἀλλά
1122 3354 1198 3422 τότε
