2575 3842
753 132 783 154 Ἴ

428 197 545 254 ΠΕΡΙ
568 198 842 258 ΟΡΧΗΣΕΩΣ.
1077 196 1136 261 167

128 359 211 422 ἔστω
231 356 286 423 καὶ
305 352 341 421 τὸ
364 363 458 440 σῶμα
482 359 662 442 λελυμένος
680 382 715 423 τε
734 355 802 442 άμα
827 361 881 424 καὶ
902 360 1135 446 συμπεπηγώς,

127 450 172 530 ὡς
188 457 383 538 λυγίζεσθαί
400 478 435 518 τε
451 449 517 538 όπη
535 451 650 538 καιρὸς
666 457 721 521 καί
740 454 941 522 συνεστάναι
958 465 1135 542 καρτερῶς,

128 555 158 616 εί
174 551 295 618 τούτου
316 554 393 618 δέοι.
428 554 477 618 78.
494 548 544 618 ότι
563 553 599 618 δὲ
620 550 683 618 ούκ
708 549 913 636 ἀπήλλακται
933 550 1066 637 ὀρχησις
1082 555 1137 620 καὶ

127 655 185 733 τῆς
200 651 383 733 ἐναγωνίου
393 655 620 733 χειρονομίας,
637 646 719 716 ἀλλά
732 651 857 735 μετέχει
869 650 923 715 καὶ
934 657 1002 715 τών
1012 646 1136 734 Ἑρμοῦ

127 749 182 816 καί
190 747 428 824 Πολυδεύκους
438 749 492 814 καὶ
503 744 705 829 Ἡρακλέους
715 749 750 813 ἐν
761 744 903 832 ἀθλήσει
913 754 1036 832 καλῶν,
1053 751 1136 825 ἴδοις

126 842 171 911 ἀν
186 846 305 932 ἑκάστη
319 853 386 910 τών
402 845 573 930 μιμήσεων
585 844 738 930 ἐπισχών.
756 843 924 934 Ἡροδότφ
938 844 1000 930 μὲν
1016 837 1080 911 ούν
1094 844 1133 911 τά
1152 862 1205 916 310

127 941 172 1010 δι’
198 941 354 1030 ὀμμάτων
369 943 558 1028 φαινόμενα
575 942 752 1028 πιστότερα
774 941 942 1010 εἶναιτῶν
965 940 1060 1010 ώτων
1076 947 1136 1010 δο-

126 1055 191 1109 κεῖ·
224 1039 355 1126 ὀρχήσει
371 1041 408 1107 δέ
422 1042 476 1106 καί
497 1037 536 1106 τά
554 1038 649 1107 ώτων
665 1042 718 1107 καὶ
735 1037 925 1125 ὀφθαλμῶν
945 1041 1133 1125 πρόσεστιν.

126 1137 176 1207 79ss
193 1137 283 1205 οὕτω
293 1139 329 1206 δὲ
339 1140 454 1223 θέλγει
468 1135 617 1223 ὀρχησις,
637 1136 720 1204 ώστε
732 1134 775 1204 ἀν
786 1139 873 1218 ίρών
884 1163 933 1216 τις
945 1144 991 1215 είς
1002 1136 1039 1205 τό
1050 1139 1135 1205 θέα-

124 1259 207 1321 τρον
218 1237 391 1319 παρέλθοι,
402 1236 638 1318 ἐσωφρονίσθη
651 1231 733 1300 ίδών
745 1231 806 1300 ὅσα
817 1239 937 1318 ἔρωτος
948 1232 1032 1302 κακά
1042 1236 1133 1318 τέλη·

125 1335 181 1400 καὶ
203 1331 293 1419 λύπη
314 1331 468 1417 ἐχόμενος
490 1332 650 1416 ἐξέρχεται
667 1339 729 1398 τοῦ
744 1331 894 1414 θεάτρου
915 1331 1135 1417 φαιδρότερος
1203 1346 1205 1349 ’

126 1429 238 1517 ὥσπερ
260 1454 291 1496 τι
313 1431 492 1515 φάρμακον
514 1428 706 1515 ληθεδανόν
726 1426 882 1496 καὶκατὰ
907 1427 967 1496 τόν
992 1425 1134 1514 ποιητήν

124 1532 293 1611 νηπενθές
312 1552 347 1594 τε
368 1530 422 1594 καλ
442 1525 563 1612 ἀχολον
579 1527 676 1593 πιών.
709 1541 846 1612 σημεῖον
867 1529 903 1595 δὲ
923 1534 980 1612 τῆς
995 1524 1079 1611 πρὸς
1093 1524 1133 1591 τά

125 1625 308 1711 γιγνόμενα
329 1626 528 1710 οἰκειότητος
550 1626 603 1691 καὶ
625 1631 686 1690 τοῦ
706 1629 879 1710 γνωρίζειν
903 1625 1043 1691 ἕκαστον
1066 1631 1133 1688 τών

124 1722 285 1806 δρώντων
300 1720 340 1790 τά
357 1722 556 1808 δεικνύμενα
567 1720 602 1789 τό
617 1723 779 1805 δακρύειν
792 1722 949 1799 πολλάκις
960 1720 1039 1799 τούς
1050 1731 1134 1788 θεα-

125 1821 200 1903 τάς,
217 1817 343 1887 ὁπόταν
358 1847 389 1886 τι
404 1819 539 1906 οίκτρδν
553 1822 607 1888 καὶ
625 1818 771 1886 ἐλεεινόν
787 1826 954 1905 φαίνηται.
984 1817 1004 1906 ἡ
1019 1821 1133 1905 μένγε

125 1915 270 2003 Βακχική
287 1916 420 2004 ὀρχησις
435 1921 472 1986 ἐν
487 1916 594 2006 Ἰωνίᾳ
609 1917 750 2002 μάλιστα
766 1919 820 1984 καὶ
837 1921 874 1983 ἐν
888 1917 1009 2006 Πόντφ
1025 1939 1125 1983 σπου

126 2018 303 2101 δαζομένη,
325 2022 430 2084 καίτοι
446 2014 605 2101 σατυρική
623 2008 726 2101 ούσα,
745 2013 833 2082 οὕτω
850 2022 1040 2100 κεχείρωται
1054 2012 1132 2092 τούς

125 2112 330 2195 ἀνθρώπους
341 2111 420 2191 τούς
431 2117 513 2199 ἐκεῖ,
529 2113 613 2181 ώστε
623 2110 706 2180 κατά
718 2109 777 2178 τόν
788 2113 989 2197 τεταγμένον
1001 2113 1132 2177 ἕκαστοι

124 2207 246 2295 καιρόν
261 2208 418 2278 ἁπάντων
435 2213 673 2298 ἐπιλαθόμενοι
690 2217 758 2277 τών
774 2208 885 2278 ἀλλων
901 2210 1067 2296 κάθηνται
1086 2207 1132 2276 δι’

123 2307 249 2394 ἡμέρας
265 2316 397 2388 τιτᾶνας
414 2312 469 2377 καὶ
492 2310 702 2395 κορύβαντας
717 2313 771 2377 καὶ
793 2309 959 2393 σατύρους
979 2312 1032 2377 καλ
1048 2317 1132 2396 βου-

124 2407 247 2484 κόλους
262 2404 420 2490 ὁρώντες·
449 2411 503 2476 καὶ
525 2407 705 2493 ὀρχοῦνταί
716 2435 755 2493 γε
771 2416 874 2475 ταῦτα
890 2412 923 2475 οί
938 2405 1132 2494 εύγενέστα-
1161 2474 1166 2479 ,

124 2531 176 2574 τοι
187 2506 242 2572 καὶ
256 2507 483 2591 πρωτεύοντες
494 2509 531 2574 ίν
542 2508 661 2594 ἑκάστη
675 2515 744 2573 τών
756 2507 887 2574 πόλεων
901 2505 961 2593 οόχ
976 2505 1067 2586 ὅπως
1077 2513 1131 2575 αί-

125 2603 302 2689 δούμενοι,
324 2602 407 2671 ἀλλά
426 2609 479 2672 καὶ
501 2608 584 2691 μέγα
602 2614 809 2690 φρονοῦντες
826 2606 878 2672 ἐπὶ
897 2614 944 2696 τῷ
962 2607 1131 2693 πράγματι

126 2709 253 2786 μᾶλλον
263 2699 347 2787 ήπερ
358 2700 405 2770 ἐπ’
418 2701 598 2789 εὐγενείαις
607 2706 662 2772 καί
673 2713 891 2790 λειτουργίαις
902 2708 956 2772 καλ
968 2704 1130 2792 ἀξιώμασι

126 2814 345 2885 προγονικοῖς.

210 2905 259 2968 80.
281 2897 365 2967 Ἐπεὶ
380 2900 415 2968 δὲ
426 2901 483 2978 τάς
498 2898 615 2987 ἀρετάς
630 2907 717 2987 ἔφην
727 2900 785 2979 τὰς
801 2899 1011 2987 ὀρχηστικάς,
1027 2898 1129 2968 ἀκουε
1148 2919 1197 2972 311

125 3007 179 3065 καί
189 2996 248 3077 τάς
262 3007 378 3078 κακίας
389 2997 508 3066 αύτών.
532 2996 590 3077 τάς
601 3002 663 3085 μὲν
676 2993 740 3067 οὖν
751 3003 787 3068 έν
798 3002 922 3086 σώματι
937 2998 999 3085 ήδη
1014 3003 1130 3085 ἔδειξα,

123 3093 182 3173 τάς
205 3098 240 3164 δὲ
258 3105 314 3182 τῆς
338 3100 486 3176 διανοίας
507 3097 612 3176 οὕτως
633 3101 799 3184 ἐπιτηρεῖν
820 3096 910 3183 οἶμαι
935 3098 1054 3165 δύναιο
1071 3096 1129 3165 ἀν·

124 3198 241 3262 πολλοὶ
255 3194 320 3280 γάρ
335 3195 447 3264 αὐτῶν
460 3194 518 3264 ὑπ’
535 3197 682 3283 ἀμαθίας
699 3237 736 3246 -
755 3193 926 3281 ἀμήχανον
940 3193 1005 3281 γάρ
1021 3194 1131 3263 ἅπαν·
1215 3215 1220 3222 ’

124 3320 180 3371 τας
196 3291 279 3360 εἶναι
297 3297 479 3380 σοφούς-
499 3300 551 3364 καὶ
569 3302 736 3373 σολοικίας
758 3292 869 3372 δεινάς
886 3297 922 3362 έν
943 3301 982 3383 τῇ
998 3293 1130 3382 ὀρχήσει

123 3393 386 3478 ἐπιδείκνυνται,
409 3398 443 3462 os
460 3395 521 3480 μὲν
535 3395 640 3481 ἀλογα
656 3395 850 3481 κινούμενοι
866 3396 919 3462 καλ
937 3400 1057 3482 μηδέν,
1086 3394 1130 3475 ώς
