2575 3842
186 191 228 255 84
542 196 847 255 ΛΟΤΚΙΑΝΟΤ

119 364 168 420 157
188 359 246 437 τῆς
260 351 339 437 ὅλης
351 357 535 443 τραγῳδίας
548 356 782 441 γεγενημένος,
799 352 990 421 καταλιπόν
1005 356 1041 419 δὲ
1051 359 1096 441 τῷ
1108 350 1194 421 ὑπο-

188 456 284 537 κριτῇ
305 447 364 517 τδυ
385 449 508 537 νεκρόν
525 454 579 519 καὶ
601 450 664 536 τὴν
680 449 808 536 σκηνὴν
829 448 941 519 καὶτὸ
963 455 1057 536 ξίφος
1079 447 1194 517 καὶτὰ

187 544 286 614 λοιπά
301 555 363 613 τοῦ
374 548 554 634 δράματος·
578 547 712 626 ἐπιστάς
723 551 759 616 δέ
770 552 896 627 ἐκεῖνος
907 551 962 616 καὶ
972 546 1054 617 ίδών
1066 547 1142 614 υίὸν
1153 542 1196 613 δν

189 642 252 728 εἶχε
268 643 375 729 μόνον
389 642 505 731 ὀλίγον
519 648 719 732 ἐμπνέοντα,
742 643 951 733 ᾑμαγμένον,
967 648 1194 732 ἐμπεπλησμέ-

187 768 252 810 νον
271 751 332 809 τοῦ
350 743 461 828 φόνου
482 747 537 812 καὶ
554 742 594 811 τά
615 746 788 830 τραύματα
804 754 925 832 συνεχῆ
942 749 997 814 καὶ
1017 742 1121 813 πολλοὶ
1139 742 1194 809 καὶ

188 846 318 926 καίρια,
333 838 496 927 ἀνεβόησε
507 849 623 928 τοῦτο,
639 845 783 929 Τέκνον,
798 842 1012 933 ἀνηρήμεθα,
1025 839 1195 929 πεφονεύ-

189 949 295 1025 μεθα,
309 941 704 1026 τετυραννοκτονήμεθα,
717 948 784 1007 ποῦ
796 938 813 1007 ὁ
826 941 991 1028 σφαγεός;
1008 948 1072 1008 τίνι
1084 965 1124 1025 με
1136 964 1194 1023 τη-

190 1051 255 1119 ρεῑ;
276 1043 342 1104 τίνι
356 1063 396 1123 με
411 1039 569 1124 φυλάττει
586 1036 641 1107 διά
654 1046 733 1125 σοῦ,
750 1042 885 1124 τέκνον,
902 1038 1193 1125 προανηρημένον;

189 1131 211 1221 ἢ
229 1136 274 1219 μή
290 1162 322 1201 τι
338 1134 382 1215 ὡς
395 1140 552 1222 γέροντος
566 1136 786 1222 ὑπερφρονεῖ,
802 1139 856 1205 καὶ
872 1144 912 1225 τῇ
925 1140 1120 1222 βραδυτῆτι,
1136 1156 1194 1197 κο-

189 1230 300 1310 λάζειν
314 1237 408 1316 δέον,
424 1236 479 1301 καὶ
489 1240 678 1318 παρατείνει
695 1257 751 1316 μοι
765 1230 826 1299 τόν
842 1232 950 1318 φόνον
964 1233 1019 1298 καὶ
1033 1230 1194 1314 μακροτέ-

191 1353 256 1412 ραν
270 1352 326 1412 μοι
340 1326 401 1412 τὴν
412 1328 547 1415 σφαγὴν
558 1343 661 1410 ποιεῖς
684 1334 733 1396 21.
750 1332 804 1397 καὶ
815 1336 918 1396 ταῦτα
929 1332 1035 1413 λέγων
1046 1326 1146 1409 ἐζήτει
1156 1323 1193 1389 τὸ

190 1429 298 1510 ξίφος·
316 1422 415 1501 αὐτὸς
427 1423 492 1509 γάρ
503 1424 647 1503 ἀνοπλος
658 1418 702 1510 ἦν
712 1422 766 1491 διά
778 1423 814 1492 τὸ
828 1426 935 1492 πάντα
945 1431 990 1513 τῷ
1002 1425 1093 1490 παιδὶ
1104 1431 1193 1505 θαρ·

190 1535 271 1602 ρείν.
300 1517 374 1589 ἀλλ’
398 1520 477 1588 οῦδὲ
493 1528 591 1589 τοῦτο
609 1524 776 1608 ἐνεδέησε,
798 1523 900 1588 πάλαι
916 1522 951 1587 δέ
973 1513 1018 1606 ἦν
1034 1516 1094 1585 ὑπ’
1112 1520 1194 1602 ἐμοῦ

191 1620 246 1685 καὶ
260 1623 358 1684 τοῦτο
373 1622 753 1705 προπαρεσκευασμένον
766 1621 820 1686 καὶ
834 1617 918 1700 πρὸς
932 1615 969 1686 τό
984 1620 1103 1704 μέλλον
1117 1612 1196 1681 τόλ-

191 1739 283 1798 μημα
303 1719 609 1801 καταλελειμμένον.
640 1714 835 1794 ἀποσπάσας
859 1715 898 1799 δὴ
923 1723 980 1802 τῆς
997 1722 1126 1801 σφαγῆς
1140 1713 1194 1779 κου’

190 1818 251 1876 τοῦ
265 1811 451 1898 τραύματος
463 1813 583 1893 ἐξελάν
597 1813 634 1881 τὸ
647 1818 740 1900 ξίφος
751 1820 849 1900 φησί,
864 1809 937 1898 Πρό
950 1817 1071 1898 μικροῦ
1083 1812 1143 1895 μέν
1154 1808 1196 1893 μὲ

166 1965 170 1974 ,
191 1906 399 1994 ἀπέκτεινας,
417 1918 481 1977 νῦν
492 1913 528 1978 δέ
539 1909 753 1996 ἀνάπαυσον,
771 1915 882 1996 ξίφος,
899 1911 997 1993 πατρὶ
1011 1910 1195 1973 πενθοῦντι

191 2006 410 2091 παραμύθιον
419 2010 496 2075 ἐλθὲ
506 2013 561 2076 καὶ
569 2014 775 2095 πρεσβυτικῇ
783 2010 866 2094 χειρὶ
875 2004 1084 2090 δυστυχοῦση
1095 2021 1194 2068 συνα-

191 2104 348 2190 γώνισαι,
378 2103 590 2191 ἀπόσφαξον,
617 2104 930 2190 τυραννοκτόνησον
957 2104 1012 2169 καὶ
1033 2106 1094 2168 τοῦ
1114 2122 1195 2165 πεν-

189 2213 266 2270 θεῖν
276 2201 475 2284 ἀπάλλαξον.
489 2214 561 2273 εδθε
571 2205 700 2288 πρῶτός
709 2223 762 2270 σοι
773 2206 937 2287 ἐνέτυχον,
950 2209 1022 2268 είθε
1033 2194 1094 2284 τὴν
1104 2195 1195 2273 τάξιν

124 2318 175 2371 158
194 2299 388 2387 προῦλαβον
402 2310 464 2367 τοῦ
479 2302 599 2385 φόνου.
622 2300 798 2368 ἀπέθανον
812 2298 870 2384 ἀν,
886 2296 958 2365 ἀλλ’
978 2294 1000 2383 ἢ
1016 2292 1059 2374 ὡς
1073 2294 1195 2379 τύραν-

192 2423 250 2474 νος
266 2398 387 2484 μόνον,
411 2397 484 2466 ἀλλ’
503 2405 550 2466 ἔτι
572 2404 716 2485 νομίζων
733 2401 818 2476 έξειν
837 2400 986 2464 ἔκδικον·
1019 2402 1084 2461 νῦν
1101 2391 1136 2458 δέ
1153 2390 1197 2467 ὦς

193 2495 344 2578 ἀτεκνος,
363 2502 428 2561 νῦν
439 2496 474 2563 δὲ
486 2494 529 2574 ὥς
539 2495 617 2565 οὐδὲ
630 2498 759 2581 φονέως
771 2492 934 2578 εὐπορῶν.
950 2496 1005 2562 καὶ
1015 2499 1118 2559 ταῦτα
1128 2488 1196 2574 ἀμα

193 2596 300 2677 λέγων
318 2594 417 2677 ἐπῆγε
437 2591 499 2678 τὴν
516 2593 650 2681 σφαγὴν
667 2597 812 2679 τρέμων,
837 2590 877 2657 οὐ
895 2590 1099 2677 δυνάμενος,
1126 2590 1197 2655 ἐπι-

193 2696 317 2775 θυμῶν
330 2693 409 2775 μέν,
426 2690 583 2761 ἀσθενῶν
594 2695 630 2761 δὲ
642 2691 725 2779 πρὸς
736 2689 797 2776 τὴν
808 2688 994 2775 ὑπηρεσίαν
1004 2695 1065 2756 τοῦ
1076 2686 1198 2772 τολμη-

193 2814 302 2875 ματος.
325 2794 375 2856 22.
393 2790 494 2857 πόσαι
511 2790 661 2869 κολάσεις
680 2799 801 2869 ταῦτα;
823 2790 909 2855 πόσα
926 2788 1113 2873 τραύματα;
1135 2784 1198 2850 πό-

194 2908 247 2954 σοι
260 2886 422 2969 θάνατοι;
444 2889 544 2955 πόσαι
555 2895 847 2981 τυραννοκτονίας
870 2886 970 2954 πόσαι
985 2889 1121 2969 δωρεαί;
1144 2883 1199 2949 καὶ

193 2988 285 3063 τέλος
314 2986 479 3070 ἑωράκατε
500 2986 620 3065 πάντες
642 2984 701 3054 τόν
723 2988 785 3072 μὲν
805 2994 943 3054 νεανίαν
966 2989 1198 3070 προκείμενον,

193 3084 272 3152 οὐδὲ
283 3083 405 3170 μικρόν
415 3082 492 3152 οὐδ’
507 3082 794 3169 εὐκαταγώνιστον
805 3091 920 3170 ἔργον,
937 3082 996 3151 τὸν
1007 3081 1200 3168 πρεσβύτην

192 3182 229 3249 δὲ
243 3180 332 3271 αὐτῷ
348 3186 607 3268 περικεχυμένον
621 3184 676 3250 καὶ
686 3181 722 3252 τό
741 3180 821 3270 αἷμα
832 3181 959 3269 ἀμφοῖν
970 3179 1200 3267 ἀνακεκραμέ-

192 3304 272 3363 νον,
293 3280 353 3364 τὴν
370 3282 564 3364 ἐλευθέριον
582 3282 713 3367 ἐκείνην
728 3282 784 3348 καὶ
799 3283 963 3348 ἐπινίκιον
979 3278 1130 3363 σπονδὴν
1146 3278 1199 3344 καὶ

193 3373 232 3441 τά
250 3382 330 3462 ἔργα
344 3386 404 3445 τοῦ
422 3382 539 3466 ξίφους
553 3387 613 3446 τοῦ
630 3382 729 3465 ἐμοῦ,
748 3376 828 3445 αῦτό
845 3380 881 3445 δὲ
896 3376 932 3445 τό
950 3383 1044 3464 ξίφος
1058 3381 1095 3444 ἐν
1111 3380 1201 3465 μέσφ
