2575 3842
297 208 518 266 ΟΝΕΙΡΟΣ
535 211 562 262 Η
582 203 897 265 ΑΛΕΚΤΡΤΩΝ.
1041 201 1104 264 383

6 402 13 438 :
92 369 163 435 ἐπεὶ
180 367 214 434 δὲ
233 362 276 432 σὺ
292 372 469 453 προθυμῇ,
486 366 540 432 καὶ
554 362 594 449 δή
611 366 705 448 λέγω.
730 361 771 429 ού
788 365 969 449 πρότερον,
987 357 1102 430 ῶΠυ-
1121 379 1172 435 716

92 464 244 548 θαγόρα,
259 459 350 547 παρά
365 466 514 548 πλουσίῳ
528 462 593 528 τινὶ
606 460 785 545 δειπνήσας
800 463 837 526 ἐν
848 459 971 527 ἅπαντι
981 467 1027 550 τῷ
1042 467 1104 551 βίῳ

93 563 176 648 τύχη
192 563 256 627 τινὶ
277 557 390 646 άγαθή
405 557 597 644 ἐντυγχάνω
610 558 690 643 χθὲς
707 565 752 648 τῷ
767 555 950 644 Εύκράτει,
967 561 1022 624 καλ
1039 558 1103 643 ε’γῶ

6 698 12 728 ,·
93 662 156 746 μὲν
169 655 362 743 προσειπῶν
373 655 477 725 αὑτὸν
490 655 600 742 ῶσπερ
613 657 748 724 εἰώθειν
759 654 924 740 δεσπότην
936 652 1103 738 άπηλλατ-

6 797 8 816 ι
92 757 216 843 τόμην,
236 754 279 834 ῶς
293 752 338 841 μή
353 755 606 840 καταισχύνοιμι
622 750 726 820 αὑτὸν
740 751 805 820 σὺν
818 759 964 842 τριβακῶ
976 759 1022 839 τῷ
1034 758 1105 836 τρί-

6 895 11 930 ς,
93 861 179 940 βωνι
194 859 503 938 συμπαρομαρτῶν,
525 849 542 916 ὁ
558 854 610 936 δέ,
629 857 800 937 Μίκυλλε,
817 857 915 936 φησί,
934 847 1104 936 θυγατρὸς

6 991 8 1026 ;
93 951 238 1036 τήμερον
252 953 346 1018 ἑστιῶ
356 954 514 1035 γενέθλια
526 953 580 1017 καὶ
592 951 802 1035 παρεκάλεσα
813 959 881 1018 τῶν
892 957 1002 1035 φίλων
1015 949 1103 1034 μάλα

93 1049 255 1127 πολλούς·
279 1051 348 1116 ἐπεὶ
364 1051 403 1115 δέ
413 1049 489 1115 τινά
503 1067 607 1132 φασιν
619 1045 731 1115 αὐτῶν
742 1055 897 1133 μαλακῶς
911 1053 1027 1132 ἔχοντα
1043 1043 1104 1130 οὐχ

94 1141 217 1212 οἷόντε
238 1143 322 1211 εἶναι
344 1148 554 1223 ξυνδειπνείν
574 1141 653 1229 μεθ’
675 1141 787 1229 ήμῶν,
811 1143 854 1210 σὺ
877 1142 949 1210 άντ)
973 1146 1104 1210 ἐκείνου

93 1235 155 1328 ήκε
169 1243 393 1329 λουσάμενος,
414 1239 458 1327 ήν
475 1239 519 1327 μή
536 1239 608 1326 ὅγε
623 1243 760 1326 κληθεὶς
775 1235 877 1320 αὖθις
895 1251 971 1328 είπη
989 1239 1105 1325 ἀφίξε-

96 1350 193 1422 σθαι,
223 1337 266 1419 ῶς
287 1346 353 1406 νῦν
379 1365 417 1426 γε
438 1337 623 1426 ἀμφίβολός
645 1341 721 1407 ἐστι.
754 1346 852 1406 τοὺτο
872 1337 1019 1414 ἀκούσας
1039 1333 1103 1420 ἐγῶ

96 1439 330 1526 προσκυνήσας
341 1435 461 1527 ἀπῄειν
473 1435 651 1523 εὐχόμενος
659 1436 762 1503 άπασι
772 1447 866 1515 θεοῖς
876 1433 1019 1522 ήτιίαλόν
1030 1461 1104 1502 τινα

98 1535 116 1624 ή·
137 1547 309 1622 πλευρῖτιν
337 1533 359 1622 ή
383 1536 556 1622 ποδάγραν
578 1537 759 1621 ἐπιπέμψαι
785 1542 832 1625 τῷ
855 1537 1104 1623 μαλακιζομένῳ

96 1641 229 1725 ἐκείνω,
258 1629 300 1702 οὑ
321 1640 459 1719 ἔφεδρος
479 1632 544 1720 ἐγω
567 1637 621 1701 καλ
644 1632 854 1710 ἀντίδειπνος
877 1634 932 1700 καὶ
953 1633 1105 1716 διάδοχος

96 1732 296 1817 ἐκεκλήμην·
318 1735 372 1798 καὶ
387 1730 423 1798 τὸ
436 1730 511 1817 άχρι
522 1739 584 1798 τού
594 1740 740 1817 λουτροῦ
751 1737 856 1799 αίῶνα
869 1733 1025 1816 μέγιστον
1036 1731 1103 1796 ἐτι·
1122 1743 1173 1797 716

96 1831 224 1913 θέμην,
245 1827 380 1913 συνεχὲς
395 1831 585 1894 ἐπισκοπῶν
600 1825 796 1894 ὁποσάπουν
811 1825 847 1895 τό
871 1841 1033 1913 στοιχείου
1054 1835 1104 1911 εἴη

97 1928 151 1994 καὶ
169 1931 291 2011 πηνίκα
311 1923 374 2010 ήδη
392 1931 574 1992 λελοὺσθαι
589 1925 669 1992 δέοι.
696 1922 838 2009 κάπειδή
853 1922 967 1990 ποτεὺ
989 1921 1105 2008 καιρὸς

97 2022 251 2108 ἀφίκετο,
268 2021 350 2109 πρὸς
361 2023 458 2107 τάχος
470 2019 614 2108 ἐμαυτὸν
625 2019 825 2108 ἀπορρύψας
836 2019 951 2106 άπειμι
962 2027 1105 2104 κοσμίως

96 2122 184 2207 μάλα
199 2122 489 2206 ἐσχηματισμένος,
511 2117 720 2203 άναστρέηας
734 2117 770 2187 τὸ
793 2118 973 2204 τριβῶνιον
992 2117 1035 2197 ῶς
1052 2122 1105 2186 ἐπὶ

95 2227 155 2288 τοῦ
172 2218 411 2304 καθαρωτέρου
426 2221 555 2303 γίνοιτο
574 2216 595 2303 ή
611 2216 770 2306 άναβολή.
794 2224 842 2287 10.
860 2217 1105 2305 καταλαμβάνω

96 2345 131 2387 τε
144 2316 228 2405 πρὸς
244 2332 313 2397 ταῖς
328 2317 450 2405 θύραις
465 2315 588 2394 άλλους
601 2344 637 2385 τε
657 2315 803 2396 πολλοὺς
819 2322 875 2385 καὶ
890 2315 930 2403 δή
948 2315 1105 2385 κάκεῖνον

97 2419 250 2504 φοράδην
264 2415 330 2486 ὑπὸ
345 2417 511 2501 τεττάρων
522 2419 779 2503 κεκομισμένον,
796 2409 874 2506 χὺμε
887 2414 1105 2484 ὑποδειπνεῖν

97 2521 173 2600 ἔδει,
188 2515 248 2584 τόν
259 2531 371 2584 νοσείν
382 2517 575 2602 λεγόμενον,
591 2517 647 2583 καὶ
658 2514 780 2600 ἐδήλου
791 2513 828 2581 δέ
837 2516 993 2600 πονήρως
1004 2519 1104 2599 ἔχων·

97 2612 254 2680 ὑπέστενε
265 2623 351 2700 γοῦν
362 2618 417 2682 καὶ
430 2613 591 2702 ὑπέβηττε
604 2615 658 2680 καὶ
670 2613 863 2698 ἐχρέμπτετο
874 2612 996 2698 μύχιόν
1006 2638 1038 2680 τι
1049 2614 1105 2679 καὶ

50 2781 53 2788 ,
98 2712 346 2799 δυσπρόσοδον,
363 2711 467 2799 ῶχρός
482 2712 558 2790 ὅλος
570 2709 619 2780 ῶν
629 2713 685 2780 καὶ
699 2711 870 2801 διῳδηκῶς
881 2710 967 2797 ἀμφὶ
980 2709 1020 2778 τά
1032 2711 1106 2794 ἐξή-

98 2835 198 2878 κοντα
221 2815 276 2896 ἐτη
292 2811 426 2896 σχεδόν·
449 2814 577 2898 ἐλέγετο
599 2812 635 2877 δὲ
655 2808 841 2895 φιλόσοφός
862 2837 910 2887 τις
932 2808 1106 2876 εἶναιτῶν

97 2906 179 2994 πρός
202 2906 241 2976 τά
265 2909 419 2995 μειράκια
442 2908 697 2996 φλυαρούντων.
730 2904 747 2974 ὁ
770 2914 857 2994 γοῦν
873 2907 997 2991 πῶγων
1016 2906 1105 2991 μάλα

97 3005 250 3093 τραγικός
264 2999 307 3091 ἦν
324 3007 356 3083 ἐς
375 3003 568 3095 ὑπερβολήν
588 3011 746 3092 κουριῶν.
779 3007 834 3074 καὶ
854 3009 1053 3092 αἰτιωμένου
1066 3030 1106 3090 γε

94 3105 260 3194 Ἀρχιβίου
287 3110 347 3171 τοὺ
372 3109 508 3190 ίατροῦ,
534 3105 618 3173 διότι
640 3101 747 3182 οὑτως
766 3109 850 3190 ἔχων
873 3101 1027 3189 άφίκετο,
1057 3099 1105 3168 Τά
1122 3117 1172 3173 717

97 3204 306 3288 καθήκοντα,
329 3207 410 3288 ἔφη,
433 3201 475 3270 ού
487 3202 548 3289 χρή
563 3203 761 3290 προδιδόναι
775 3204 947 3270 καὶταῦτα
965 3200 1106 3288 φιλόσο-

97 3328 165 3388 φον
181 3301 304 3388 ἄνδρα,
326 3297 392 3368 κάν
409 3309 524 3389 μυρίαι
539 3305 633 3371 νόσοι
652 3301 807 3388 ἐμποδῶν
822 3308 993 3371 ίστῶνται·
1020 3299 1106 3388 ἡγή-

6 3463 8 3514 Ι
98 3419 186 3466 σεται
202 3397 267 3486 γὰρ
282 3395 457 3486 Εὐκράτης
472 3398 731 3488 ὑπερεωρᾶσθαι
747 3397 831 3487 πρὸς
847 3399 952 3488 ἡμῶν.
981 3398 1033 3468 Ού
1044 3401 1106 3485 μὲν
