2575 3842
174 182 237 245 τσο
528 180 836 265 ΛονειηΝου

172 350 240 409 τῶν
254 341 328 408 τότε
338 339 483 423 ἀρίστων
494 336 675 422 ὀρχηστῶν,
691 338 990 422 καταστησαμένων
1003 332 1115 417 αὑτάς,
1131 358 1175 409 ος

172 466 205 506 τι
219 437 397 506 κάλλιστον
412 438 467 504 καὶ
481 442 579 502 τοῦτο
589 434 893 519 νομοθετησάντων
909 434 975 501 σὺυ
988 436 1107 519 ῥυθμῷ
1121 430 1176 495 καὶ

173 533 306 622 ὀρχήσει
320 545 488 622 μυεῖσθαι.
511 530 562 599 ὅτι
577 528 609 596 δ’
626 528 734 609 οὕτως
748 538 829 616 ἔχει,
847 532 887 598 τά
902 534 964 617 μὲν
985 529 1080 614 ὄργια
1096 547 1177 593 σιω-

173 641 241 701 πᾶν
251 634 345 713 ἀξιον
355 642 424 701 τῶν
436 630 596 718 ἀμυήτων
606 632 716 713 ἕνεκα,
731 632 838 697 έκεῖνο
850 630 887 696 δὲ
899 630 1020 705 πάντες
1030 624 1176 692 ἀκούου-

174 754 245 817 σιν,
272 731 323 799 ὅτι
343 730 422 808 τοῦς
442 727 700 813 ἐξαγορεύοντας
720 724 760 793 τά
787 727 952 811 μυστήρια
973 728 1177 808 έξορχεῖσθαι

174 832 331 914 λέγουσιν
350 833 384 895 οί
401 833 528 894 πολλοί.
561 832 611 893 16.
633 828 671 891 έν
681 824 783 912 Δήλῳ
801 826 839 890 δέ
856 849 894 908 γε
912 821 991 890 οῦδὲ
1005 825 1041 888 αι’
1058 825 1176 887 θυσίαι

175 926 260 994 ἀνευ
284 923 470 1011 ὀρχήσεως,
502 920 586 991 ἀλλά
612 922 678 989 σὺν
705 922 809 1007 ταύτη
831 924 886 987 καὶ
910 916 991 1006 μετά
1017 920 1178 1003 μουσικῆς

175 1030 357 1110 ἐγίγνοντο.
385 1029 515 1091 παίδων
531 1025 622 1109 χοροὶ
637 1022 861 1099 συνελθόντες
875 1018 934 1087 ὑπ’
950 1017 1042 1108 αῦλῷ
1056 1020 1110 1085 καὶ
1124 1043 1178 1082 κι-
1285 1035 1288 1040 ⁴

173 1123 267 1210 θάρηι
284 1125 390 1207 οἱμὲν
406 1122 580 1207 ἐχόρευον,
599 1117 818 1205 ὑπωρχοῦντο
838 1118 875 1185 δέ
895 1122 929 1185 ολ
946 1116 1075 1203 ἀριστοι
1093 1138 1180 1199 προ-

175 1223 348 1300 κριθέντες
358 1221 390 1298 ίξ
402 1217 523 1286 αὐτῶν.
545 1217 586 1285 τά
597 1224 683 1302 γοῦν
694 1230 761 1295 τοῖς
771 1229 881 1301 χοροῖς
890 1215 1087 1303 γραφόμενα
1098 1212 1180 1279 τού-

107 1335 160 1390 278
177 1342 246 1394 τοις
261 1314 391 1405 ᾅσματα
407 1315 622 1402 ὑπορχήματα
643 1316 788 1382 ἐκαλεῖτο
809 1316 863 1381 καὶ
886 1315 1090 1399 ἐμπέπληστο
1110 1315 1179 1376 τῶν

175 1412 338 1481 τοιούτων
351 1411 372 1499 ῆ
384 1414 480 1497 λύρα.

262 1514 310 1577 17.
333 1511 401 1577 Καὶ
412 1514 445 1575 τί
456 1529 509 1575 σοι
525 1504 604 1585 τοὺς
616 1505 777 1594 Ἕλληνας
792 1510 892 1592 λέγω,
916 1504 1003 1573 ὅπου
1016 1506 1071 1571 καὶ
1083 1501 1178 1572 Ἰνδοὶ

177 1604 312 1673 ἐπειδάν
324 1606 433 1673 ἔωθεν
444 1602 646 1682 ἀναστάντες
655 1605 903 1691 προσεύχωνται
914 1601 1106 1685 τόνἬλιον,
1119 1598 1180 1685 ούχ

178 1701 288 1786 ὥσπερ
302 1698 396 1788 ἡμεῖς
408 1700 471 1788 τήν
483 1715 575 1788 χεῖρα
591 1702 752 1779 κύσαντες
762 1700 937 1788 ἡγούμεθα
953 1704 1066 1784 ἐντελῆ
1082 1696 1180 1783 ὑμῶν

178 1798 263 1867 εἶναι
276 1798 338 1885 τῆν
354 1796 471 1886 εύχήν,
493 1797 567 1867 ἀλλ’
584 1802 706 1867 ἐκείνοι
722 1798 805 1885 πρὸς
819 1796 881 1885 τήν
898 1793 1063 1881 ἀνατολήν
1076 1794 1179 1862 στάνα

175 1923 228 1975 τες
249 1895 381 1984 ὀρχήσει
403 1896 465 1965 τόν
477 1895 594 1965 Ἥλιον
612 1895 814 1977 ἀσπάζονται
834 1900 1083 1981 σχηματίζοντες
1100 1894 1179 1959 ἑαυ-

176 1993 255 2073 τοὺς
270 2002 376 2085 σιωπή
397 1998 452 2063 καὶ
469 1995 669 2081 μιμούμενοι
683 1991 744 2080 τήν
763 2000 897 2079 χορείαν
915 1998 975 2059 τοῦ
988 1996 1090 2059 θεοῦ·
1124 1990 1180 2056 καὶ

176 2092 275 2160 τοῦτό
289 2096 378 2160 ἐστιν
391 2091 505 2161 Ἰνδῶν
521 2094 575 2160 καὶ
592 2089 671 2179 εύχή
684 2094 738 2159 καλ
751 2094 843 2177 χοροὶ
857 2094 911 2159 καὶ
924 2096 1037 2159 θυσία.
1061 2086 1180 2155 διὸκαὶ

176 2189 306 2267 τούτοις
322 2195 488 2257 ἱλεοῦνται
501 2188 656 2257 τὸνθεόν
669 2186 717 2267 δὶς
730 2190 786 2257 καλ
796 2186 977 2275 ἀρχομένης
988 2190 1042 2255 καὶ
1056 2189 1179 2269 δυομέ-

175 2312 236 2371 νης
247 2292 305 2371 τῆς
318 2283 450 2371 ἡμέρας.
474 2292 524 2355 18.
539 2291 702 2363 Αἰθίοπες
713 2289 753 2353 δέ
762 2312 800 2371 γε
813 2288 868 2353 καλ
879 2290 1100 2371 πολεμοῦντες
1111 2279 1178 2347 σὺν

175 2378 308 2465 ὀρχήσει
323 2380 403 2448 αὐτὸ
421 2386 540 2468 δρῦσι,
563 2382 618 2448 καὶ
633 2380 695 2448 ούκ
710 2377 753 2448 ἀν
767 2380 867 2467 ἀφείη
888 2380 925 2449 τό
940 2384 1035 2468 βέλος
1048 2385 1178 2457 Αίθίοφ

175 2474 261 2561 ἀνήρ
276 2474 411 2560 ἀφελών
431 2486 487 2563 τῆς
509 2483 655 2563 κεφαλῆς
668 2517 711 2527 -
722 2478 827 2567 ταότη
842 2477 906 2564 γάρ
921 2477 994 2546 ἀντὶ
1012 2481 1177 2563 φαρέτρας

173 2579 317 2657 χρῶνται
338 2575 544 2656 περιδέοντες
564 2571 648 2661 αὐτῆ
669 2571 849 2660 ἀκτινηδὸν
869 2574 909 2643 τά
932 2578 1011 2662 βέλη
1025 2614 1068 2625 -
1082 2579 1112 2641 εί
1130 2569 1176 2657 μή

174 2668 339 2753 πρότερον
352 2668 527 2757 ὀρχήσαιτο
541 2672 596 2737 καὶ
610 2676 655 2761 τῷ
668 2671 805 2758 σχήματι
820 2671 1006 2758 ἀπειλήσειε
1022 2674 1077 2739 καὶ
1091 2694 1176 2755 προ-

174 2766 371 2853 εκφοβήσειε
387 2774 427 2856 τῆ
444 2765 576 2855 ὀρχήσει
590 2766 650 2835 τόν
662 2774 828 2855 πολέμιον.
863 2776 911 2839 19.
928 2769 1021 2850 ἀξιον
1035 2773 1088 2856 δέ,
1107 2770 1177 2836 ἐπεὶ

174 2861 235 2949 τῆν
251 2860 392 2949 Ἰνδικήν
406 2868 461 2933 καὶ
481 2862 543 2950 τῆν
555 2871 739 2935 Αἰθιοπίαν
753 2868 1050 2955 διεξεληλύθαμεν,
1072 2868 1127 2933 καὶ
1144 2866 1177 2941 ἐς

174 2958 236 3045 τήν
249 2968 382 3047 γείτονα
396 2960 508 3030 αὐτῶν
517 2972 692 3048 Αἴγυπτον
706 2972 889 3051 καταβῆναι
903 2972 949 3055 τῷ
961 2964 1064 3054 λόγφ·
1087 2967 1177 3029 δοκεῖ

173 3058 237 3144 γάρ
254 3084 310 3145 μοι
325 3057 494 3139 ὁπαλαιδς
508 3068 618 3147 μῦθος
631 3064 686 3131 καλ
699 3067 834 3149 Πρωτέα
848 3060 908 3131 τόν
917 3063 1102 3149 Αίγύπτιον
1114 3057 1176 3127 ούκ

105 3167 156 3225 279
175 3151 254 3221 ἀλλο
272 3150 335 3240 τιή
350 3152 513 3243 ὀρχηστήν
523 3184 597 3224 τινα
611 3161 770 3243 γενέσθαι
782 3162 910 3245 λέγειν,
925 3156 1102 3245 μιμητικόν
1114 3154 1176 3225 ἀν-

172 3258 315 3334 θρωπον
329 3254 383 3317 καὶ
403 3253 486 3338 πρὸς
501 3254 609 3321 πάντα
627 3244 953 3341 σχηματίζεσθαδκαλ
973 3253 1176 3342 μεταβάλλε-

173 3353 254 3412 σθαι
269 3346 473 3437 δυνάμενον,
492 3347 534 3429 ὡς
550 3353 604 3420 καὶ
618 3349 739 3431 ὕδατος
753 3350 918 3440 ὑγρότητα
933 3363 1104 3441 μιμεῖσθαι
1120 3353 1176 3419 καὶ
