2575 3842
155 214 217 281 134
506 218 810 278 AOYKIANOY

155 378 253 462 ρυκές
266 402 352 454 τινες
362 376 583 461 Παφλαγόνες
594 382 794 462 καρβατίνας
804 372 1056 464 ὑποδεδεμένοι,
1075 385 1160 444 πολ·

154 472 217 559 λήν
247 472 310 559 τήν
340 474 572 559 σκοροδάλμην
604 473 864 559 ἐρυγγάνοντες,
899 471 930 559 ίή
959 471 1158 555 Ἀλέξανδρε.

153 577 204 639 40.
228 572 386 650 πολλάκις
402 569 432 637 δ’
455 572 508 638 ἐπὶ
531 585 600 648 ταῖς
621 575 811 658 δᾳδουχίαις
828 572 882 637 καὶ
903 585 970 649 τοῖς
990 584 1159 656 μυστικοῖς

154 670 351 759 σκιρτήμασι
360 671 550 755 γυμνωθεὶς
560 666 578 734 ὁ
590 664 696 755 μηρὸς
706 666 810 734 αὐτοῦ
822 670 1004 753 ἐξεπίτηδες
1013 675 1159 753 χρυσοῦς

154 760 315 854 ἐξεφάνη,
340 771 499 853 δέρματος
514 766 558 845 ὡς
573 766 609 835 τό
631 764 718 843 είκδς
733 766 913 850 ἐπιχρύσου
928 769 1159 853 περιτεθέντος

154 866 209 930 καὶ
224 863 307 948 πρός
317 861 380 951 τήν
393 862 502 949 αύγὴν
511 871 579 931 των
592 864 776 949 λαμπάδων
787 863 1049 948 ἀποστίλβοντος.
1074 860 1158 929 ὥστε

154 965 405 1049 καὶ,’γενομε’νης
425 962 504 1029 ποτὲ
518 962 680 1047 ζητήσεως
697 959 757 1028 δύο
779 963 842 1027 τισὶ
862 966 930 1026 τῶν
947 958 1158 1046 μωροσόφων

85 1079 135 1132 247
156 1057 239 1141 ὑπὲρ
252 1056 367 1144 αὐτοῦ,
379 1059 658 1143 είτεΠνθαγόρου
669 1056 731 1143 τήν
741 1054 851 1143 ψυχήν
864 1062 930 1141 ἐχοι
942 1054 996 1124 διά
1006 1054 1066 1123 τόν
1076 1081 1159 1140 χρυ-

155 1165 239 1224 σούν
261 1154 369 1243 μηρὸν
387 1166 451 1225 εἴτε
473 1156 578 1241 άλλην
594 1152 713 1240 ὁμοίαν
737 1152 842 1243 αύτῷ,
869 1155 924 1220 καί
945 1152 1006 1238 τήν
1028 1154 1158 1239 ζήτησιν

153 1253 279 1340 ταύτην
296 1253 385 1344 αὐτῷ
405 1251 607 1342 Ἀλεξάνδρφ
628 1250 934 1336 ἐπανενεγκόντων,
960 1248 977 1318 ὁ
1002 1248 1159 1337 βασιλεύς

158 1352 296 1419 Γλύκων
309 1358 443 1439 χρησμῷ
458 1356 555 1417 ἔλυσε
569 1348 632 1436 τήν
649 1346 807 1433 ἀπορίαν

196 1450 406 1532 Πυθαγόρου
417 1443 504 1532 ψυχή
520 1449 597 1514 ποτὲ
608 1447 670 1531 μὲν
684 1453 815 1530 φθίνει,
832 1445 947 1514 άλλοτε
962 1443 994 1511 δ’
1007 1445 1112 1525 αύξει·

196 1545 216 1633 ἡ
234 1549 268 1614 δὲ
284 1552 465 1631 προφητείη
480 1549 551 1629 δίης
565 1545 688 1630 φρενός
702 1548 791 1612 ἐστιν
808 1542 971 1629 άπορράξ.

196 1650 254 1711 καί
266 1670 324 1727 μιν
340 1650 463 1728 έπεμψε
477 1641 583 1727 πατήρ
598 1639 738 1727 άγαθιθν
754 1641 888 1729 άνδροῑν
903 1640 1091 1725 ἐπαρωγόν·

197 1743 251 1807 καὶ
268 1739 370 1807 πάλιν
386 1743 419 1818 ἐς
431 1738 515 1819 Διὸς
529 1738 591 1807 εἶσι
607 1737 690 1817 Διὸς
705 1747 866 1825 βληθεῖσα
881 1745 1042 1829 κεραυνῷ.

154 1842 204 1904 41.
224 1839 395 1922 προλέγων
410 1839 445 1905 δὲ
458 1845 560 1904 πᾶσιν
571 1835 752 1922 ἀπέχεσθαι
761 1842 895 1905 παιδίου
906 1842 1095 1919 συνουσίας,
1113 1834 1157 1915 ὡς

155 1933 270 2019 άσεβές
285 1932 341 2019 όν,
358 1932 458 2012 αὐτὸς
471 1936 602 2003 τοιόνδε
613 1962 644 2001 τι
656 1932 675 2002 ὁ
688 1934 851 2021 γεννάδας
862 1934 1054 2021 ἐτεχνάσατο
1066 1959 1072 1972 ·
1086 1938 1154 2011 ταῖς

154 2030 218 2117 γάρ
233 2031 349 2099 πόλεσι
359 2048 429 2112 ταῖς
438 2041 710 2120 Παφλαγονικαῖς
720 2036 775 2102 καί
785 2048 855 2112 ταῖς
867 2041 1042 2111 Ποντικαῖς
1053 2031 1152 2117 ἐπήγΙ

154 2139 250 2216 γελλε
269 2130 453 2217 θεηκόλους
469 2135 610 2216 πέμπειν
630 2135 663 2209 ἐς
681 2138 825 2212 τριετίαν
841 2130 1050 2217 ὑμνήσοντας
1073 2156 1141 2215 παρ

154 2225 244 2316 αύτῷ
259 2224 318 2293 τόν
332 2228 432 2295 θεόν·
454 2231 509 2295 καὶ
524 2232 589 2295 ἔδει
604 2231 866 2312 δοκιμασθέντας
882 2230 937 2295 καὶ
952 2231 1155 2314 προκριθέν-

84 2346 136 2400 248
154 2348 211 2398 τας
225 2320 303 2399 τούς
313 2320 568 2407 εὐγενεστάτους
581 2327 634 2392 καὶ
651 2321 872 2405 ὡραιοτάτους
888 2326 942 2392 καὶ
955 2325 1067 2393 κάλλει
1083 2329 1157 2391 δια-

155 2422 318 2503 φέροντας
328 2427 534 2505 πεμφθῆναι,
546 2418 606 2498 ούς
615 2423 866 2506 ἐγκλεισάμενος
878 2421 989 2506 ὥσπερ
1000 2421 1157 2509 ἀργυρω-

153 2515 264 2597 νήτοις
276 2515 432 2600 ἐχρήσατο
444 2518 498 2583 καὶ
510 2518 755 2601 συγκαθεύδων
773 2522 827 2585 καὶ
841 2519 949 2586 πάντα
961 2520 1088 2602 τρόπον
1098 2522 1156 2602 ἐμ-

153 2616 334 2694 παροινῶν.
355 2613 409 2678 καὶ
420 2612 525 2698 νόμον
537 2618 572 2682 δὲ
584 2618 772 2701 ἐπεποίητο,
787 2614 870 2700 ὑπὲρ
881 2613 921 2683 τά
934 2614 1155 2684 ὀκτωκαίδεκα

154 2712 210 2792 ἐτη
227 2708 352 2791 μηδένα
368 2717 415 2798 τῷ
429 2707 534 2777 αύτού
550 2712 686 2798 στόματι
696 2714 888 2791 δεξιοῦσθαι
899 2712 980 2798 μηδὲ
997 2712 1157 2797 φιλήματι

154 2802 375 2890 ἀσπάζεσθαι,
393 2804 476 2875 άλλά
488 2823 554 2888 τοις
563 2808 675 2887 ἄλλοις
685 2817 868 2893 προτείνων
879 2808 940 2896 τήν
949 2825 1040 2896 χεῖρα
1055 2810 1156 2877 κύσαι

154 2902 281 2989 μόνους
295 2903 374 2982 τοὺς
391 2902 533 2990 ὡραίους
546 2915 731 2993 κατεφίλει,
748 2910 802 2974 καί
820 2912 998 2976 ἐκαλοῦντο
1015 2899 1108 2974 ούτοι
1125 2911 1158 2973 οί

154 2997 247 3077 ἐντός
261 3008 323 3065 τοῦ
337 3002 528 3087 φιλήματος.
556 3008 605 3071 42.
623 3011 759 3071 τοιαῦτα
779 3004 955 3088 ἐντρυφῶν
972 3016 1039 3082 τοῖς
1053 3001 1157 3089 άνοή-

153 3122 221 3174 τοις
243 3100 377 3164 διετέλει
393 3100 554 3184 γυναῖκάς
567 3128 603 3169 τε
623 3099 746 3187 άνέδην
763 3104 971 3186 διαφθείρων
986 3100 1042 3168 καὶ
1063 3100 1157 3167 παισὶ

153 3191 276 3260 συνύν.
299 3196 354 3261 καὶ
368 3188 410 3280 ήν
424 3201 508 3283 μέγα
519 3202 573 3266 καὶ
584 3197 705 3266 εύκτδν
720 3198 860 3288 ἐκάστφ,
877 3208 911 3267 εί
920 3224 1009 3277 τινος
1022 3200 1156 3284 γυναικὶ

153 3291 405 3375 προσβλέψειεν·
440 3300 470 3361 εί
486 3294 522 3361 δὲ
540 3297 595 3363 καὶ
611 3296 793 3382 φιλήματος
808 3294 994 3380 άξιιισειεν,
1023 3293 1157 3382 άθρόαν

151 3382 214 3470 τήν
236 3381 370 3469 ἀγαθήν
393 3389 496 3473 τύχην
523 3388 603 3479 η’ίετο
629 3392 765 3471 ἕκαστος
789 3393 822 3470 ἐς
843 3387 905 3479 τήν
929 3398 1038 3460 οἰκίαν
1066 3389 1157 3482 αὐτῷ
