2575 3842
447 207 675 266 ΦΑΛΑΡΙΣ
691 206 730 264 Α.
1031 206 1092 269 109

87 365 166 449 ἐμοῦ
183 361 351 451 ἀκηκοώς·
379 367 449 432 ἐπεὶ
464 367 500 433 δέ
514 365 693 451 ἐπειράθη,
716 363 869 453 ἀπῆλθεν
886 371 1033 436 ἐπαινῶν
1051 395 1092 454 με

86 468 139 547 τῆς
154 463 371 549 δικαιοσύνης
383 464 437 530 καί
448 466 550 530 ἐλεῶν
560 470 618 549 τῆς
630 461 813 549 ἀναγκαίας
826 462 1001 551 ώμότητος.
1023 464 1091 533 εἶτα

86 570 198 629 οἰεσθε
211 558 273 628 τόν
284 558 369 643 πρός
381 559 460 641 τοῦς
474 560 631 639 ὀθνείους
642 562 889 647 φιλάνθρωπον
900 562 1006 642 οὕτως
1017 562 1091 631 ἀδί-

85 684 149 737 κως
162 672 232 737 τοῖς
246 665 379 737 οἰκείοις
400 664 668 745 προσφέρεσθαι,
696 665 726 727 εἰ
745 661 790 746 μή
811 687 841 727 τι
864 660 1091 747 διαφερόντως

85 753 234 841 ήδίκητο;
258 762 307 825 ll.
323 763 426 824 ταῦτα
440 757 503 843 μὲν
513 748 576 823 οὖν
589 754 673 840 ὑπὲρ
689 759 834 842 ἐμαυτοῦ
846 755 1091 844 ἀπολελόγημαι

84 850 181 939 ὑμίν,
195 851 308 939 ἀληθῆ
323 855 378 922 καί
388 859 498 923 δίκαια
508 857 563 923 καὶ
577 856 716 922 ἐπαίνου
727 861 870 939 μᾶλλον,
887 852 931 933 ώς
946 852 1090 940 ἐμαυτόν

5 1029 8 1042 .
85 956 208 1035 πείθω,
228 946 250 1035 ή
266 959 383 1035 μίσους
397 952 483 1032 ἀξια.
506 950 591 1037 ὑπὲρ
612 953 649 1019 δέ
665 960 727 1019 τοῦ
745 950 960 1039 ἀναθήματος
975 950 1090 1038 καιρὸς

86 1045 171 1133 ὑμᾶς
191 1046 333 1115 ἀκοῦσαι
349 1046 433 1117 ὅθεν
453 1052 508 1117 καί
530 1048 619 1128 ὅπως
639 1048 699 1117 τόν
716 1057 842 1134 ταῦρον
858 1057 979 1118 τοῦτον
994 1054 1089 1136 ἐκτη-

83 1146 193 1231 σάμην
204 1146 268 1213 οὐκ
278 1145 396 1227 ἐκδούς
407 1147 507 1228 αῦτός
517 1158 564 1238 τῷ
575 1147 850 1238 ἀνδριαντοποιῷ.
868 1146 912 1235 μή
924 1146 988 1235 γάρ
1002 1146 1090 1214 ούτω

82 1249 236 1330 μανείην,
254 1244 298 1323 ώς
311 1246 474 1314 τοιούτων
487 1250 692 1333 ἐπιθυμῆσαι
712 1246 895 1332 κτημάτων.
918 1244 1002 1315 ἀλλά
1017 1252 1087 1312 Πε-
1108 1259 1157 1314 198

82 1349 195 1425 ρίλαος
208 1336 253 1427 ήν
272 1370 321 1422 τις
335 1342 520 1431 ἡμεδαπός,
538 1342 680 1432 χαλκεύς
693 1344 754 1431 μὲν
774 1342 918 1429 ἀγαθός,
942 1340 1089 1429 πονηρός
1196 1388 1198 1394 -

82 1444 117 1507 δέ
132 1439 323 1524 ἅνθρωπος.
346 1436 444 1522 οὗτος
460 1444 617 1531 πάμπολυ
631 1452 689 1530 τῆς
703 1447 781 1531 ἐμῆς
797 1442 932 1529 γνώμης
948 1446 1088 1528 διημαρ-

4 1561 6 1566 ’
81 1536 188 1624 τηκώς
203 1538 284 1630 ᾤετο
298 1550 489 1627 χαριεῖσθαί
501 1570 575 1628 μοι,
592 1549 622 1612 εἰ
635 1544 756 1631 καινήν
770 1569 845 1611 τινα
860 1542 998 1609 κόλασιν
1015 1544 1088 1608 ἐπι-

81 1636 252 1722 νοήσειεν,
276 1635 320 1717 ώς
335 1642 368 1719 ἐξ
383 1638 529 1717 ἅπαντος
550 1643 702 1722 κολάζειν
719 1644 950 1726 ἐπιθυμοῦντι.
973 1641 1028 1706 καί
1045 1636 1085 1725 δή

81 1737 329 1816 κατασκευάσας
343 1736 405 1806 τόν
415 1748 501 1827 βοῦν
511 1731 574 1826 ήκέ
583 1766 640 1826 μοι
655 1746 798 1825 κομίζων
811 1739 990 1807 κάλλιστον
1002 1742 1087 1805 ἰδεῖν

80 1836 136 1901 καί
162 1832 246 1920 πρός
269 1835 307 1903 τό
335 1837 572 1925 ἀκριβέστατον
593 1842 806 1924 εἰκασμένον·
839 1838 998 1922 κινήσεως
1021 1835 1085 1922 γάρ
1165 1906 1168 1911 .

79 1929 171 2022 αύτῷ
185 1936 240 2001 καί
254 1944 437 2022 μυκηθμοῦ
451 1942 517 2006 ἐδει
532 1937 638 2022 μόνον
653 1934 736 2017 πρὸς
750 1932 787 2002 τό
803 1937 857 2002 καὶ
874 1940 1023 2020 ἔμψυχον
1039 1932 1087 2001 εἰ-

78 2057 136 2097 ναι
152 2034 274 2099 δοκεῖν.
302 2031 385 2101 ἰδών
407 2034 443 2103 δέ
462 2032 649 2119 ἀνέκραγον
665 2030 787 2116 εύθύς,
809 2030 904 2110 ἀξιον
920 2029 957 2097 τό
979 2038 1085 2116 κτῆμα

77 2136 139 2196 τοῦ
151 2137 306 2214 Πυθίου,
324 2136 486 2217 πεμπτέος
501 2130 519 2200 ὁ
534 2140 657 2216 ταῦρος
671 2140 717 2222 τῷ
732 2138 812 2220 θεῷ.
835 2128 853 2196 ὁ
870 2131 905 2197 δέ
920 2136 1084 2213 Περίλαος

77 2226 265 2312 παρεστώς,
284 2236 326 2296 Τί
335 2227 367 2297 δ’
377 2236 408 2299 εἰ
416 2233 555 2315 μάθοις,
571 2236 653 2317 ἐφη,
667 2228 729 2316 τήν
739 2235 863 2315 σοφίαν
874 2224 935 2313 τήν
948 2229 984 2293 ἐν
996 2224 1085 2315 αύτῷ

76 2327 134 2391 καλ
148 2320 212 2410 τήν
223 2333 338 2409 χρείαν
352 2325 395 2414 ἣν
413 2330 605 2414 παρέχεται;
625 2333 680 2396 καὶ
696 2327 827 2408 ἀνοίξας
843 2324 910 2413 ἀμα
926 2323 987 2393 τόν
1002 2331 1085 2391 ταῦ-

76 2448 140 2503 ρον
157 2421 240 2490 κατά
255 2423 295 2491 τά
312 2426 490 2512 νῦτα,Ἤν
503 2454 595 2513 τινα,
612 2434 693 2513 ἐφη,
710 2428 861 2507 κολάζειν
879 2428 1011 2515 ἐθέλης,
1027 2427 1085 2510 ἐμ-

75 2521 220 2607 βιβάσας
233 2525 266 2599 ἐς
285 2521 323 2590 τό
340 2527 516 2612 μηχάνημα
529 2535 628 2595 τοῦτο
649 2531 703 2595 καί
719 2533 933 2604 κατακλείσας
947 2544 1085 2609 προστι-

74 2623 178 2687 θέναι
191 2621 254 2706 μὲν
264 2621 342 2701 τοῦς
353 2622 477 2704 αῦλούς
490 2627 611 2694 τούσδε
626 2623 709 2710 πρός
723 2623 802 2703 τοῦς
816 2630 1009 2713 μυξωτῆρας
1023 2629 1084 2690 τοῦ

75 2719 178 2804 βοός,
203 2727 272 2804 πῦρ
292 2721 329 2787 δέ
344 2718 519 2791 ὑποκαίειν
534 2724 699 2809 κελεύειν,
721 2721 810 2791 καὶὸ
833 2726 895 2810 μὲν
911 2724 1083 2807 οἰμώξεται

73 2818 130 2885 καὶ
146 2818 303 2903 βοήσεται
325 2817 479 2905 ἀλήκτοις
498 2836 568 2900 ταλς
584 2820 722 2899 ὀδύναις
737 2821 907 2907 ἐχόμενος,
929 2817 1028 2905 ήβοή
1048 2818 1084 2883 δὲ

74 2914 131 2983 διά
147 2924 217 2983 τῶν
235 2916 349 2986 αὐλών
363 2922 444 3005 μέλη
461 2941 514 2987 σοι
529 2920 718 2987 ἀποτελέσει
734 2915 786 2986 οἷα
805 2917 1012 3003 λιγυρώτατα
1028 2917 1083 2983 καὶ

74 3015 257 3101 ἐπαυλήσει
270 3020 444 3104 θρηνῶδες
459 3020 513 3085 καί
528 3019 710 3105 μυκήσεται
723 3018 947 3103 γοερώτατον,
966 3013 1010 3094 ώς
1024 3013 1082 3082 τὸν

73 3114 139 3198 μὲν
153 3116 363 3201 κολάζεσθαι,
379 3117 416 3184 σέ
427 3120 463 3184 δὲ
473 3122 654 3201 τέρπεσθαι
668 3113 788 3201 μεταξύ
799 3114 1080 3201 καταυλούμενον.
1101 3118 1154 3175 199

74 3219 126 3281 12.
145 3212 211 3299 ἐγώ
228 3218 264 3283 δὲ
280 3213 324 3293 ώς
337 3222 435 3281 τοῦτο
451 3213 596 3301 ήκουσα,
613 3215 808 3301 ἐμυσάχθην
819 3214 880 3301 τήν
894 3240 1083 3300 κακομηχα-

73 3318 153 3377 νίοιν
174 3320 238 3378 τοῦ
257 3310 380 3399 ἀνδρὸς
401 3315 456 3381 καί
480 3313 543 3399 τήν
566 3317 717 3382 ἐπίνοιαν
738 3317 875 3401 ἐμίσησα
894 3321 957 3381 τοῦ
981 3340 1083 3381 κατα-

70 3409 305 3495 σκευάσματος
323 3415 378 3480 καὶ
394 3419 520 3482 οἰκείαν
539 3411 630 3503 αύτῷ
644 3421 805 3501 τιμωρίαν
822 3416 985 3501 ἐπέθηκα·
1016 3421 1082 3499 καί,
