2575 3842
166 179 228 242 332
514 178 824 255 [Λαναικαοαγ

166 349 236 408 λων
251 335 397 421 ὁρῶντες
413 336 552 422 άριστον
568 335 725 402 ἄπιστον·
746 334 814 402 εἶτα
832 337 868 404 δὲ
878 335 958 416 τούς
969 335 1195 423 ὁμοδούλους
1272 286 1274 369 ζ

166 436 309 503 ἐκάλουν
329 432 432 502 έπλ
395 460 457 520 την
473 432 556 519 έμὴν
572 438 676 518 θέαν,
699 460 755 502 και
743 437 872 519 γέλως
887 427 1033 513 πολύς
1011 461 1072 521 ην,
1095 457 1190 503 ωστε
1272 438 1273 461 ²

166 529 253 601 καὶὸ
266 533 428 618 δεσπότης
439 528 551 597 αὐτῶν
562 529 687 616 ἧκονσε
700 557 762 598 τον
747 536 933 651 γέλωτος,
948 531 1142 619 θορύβου”
1122 559 1188 599 ον-

166 656 221 708 τος
235 633 378 714 ἔξωθεν,
402 631 457 696 καὶ
477 627 577 714 ἤρετό
593 653 670 694 τινα
691 620 790 719 ἐφ’
762 654 789 695 ω
809 635 973 695 τοσοῦτον
992 634 1028 696 οί
1042 633 1107 710 ἔξω
1123 656 1187 716 γε·

166 736 278 796 λοῦσιν.
301 730 370 796 ἐπεὶ
387 725 459 795 w
437 747 636 846 ηκονσεν,ε
621 697 827 806 ἐξανίσταται
840 733 1108 811 τοῦσνμποσίον
1126 730 1186 794 καί

167 827 332 906 διακύψας
347 835 425 893 είσω
441 822 504 913 ὁρᾷ
520 849 560 908 με
576 822 659 902 σνὸς
673 821 792 910 άγρίον
809 827 926 908 μερίδα
941 831 1184 910 καταπίνοντα,

168 925 221 990 καί
233 927 315 1008 μέγα
328 925 364 990 έν
375 924 492 1007 γέλωτι
503 919 694 1008 ἀναβοήσας
706 925 863 1007 εἰστρέχει
873 931 961 990 είσω.
985 921 1078 1007 κάγω
1090 924 1183 1009 σφό-

168 1025 231 1106 δρα
245 1017 400 1106 ἠχθόμην
419 1022 471 1087 ἐπὶ
486 1028 547 1086 τοῦ
566 1021 731 1087 δεσπότου
747 1021 887 1105 κλέπτης
906 1019 975 1105 ἅμα
992 1024 1047 1089 καί
1067 1029 1187 1107 λίχνος

170 1117 331 1195 ἑαλωκός.
354 1114 372 1183 6
387 1117 423 1184 δὲ
441 1113 550 1184 πολύν
569 1115 655 1201 εἶχεν
671 1114 722 1182 ἐπ’
741 1119 813 1203 ἐμοὶ
828 1121 973 1203 γέλωτα,
989 1121 1044 1185 καὶ
1060 1118 1101 1185 τὰ
1118 1122 1187 1205 μὲν

168 1223 281 1299 πρῶτα
293 1215 421 1282 κελεύει
431 1241 472 1301 με
484 1223 562 1283 είσω
572 1213 717 1300 άγεσδαι
729 1220 775 1292 είς
785 1214 821 1282 τό
833 1217 964 1282 ἐκείνου
976 1216 1182 1302 συμπόσιον,

168 1319 278 1383 ἔπειτα
294 1312 460 1397 τράπεζάν
473 1339 530 1399 μοι
545 1323 749 1396 παραθεῖναι
766 1311 836 1379 εἶπε
852 1316 908 1380 καὶ
923 1312 1006 1381 εἶναι
1021 1312 1072 1380 ἐπ’
1092 1313 1183 1402 αὐτῇ

167 1409 273 1480 πολλὰ
290 1419 358 1478 των
374 1409 436 1477 όσα
452 1411 496 1496 μὴ
510 1408 657 1478 δυνατόν
668 1410 758 1501 άλλῳ
774 1410 843 1502 ὅνῳ
857 1427 1079 1499 καταφαγεῖν,
1096 1415 1180 1498 κρέα

167 1509 314 1585 λοπάδας
326 1505 454 1592 ζωμούς
468 1514 582 1592 ἰχθῦς,
597 1516 696 1575 τοῦτο
706 1512 768 1594 μέν
778 1513 816 1576 έν
829 1512 923 1601 γάρῳ
937 1511 992 1579 καί
1006 1513 1105 1601 έλαίῳ
1118 1537 1180 1577 κα-

166 1607 398 1689 τακειμένονς,
422 1612 519 1672 τοῦτο
542 1607 578 1673 δὲ
593 1606 701 1672 νάπνί
713 1609 978 1694 έπικεχνμένονς.
1008 1606 1102 1694 κάγώ
1116 1606 1180 1693 τὴν

166 1702 270 1786 τύχην
286 1699 376 1784 ὁρῶν
388 1699 454 1789 ἤδη
474 1701 604 1773 ἁπαλόν
619 1729 676 1790 μοι
693 1710 962 1790 προσμειδιῶσαν
981 1708 1036 1774 καὶ
1053 1703 1180 1791 μαθων

97 1819 147 1875 616
168 1798 218 1868 ότι
231 1823 273 1885 με
282 1805 381 1865 τοῦτο
392 1800 500 1886 μόνον
510 1799 547 1869 τό
559 1807 716 1887 παίγνιον
727 1797 909 1886 άνασωσει,
925 1807 1030 1869 καίτοι
1044 1800 1109 1887 ἤδη
1120 1805 1179 1887 έμ-

165 1895 428 1982 πεπλησμένος”
409 1924 498 1985 ομως
514 1897 659 1985 ἠρίστων
672 1925 711 1987 τη
698 1903 869 1988 τραπέζη
884 1899 1062 1983 παραστάς
1087 1924 1124 1964 το
1113 1895 1179 1964 δὲ
1272 1954 1273 1969 ,

166 1993 354 2081 συμπόσιον
365 1999 531 2066 έκλονιίτο
546 2025 591 2087 τῳ
579 2001 730 2092 γέλωτι.
753 2004 811 2064 καί
823 2023 871 2075 τις
889 1994 974 2080 εἶπε,
993 1997 1058 2063 Καὶ
1069 2003 1179 2062 πίεται
1272 1986 1273 1999 ’

167 2085 318 2160 οίνον
276 2118 373 2171 ουτος
390 2090 407 2161 ὁ
424 2093 518 2178 όνος,
542 2093 584 2180 ἥν
604 2119 655 2172 τις
669 2090 761 2181 αύτῳ
780 2094 1043 2178 ἐγκερασάμενος
1057 2095 1177 2181 έπιδῳ·

166 2189 259 2258 καὶ
246 2221 263 2261 ο
294 2191 453 2278 δεσπότης
475 2195 626 2260 έκέλενσε
646 2187 738 2277 κάγω
759 2186 796 2258 τό
823 2191 1049 2277 προσενεχθὲν
1069 2159 1176 2258 ἔπιόν.

166 2288 249 2359 48.
235 2315 252 2357 ο
276 2289 312 2357 δὲ
326 2286 399 2358 οἷον
420 2288 507 2369 εἰκός
529 2288 620 2372 ὁρῶν
641 2316 681 2376 με
698 2297 805 2376 κτῆμα
826 2291 1018 2374 παράδοξον
1039 2287 1101 2375 τὴν
1115 2315 1178 2375 μεν

167 2385 266 2473 τιμὴν
286 2385 347 2473 τὴν
368 2386 451 2474 ἐμὴν
466 2389 593 2456 κελεύει
610 2396 678 2456 τῶν
699 2394 875 2476 διοικητῶν
896 2416 962 2456 τινι
978 2395 1177 2474 καταβαλεῖν
1272 2424 1273 2427 ¹

166 2493 211 2576 τῳ
224 2486 279 2571 ἐμὲ
295 2484 497 2577 ὠνησομένην
511 2491 564 2555 καὶ
577 2487 658 2556 άλλο
673 2496 852 2574 τοσοῦτον,
869 2489 924 2573 ἐμὲ
937 2489 972 2555 δὲ
983 2488 1176 2573 παρέδωκεν

167 2584 382 2676 ἀπελευθέρῳ
400 2592 467 2652 τῶν
485 2583 590 2652 αὑτοῦ
605 2612 671 2653 τινι
687 2594 851 2676 νεανίσκῳ
868 2588 922 2653 καὶ
939 2584 1007 2653 εἷπε
1024 2599 1178 2670 κατηχείν

167 2680 229 2750 όσα
244 2688 351 2750 ποιῶν
365 2681 506 2767 μάλιστα
528 2696 740 2771 ψυχαγωγεῖν
755 2683 859 2752 αὐτόν
874 2689 1049 2770 δυναίμην.
1079 2692 1125 2774 τῷ
1142 2687 1181 2753 δέ

165 2809 203 2868 γε
219 2781 317 2872 ῥᾴδια
331 2774 375 2866 ἦν
390 2781 514 2848 πάντα·
537 2780 714 2868 ὑπήκουον
733 2781 797 2868 γάρ
813 2781 901 2851 εύθδ
919 2790 965 2862 είς
979 2781 1110 2850 ἅπαντα
1126 2787 1177 2850 δι·

166 2882 379 2967 δασκόμενος.
408 2883 462 2948 καὶ
478 2882 688 2967 πρῶτονμὲν
705 2888 965 2951 κατακλίνεσθαί
983 2909 1023 2968 με
1038 2884 1090 2950 ἐπὶ
1107 2889 1178 2950 κλί-

166 3007 225 3066 νης
244 2979 354 3067 ὥσπερ
380 2978 565 3063 άνθρωπον
582 2977 633 3046 ἐπ’
657 2976 809 3066 ἀγκῶνος
836 2983 1008 3066 ἐποίησεν,
1034 2977 1103 3047 εἶτα
1124 2984 1178 3047 καὶ

166 3087 407 3165 προσπαλαίειν
421 3078 527 3169 αὐτῷ,
548 3081 602 3145 καὶ
616 3077 685 3164 μὴν
699 3081 752 3146 καὶ
770 3077 942 3166 ὀρχεῖσθαι
956 3079 1009 3146 ἐπὶ
1020 3077 1100 3156 τοὺς
1115 3080 1177 3145 δύο

166 3179 429 3263 ἐπανιστάμενον
441 3175 548 3263 ὀρθόν
563 3179 617 3244 καὶ
628 3178 826 3246 κατανεύειν
837 3181 892 3246 καὶ
902 3175 1083 3244 άνανεύειν
1094 3175 1177 3264 πρὸς

165 3273 223 3353 τάς
240 3277 372 3362 φωνάς,
396 3273 574 3343 καὶπάνθ’
597 3274 659 3342 ὅσα
682 3277 853 3362 ἐδυνάμην
868 3273 930 3362 μὲν
951 3277 1006 3342 καὶ
1030 3281 1103 3361 δίχα
1117 3283 1177 3343 τοῦ

166 3375 373 3458 μανθάνειν,
391 3389 515 3441 ποιεῖν·
539 3376 595 3441 καὶ
608 3371 644 3441 τό
661 3381 796 3460 πρᾶγμα
810 3375 1010 3461 περιβόητον
1025 3368 1084 3461 ἦν,
1101 3373 1176 3454 όνος
