2575 3842
186 179 247 244 388
539 181 844 240 ΛΟΤΚΙΑΝΟΤ

185 340 310 418 παντὸς
330 348 407 428 βίον
430 342 687 426 πεπειραμένος·
718 337 799 423 μετὰ
821 365 943 425 μικρον
964 339 1000 407 δὲ
1020 342 1075 407 καὶ
1094 337 1198 416 αὐτὸς

187 447 258 522 εἴση
275 439 405 504 ἕκαστα.

270 540 369 601 ΜΙΚ.
391 532 446 620 Νὴ
463 541 547 619 Δία,
564 534 679 621 καιρὸς
689 541 775 620 γοῦν
785 533 849 620 ἤδη
864 536 918 600 καὶ
934 534 971 601 σὲ
983 540 1088 602 εἰπεῖν
1105 532 1198 611 ὅπως

185 629 330 718 ἠλλάγης
347 636 401 700 καὶ
417 628 439 699 ἀ
453 633 621 700 σύνοισθα
636 640 681 721 τῷ
696 639 758 722 βίῳ
775 631 910 720 ἑκάστῳ.

270 735 402 796 ΑΛΕΚ.
417 727 538 795 ’Ἀκουε
549 729 713 796 τοσοῦτόν
721 755 759 813 γε
769 727 932 813 προειδώς
943 731 1069 815 μηδένα
1079 755 1120 813 με
1132 737 1196 796 σοῦ

188 825 486 910 εὐδαιμονέστερον
499 835 639 914 βιοῦντα
657 829 845 910 ἑωρακέναι.

271 930 371 991 ΜΙΚ.
391 917 540 1011 Ἐμοό,τά
551 924 760 1007 ἀλεκτρυόν;
780 924 868 992 οὕτω
879 927 932 992 σοὶ
941 929 1087 1010 γένοιτο·
1110 949 1196 1008 προ-

187 1019 252 1107 οίγη
266 1019 331 1104 γάρ
344 1046 384 1104 με
398 1027 628 1106 λοιδορεῖσθαί
638 1044 702 1089 σοι.
724 1019 807 1090 ἀλλά
820 1023 889 1090 εἰπὲ
903 1021 968 1088 ἀπό
984 1031 1045 1089 τοῦ
1056 1019 1196 1108 Εὐφόρ-

117 1121 169 1179 '726
187 1124 252 1203 βου
269 1115 468 1202 ἀρξόμενος,
492 1118 581 1199 ὅπως
601 1124 633 1199 ἐς
646 1121 857 1206 Πυθαγόραν
878 1120 1099 1206 μετεβλήθης,
1127 1118 1196 1186 εἶτα

188 1218 260 1300 ἑξῆς
283 1213 359 1299 ἀχρι
383 1225 443 1283 τοῦ
464 1215 700 1302 ἀλεκτρυόνος·
732 1215 819 1296 εἰκός
839 1220 904 1304 γάρ
927 1238 966 1287 σε
987 1228 1121 1286 ποικίλα
1141 1220 1196 1284 καὶ

188 1316 272 1379 ἰδεῖν
286 1314 342 1379 καὶ
358 1325 481 1382 παθεῖν
499 1318 536 1382 ἐν
551 1320 740 1384 πολυειδέσι
754 1330 822 1395 τοῖς
835 1323 928 1403 βίοις.

273 1417 323 1478 16.
340 1419 470 1480 ΑΛΕΚ.
484 1411 540 1491 Ὡς
550 1414 611 1499 μὲν
622 1417 655 1492 ἐξ
666 1411 871 1493 ’Λπόλλωνος
881 1413 918 1481 τὸ
930 1412 1094 1501 πρῶτονὴ
1107 1414 1196 1500 ψυχή

188 1534 244 1593 μοι
259 1512 490 1596 καταπταμένη
507 1514 539 1588 ἐς
556 1509 617 1597 τὴν
638 1519 703 1596 γῆν
720 1514 817 1578 ἐνέδυ
832 1517 877 1589 είς
897 1509 1084 1595 ἀνθρώπου
1100 1519 1195 1596 σῶμα

187 1603 306 1688 ἥντινα
320 1603 381 1691 τὴν
397 1611 577 1693 καταδίκην
593 1612 788 1693 ἐκτελοῦσα,
804 1606 935 1694 μακρὸν
948 1605 992 1676 ἀν
1007 1619 1058 1695 είη
1072 1612 1194 1694 λέγειν,

187 1699 295 1778 ἄλλως
308 1728 343 1768 τε
360 1700 440 1770 οὐδὲ
455 1701 550 1770 ὅσιον
573 1703 647 1772 οὔτ’
668 1708 739 1790 ἐμοὶ
760 1710 863 1773 είπελν
886 1703 962 1772 οὔτε
983 1707 1035 1773 σοὶ
1055 1702 1195 1772 ἀκούειν

186 1795 226 1864 τά
243 1806 388 1867 τοιαῦτα.
413 1800 513 1868 ἔπειτ’
530 1802 712 1890 Εὔφορβος
726 1803 889 1888 ἐγενόμην
904 1857 910 1868 .
925 1857 932 1870 .
948 1856 975 1867 ..

149 1907 150 1910 ’
272 1905 371 1965 ΜΙΚ.
400 1901 508 1968 Τοῦτό
523 1928 579 1986 μοι
594 1901 760 1988 πρότερον
777 1906 863 1987 είπέ,
886 1906 916 1968 εί
933 1898 1026 1986 κάγώ
1039 1925 1120 1967 ποτε
1135 1899 1196 1986 ἠλ·
1277 1888 1278 1917 ¹

188 1995 295 2079 λάγην
312 1994 423 2079 ὥσπερ
440 1997 492 2064 ου’.

273 2099 404 2159 ΑΛΕΚ.
427 2096 494 2161 Καὶ
507 2096 605 2180 μάλα.

272 2197 371 2257 ΜΙΚ.
387 2198 443 2269 Τίς
454 2185 585 2279 οὗνῆν;
602 2202 635 2260 εί
641 2219 672 2259 τι
684 2198 767 2278 ἔχεις
779 2198 891 2261 είπεῑν.
907 2195 1014 2261 ἐθέλω
1023 2193 1087 2276 γὰρ
1095 2199 1197 2260 τοῦτο

187 2289 317 2355 εἰδέναι.

270 2393 401 2454 ΑΑΕΚ.
423 2389 495 2470 Σό;
519 2391 651 2476 μύρμηξ
668 2388 804 2469 Ίνδικδς
817 2397 886 2457 τῶν
905 2389 942 2457 τδ
958 2396 1095 2476 χρυσίον
1113 2387 1198 2454 ἀνο-

187 2484 385 2569 ρνττόντων.

270 2589 369 2650 ΜΙΚ.
393 2581 474 2650 Εἶτα
494 2582 629 2651 τόκνουν
652 2582 669 2651 ὁ
691 2590 903 2671 κακοδαίμων
925 2581 991 2653 κάν
1010 2583 1105 2669 όλίγα
1128 2592 1197 2652 τῶν

119 2697 169 2752 72⁷
189 2681 372 2767 ψηγμάτων
386 2680 480 2767 ἥκειν
498 2684 530 2760 ἐς
545 2683 643 2749 τόνδε
657 2683 717 2752 τὸν
733 2692 808 2769 βίον
824 2687 856 2763 ἐξ
871 2686 1001 2751 ἐκείνου
1016 2685 1198 2751 ἐπισιτισά-

187 2806 303 2867 μενος;
325 2779 408 2849 ἀλλά
424 2784 479 2849 καὶ
490 2789 524 2848 τί
535 2781 615 2867 μετα
627 2790 726 2850 τοῦτο
742 2789 873 2868 ἔσομαι,
893 2787 978 2850 είπέ·
1001 2781 1088 2859 εἰκός
1099 2782 1137 2848 δὲ
1149 2788 1198 2849 εί-

187 2880 279 2946 δίναι
294 2899 340 2946 σε.
370 2885 400 2946 εί
411 2880 475 2966 γάρ
491 2907 523 2948 τι
537 2877 670 2967 ἀγαθόν
685 2892 751 2966 εἴη,
770 2881 958 2967 ἀπάγξομαι
972 2879 1035 2968 ἤδη
1050 2878 1197 2957 ἀναστὰς

188 2972 252 3042 ἀπὸ
271 2984 332 3043 τοῦ
348 2979 532 3063 παττάλου,
549 2978 602 3065 ἐφ’
622 2973 665 3046 οὗ
679 2978 723 3047 οὐ
740 2983 888 3066 ἕστηκας.

272 3080 320 3144 17.
341 3083 472 3144 ΑΛΕΚ.
498 3074 572 3145 Οὐκ
588 3072 632 3144 ἀν
646 3079 771 3164 μάθοις
786 3087 884 3146 τοῦτο
901 3075 1039 3165 οὐδεμιᾷ
1054 3084 1195 3164 μηχανῇ.

186 3171 274 3258 πλην
289 3173 372 3243 ἀλλά
388 3179 520 3259 ἐπείπερ
535 3175 715 3263 Εὔφορβος
730 3178 896 3262 ἐγενόμην
906 3215 950 3226 -
960 3175 1113 3260 ἐπάνειμι
1128 3172 1196 3260 γὰρ

187 3269 238 3336 ἐπ’
256 3276 364 3340 ἐκεῖνα
375 3315 417 3325 -
429 3272 597 3359 ἐμαχόμην
613 3273 664 3341 ἐπ’
678 3272 759 3365 Ἰλίῳ
769 3277 824 3342 καὶ
835 3270 1020 3342 ἆποθανῶν
1034 3271 1101 3340 ὑπό
1118 3281 1195 3340 Με-

1277 2947 1279 3027 λ

187 3370 289 3434 νέλεω
302 3371 411 3460 χρόνῳ
426 3369 569 3455 ὕστερον
583 3377 613 3451 ἐς
622 3373 834 3459 Πυθαγόραν
843 3365 935 3458 ἧκον.
959 3376 1039 3450 τέως
1051 3375 1087 3440 δὲ
1099 3399 1195 3456 περι·
1277 3442 1278 3477 ρ
