2575 3842
173 179 280 237 ΠΩΣ
297 182 387 239 ΔΕΙ
406 181 651 242 ΙΣΤΟΡΙΑΝ
669 186 999 245 ΣΥΓΓΡΑΦΕΙΝ.
1070 181 1096 246 5'

19 331 30 352 '
84 340 139 414 θος
161 335 306 422 ἐμπεσὸν
328 334 509 424 ἡίστορία,
535 337 614 409 0666
634 340 810 430 ἀκαριαῖον
829 342 1022 429 ἀνάσχοιτο,
1049 340 1095 410 ού

81 441 210 519 μάλλον
223 431 245 521 ἢ
257 434 319 522 την
330 435 491 522 άρτηρίαν
505 443 628 522 ἰατρῶν
639 442 753 517 παίθές
767 461 849 524 φασι
864 439 925 526 την
935 442 1095 525 τραχεῖαν

80 533 369 615 παραθέξασθαι”
347 559 391 600 αν
405 561 436 601 τι
451 537 484 613 ἐς
499 532 606 619 αύτην
620 537 821 603 καταποθέν.
844 540 873 603 8.
890 536 973 604 ἐπ’
953 550 1091 622 αγνοείν

82 635 230 698 ἐοίκασιν
240 635 276 698 oc
284 638 429 698 τοιοῦτοι
442 629 485 711 ώς
496 639 667 718 ποιητικῆς
678 633 740 718 μὲν
747 637 808 700 καλ
819 633 1019 724 ποιημάτων
1028 631 1082 700 άλ-
1138 631 1143 674 ³

81 737 134 796 λαι
147 722 359 848 ύιιοσηέσεις
353 731 416 798 καλ
425 731 565 807 κανόνες
570 735 672 815 ίδιοι,
686 735 832 816 ίστορίας
844 732 882 798 δὲ
891 729 1000 799 άλλοί
1024 711 1095 796 ἐκεῖ

81 830 142 910 μὲν
158 825 224 912 γάρ
237 824 380 914 άκρατης
395 855 416 945 η
403 825 603 942 ’ἐλευθερία
617 831 708 896 καὶ
687 830 789 914 νόμος
801 825 914 911 εἷς,
879 855 917 896 το
930 829 1032 908 δόξαν
1043 833 1093 915 τῷ

82 931 217 1011 ποιητῇ·
234 923 357 1002 ἔνθεος
369 925 433 1011 γάρ
436 928 514 992 καλ
513 925 652 1010 κάτοχος
665 927 701 992 ἔκ
712 927 880 1010 Μονσών,
898 922 965 993 κάν
975 929 1095 992 ιππων

82 1019 281 1104 ὑποπτέρων
295 1019 385 1107 άρμα
403 1021 579 1118 ζεύξασθαι
597 1019 778 1109 ἐθέλη,
734 1050 799 1090 καν
815 1021 869 1108 ἐφ’
887 1022 1010 1101 ύθατος
1020 1022 1095 1111 άλ-
1109 1038 1139 1088 10

82 1113 198 1203 λουςῆ
221 1116 273 1185 ἐπ’
290 1109 481 1204 ἀνθερίκων
498 1118 611 1208 άκρων
631 1123 860 1209 θευσομένους
881 1117 1094 1239 άναβιβάόη-

82 1242 135 1284 ται
143 1217 305 1301 ,φθόνος
315 1214 440 1302 οὐθείς,
457 1215 561 1285 ούθὲ“
547 1219 674 1285 οιιάταν
685 1244 702 1284 ο
690 1215 800 1294 Ζεύς
812 1215 923 1283 αὐτῶν
934 1215 1000 1283 άπὸ
1012 1223 1089 1302 μιᾶς

83 1321 196 1396 σειρᾶς
208 1309 401 1392 ἀνασπάσας
412 1307 547 1402 αίωρῆ“
530 1321 616 1399 ομοῦ
625 1323 689 1408 γῆν
699 1319 753 1382 καί
765 1315 947 1400 θάλατταν,
960 1318 1089 1390 ’δεδίασι

83 1411 126 1497 μὴ
143 1408 386 1529 ἀπορραγείσης
396 1409 523 1498 ἐκείνης
534 1411 741 1500 συντριβη
704 1439 744 1479 τα
754 1413 862 1478 πάντα
852 1400 1098 1498 κατενεηθέν-ι

84 1532 138 1574 τα·
161 1504 245 1575 ἀλλὰ
260 1505 325 1575 κάν
335 1505 562 1628 Ἀγαμέμνονα
579 1511 748 1575 ἐπαινέσαι
763 1493 926 1591 θέλωσιν,
948 1503 1085 1583 οὐδεὶς
1071 1531 1095 1571 ο

86 1604 249 1674 κωλύσων
263 1609 321 1672 Διὶ
338 1607 399 1689 μὲν
421 1603 525 1673 αύτόν
540 1603 659 1690 ὅμοιον
680 1603 819 1671 εἶναι
784 1630 846 1689 την
867 1602 1018 1689 κεφαλην
1034 1582 1140 1668 καΓ

87 1699 122 1766 τά
142 1699 289 1786 ὄμματα,
313 1700 349 1767 τὸ
368 1705 508 1785 στέρνον
523 1701 560 1769 θέ
574 1709 620 1790 τῷ
637 1699 771 1790 ἀδελφῷ
788 1699 893 1768 αὐτοῦ
905 1709 952 1790 τῷ
966 1699 1090 1767 Ποσει-

87 1801 184 1882 λώνι,
200 1795 261 1882 τὴν
273 1796 308 1864 δὲ
320 1798 428 1884 ζώνην
439 1805 484 1886 τῷ
492 1797 597 1884 Ἄρει,
612 1801 667 1865 καὶ
678 1796 764 1875 ὅλως
775 1797 944 1866 σύνθετον
956 1800 991 1866 ἐκ
1002 1798 1091 1864 πάν-

85 1919 152 1960 των
178 1901 272 1960 θεῶν
291 1896 450 1979 γενέσθαι
471 1899 524 1961 δεῖ
541 1893 601 1962 τόν
616 1894 753 1977 Ἀτρέως
770 1899 824 1963 καὶ
842 1893 1015 1980 Ἀερόπης·
1048 1891 1096 1959 ού

84 1989 149 2075 γάρ
164 1988 280 2068 ἱκανὸς
295 1987 313 2057 ὁ
329 1989 413 2069 Ζεύς
430 1987 508 2057 οὐδὲ
524 1987 542 2057 6
557 1995 731 2058 Ποσειδῶν
745 1989 824 2058 0666
838 1990 856 2059 6
874 1992 972 2076 ’Ἀρης
987 1990 1099 2108 μόνος

85 2093 222 2166 ἕκαστος
239 2086 479 2209 ἀναπληρῶσαι
488 2113 525 2155 το
514 2086 657 2166 κάλλος
671 2086 785 2155 αὐτοῦ.
813 2116 835 2173 η
822 2087 978 2172 ίστορία
996 2083 1067 2152 δι”
1045 2108 1095 2170 ηνΙ

85 2214 159 2257 τινα
176 2179 358 2255 κολακείαν
374 2183 539 2306 τοιαύτην
551 2187 742 2275 προσλάβῃ,
762 2193 796 2254 τί
810 2180 928 2268 άλλοη
945 2182 1023 2268 πεζή
1040 2188 1101 2258 τις

84 2283 238 2372 ποιητίκη
244 2291 427 2371 γίγνεται,
435 2287 498 2372 της
514 2279 766 2384 μεγαλοφωνίας
782 2287 823 2371 μὲ
824 2309 844 2350 ν
858 2286 985 2390 ἐκείνης
998 2275 1101 2351 ἐσιέ-Ι

84 2385 230 2506 ρημένη,
255 2406 317 2468 την
332 2377 453 2468 λοιιιην
472 2385 516 2449 δὲ·
530 2391 700 2469 τερατείαν
719 2382 853 2488 γυμνην
867 2383 946 2450 τών
960 2381 1099 2468 μέιρωνῑ
1140 2447 1143 2456 ,

31 2525 37 2539 ·
84 2484 137 2550 καλ
161 2477 204 2548 δι’
235 2477 315 2547 αὐτὰ
338 2483 576 2604 ἐπισημοτέραν
599 2479 824 2569 ἐκφαίνουσα,
848 2479 937 2568 μέγα
960 2487 1092 2561 τοίνυν,
1107 2492 1143 2546 ll'

86 2587 215 2664 μάλλον
232 2575 302 2644 6
282 2583 451 2664 υπέρμεγα
466 2602 564 2650 τουτο
578 2581 700 2666 κακόν,
718 2588 748 2650 εί
756 2607 801 2668 μη
790 2580 915 2667 εἰδείη
929 2605 978 2658 τις
990 2585 1090 2664 χωρί

86 2687 152 2762 ζειν
164 2678 204 2747 τά
217 2684 326 2763 ίστορί
324 2705 361 2757 ας
311 2677 472 2747 ἐκαὶ
436 2703 475 2747 τα
487 2701 673 2767 ποιητικης,
689 2678 761 2748 ἀλλ’
775 2679 938 2766 ἐπεισάγει
949 2703 989 2764 τη
975 2683 1094 2746 ίστο

87 2786 140 2867 ρία
151 2775 193 2845 τά
204 2785 262 2862 τῆς
274 2779 384 2896 ἕιέρας
393 2777 605 2864 κομμώματα,
616 2775 677 2844 τὸν
687 2784 801 2864 μῦθον
810 2781 863 2844 καί
875 2803 911 2845 το
900 2776 1096 2862 ἐγκώμιον

86 2880 138 2944 καὶ
153 2873 218 2953 τάς
226 2878 272 2941 Ιἐν
280 2876 410 2954 τούτοις
423 2875 627 2964 ὑπερβολάς,
645 2873 756 2958 ώσιτερ
770 2870 815 2941 άν
832 2885 865 2942 εί
874 2899 924 2952 τις
938 2871 1098 2958 άθλητην

86 2979 152 3040 τών
173 2980 348 3058 καρτερῶν
365 2974 494 3046 τούτων
514 2976 568 3043 καὶ
587 2977 715 3060 κομιθη
729 2980 895 3059 πρινίνων
915 2970 1098 3054 ἁλουργίσι

85 3071 261 3158 περιβάλοι
277 3065 396 3162 καὶτῷ
416 3071 504 3161 άλληι
526 3074 638 3162 κύσμφ
659 3079 706 3160 τῷ
724 3074 876 3160 ἑταιρικῷ
890 3070 946 3137 καί
967 3074 1097 3152 φυκίον

87 3174 233 3257 ἐντρίβοι
248 3173 304 3238 καὶ
293 3171 482 3292 ψιμύθιον
492 3177 537 3259 τῷ
552 3171 733 3271 προσώπῳ,
746 3164 955 3268 Ἡράκλεις*
931 3192 976 3245 ως
989 3191 1097 3233 nuta-'t

85 3273 247 3354 γέλαστον
260 3266 365 3336 αὐτὸν
375 3266 598 3353 ἀπεργάσαιτο
609 3261 813 3356 αλσηύνας
782 3289 828 3333 τι
815 3265 957 3355 ἰώσμφ
963 3265 1103 3354 ἐκείνην

85 3373 113 3434 9.
132 3365 243 3436 καΓ
204 3393 246 3435 ου
259 3367 358 3435 τοῦτό
373 3393 475 3453 φημι,
491 3364 536 3444 ὡς
551 3365 623 3452 ούχλ
638 3368 693 3434 καὶ
708 3369 897 3435 ἐπαινετέον
912 3368 951 3434 ἐ
927 3369 1093 3453 νίίστορηι
