2575 3842
181 198 220 260 28
538 201 840 259 ΛΟΥΚΙΑΝΟΤ

181 360 235 424 καὶ
252 358 359 425 πάντα
376 354 397 449 ᾖ
414 363 726 445 παρεσκευασμένα,
748 356 803 425 διά
827 365 925 425 τοῦτο
940 361 976 426 έν
995 359 1106 444 μέσοις
1119 371 1192 434 τοῖς

181 455 326 539 πέμμασι
340 460 394 524 καί
408 472 476 535 τοῖς
490 454 619 543 ὀρνέοις
632 460 687 524 καὶ
701 457 822 523 λοπάσι
835 457 1010 533 τοσαύταις
1024 459 1078 524 καὶ
1089 457 1191 522 συσὶν

181 549 308 637 ἀγρίοις
323 555 377 620 καί
392 564 533 640 λαγωοῖς
549 558 604 622 καὶ
624 553 858 641 ὑπογαστρίοις
873 557 930 622 καὶ
945 557 1114 639 σαπέρδην
1131 555 1190 619 ε’ν-

180 648 297 733 θήσεις
313 652 369 717 καὶ
385 657 492 735 ἔτνος,
511 651 561 719 ὅτι
577 650 711 719 κάκεῖνο
728 652 991 736 παρεσκεύαστο,
1013 648 1191 736 ἀμελήσεις

181 748 217 815 δέ
239 756 307 815 τῶν
329 747 575 836 εὐτελεστέρων.
609 757 661 821 57.
681 751 822 837 μάλιστα
843 753 879 820 δέ
899 753 1135 837 σωφρονητέον
1151 752 1189 816 έν

181 861 251 925 ταῖς
266 853 334 914 τῶν
355 845 480 933 ὀρῶυῆ
500 857 617 935 τειχῶν
636 847 658 935 ἢ
678 857 836 937 ποταμῶν
857 854 1059 936 ἑρμηνείαις,
1083 846 1127 924 ῶς
1141 846 1190 932 μὴ

182 943 327 1029 δύναμιν
342 945 453 1030 λόγων
474 943 702 1031 ἀπειροκάλως
716 953 1036 1033 παρεπιδείκνυσθαι
1055 950 1192 1029 δοκοίης

182 1044 235 1108 καί
259 1038 294 1107 τδ
316 1050 442 1110 σαυτοῦ
464 1049 548 1131 δρᾶν
568 1047 684 1128 παρεὶς
702 1043 763 1130 τὴν
785 1049 949 1128 ἱστορίαν,
977 1042 1049 1112 ἀλλ’
1072 1041 1191 1129 ὀλίγον

182 1139 456 1226 προσαψάμενος,
477 1149 539 1210 τοῦ
552 1149 716 1227 χρησίμου
730 1145 785 1209 καί
807 1149 936 1228 σαφοῦς
951 1144 1065 1225 ἕνεκα,
1087 1166 1191 1225 μετα-

183 1235 440 1324 βήσηέκφυγῶυ
457 1238 516 1306 τὸν
532 1238 604 1318 ίξόν
619 1238 680 1306 τόν
690 1242 727 1306 έν
740 1246 786 1329 τῶ
796 1240 964 1325 πράγματι
976 1240 1031 1305 καὶ
1047 1236 1108 1323 την
1117 1263 1191 1303 τοι-

183 1335 289 1419 αῦτην
304 1332 438 1402 άπασαν
452 1343 616 1422 λιχνείαν,
638 1332 711 1404 οἷον
726 1335 806 1426 ὁρᾷς
821 1340 874 1404 καί
888 1334 1031 1422 Ὅμηρος
1051 1333 1069 1401 ὁ
1084 1361 1191 1420 μεγα-

183 1433 321 1517 λόφρων
336 1446 437 1500 ποιεῖ·
460 1440 566 1500 καίτοι
577 1432 713 1519 ποιητὴς
726 1431 774 1501 ῶν
785 1446 933 1521 παραθεῖ
940 1432 1000 1501 τόν
1015 1436 1190 1502 Τάνταλον·

183 1527 306 1596 καὶτὸν
316 1526 430 1608 Ἰξίονα
441 1534 494 1596 καί
506 1530 565 1596 τόν
576 1529 697 1598 Τιτυὸν
708 1535 762 1598 καί
772 1530 851 1610 τοῦς
862 1531 991 1610 άλλους.
1009 1538 1039 1600 εί
1049 1533 1084 1598 δὲ
1093 1539 1187 1614 Παρ-

133 1652 168 1708 66
184 1629 298 1703 θέντος
312 1623 334 1711 ἢ
349 1625 529 1712 Εὐφορίων
544 1625 783 1714 ῦΚαλλίμαχος
801 1635 908 1714 ἔλεγε,
932 1630 1049 1707 πόσοις
1063 1625 1107 1696 άν
1125 1638 1191 1696 οῖει

184 1731 277 1793 ἔπεσι
287 1723 323 1791 τό
338 1724 430 1810 ὕδωρ
445 1725 520 1812 άχρι
533 1725 663 1812 πρόςτδ
674 1737 780 1812 χεῖλος
790 1735 851 1794 τοῦ
863 1728 1036 1795 Ταντάλου
1046 1725 1189 1812 ἤγαγεν;

185 1822 252 1890 εἶτα
268 1822 383 1901 πόσοις
398 1820 441 1891 άν
455 1821 569 1903 Ἰξίονα
586 1827 733 1904 έκῦλισε;
755 1832 883 1911 μᾶλλον
896 1827 933 1892 δέ
946 1823 964 1893 ὁ
979 1828 1191 1909 Θουκυδίδης

184 1917 283 1997 αὐτὸς
295 1916 388 2004 ὀλίγα
400 1929 445 2011 τῷ
458 1923 597 2013 τοιούτῳ
611 1928 690 1991 εῖδει
701 1929 762 1988 τοῦ
776 1923 880 2008 λόγου
894 1922 1100 2008 χρησάμενος
1112 1923 1191 1988 σκέ-

184 2031 243 2096 φαι
263 2015 353 2095 ὅπως
376 2016 481 2097 εῦθῦς
503 2017 679 2106 άφίσταται
699 2016 720 2106 ἢ
742 2022 917 2106 μηχάνημα
943 2020 1147 2106 ἑρμηνεύσας
1166 2016 1190 2103 η’

183 2120 375 2200 πολιορκίας
390 2122 496 2200 σχῆμα
513 2119 681 2202 δηλώσας,
702 2115 886 2203 άναγκαῖον
899 2120 953 2185 καὶ
968 2121 1122 2202 χρειῶδες
1136 2117 1190 2198 όν,

181 2209 204 2299 ἦ
218 2209 401 2280 Ἐπιπολῶν
412 2221 519 2299 σχῆμα
531 2211 805 2300 ἢΣυρακουσίωυ
815 2221 946 2301 λιμένα·
962 2216 1043 2284 ὅταν
1051 2219 1113 2302 μὲν
1123 2213 1190 2300 γάρ

183 2309 242 2377 τόν
258 2307 376 2393 λοιμόν
391 2315 540 2397 διηγῆται
555 2317 609 2379 καὶ
622 2313 749 2398 μακρός
762 2314 845 2383 εἶναι
858 2321 955 2402 δοκῇ,
971 2314 1014 2382 σῦ
1029 2313 1068 2382 τά
1080 2315 1190 2398 πράγ-

183 2434 268 2494 ματα
284 2408 462 2493 ἐννόησον·
485 2419 556 2498 είση
567 2409 632 2496 γάρ
647 2410 735 2479 οὕτω
750 2410 786 2481 τό
802 2415 899 2500 τάχος
914 2416 969 2481 καί
983 2411 1026 2491 ῶς
1040 2413 1191 2499 φεῦγον-

183 2533 238 2584 τος
263 2503 352 2591 ὅμως
376 2508 633 2594 ἐπιλαμβάνεται
659 2510 765 2579 αῦτοῦ
787 2511 827 2579 τά
852 2517 1057 2599 γεγενημένα
1081 2511 1190 2580 πολλοὶ

184 2603 275 2671 όντα.
298 2609 348 2673 58.
362 2599 406 2690 ἦν
417 2607 457 2672 δέ
467 2630 545 2674 ποτε
561 2608 617 2675 καί
630 2608 753 2694 λόγους
764 2613 905 2694 ἐροῦντά
917 2638 993 2678 τινα
1007 2612 1108 2699 δεήση
1121 2615 1192 2678 είσ-

184 2703 295 2787 άγειν,
317 2703 459 2786 μάλιστα
475 2706 536 2789 μὲν
557 2707 687 2773 ἐοικότα
702 2715 748 2796 τῷ
764 2710 931 2800 προσῶπφ
949 2710 1003 2777 καί
1019 2715 1065 2798 τῷ
1081 2708 1190 2794 πράγ-

184 2826 261 2885 ματι
281 2804 384 2866 οίκεῖα
405 2805 571 2888 λεγέσθω,
599 2810 710 2872 ἔπειτα
733 2803 776 2883 ῶς
797 2808 984 2892 σαφέστατα
1004 2811 1058 2874 καί
1075 2815 1187 2874 ταῦτα.

183 2894 272 2984 πλὴν
295 2899 423 2983 ἐφεῖταί
436 2919 489 2967 σοι
509 2902 583 2968 τότε
598 2904 654 2969 καὶ
668 2905 866 2990 ῥητορεῦσαι
883 2907 937 2972 καλ
957 2908 1114 2985 ἐπιδεῖξαι
1128 2902 1191 2990 τὴν

184 3003 251 3063 τῶν
264 2996 373 3081 λόγων
390 2998 571 3085 δεινότητα.
594 3005 644 3068 59.
665 3007 795 3068 ἔπαινοι
806 3000 943 3088 μὲνγὰρ
954 2999 975 3088 ἦ
987 3002 1086 3089 ψόγοι
1097 3004 1191 3070 πάνυ

133 3112 167 3168 67
185 3098 399 3180 πεφεισμένοι
415 3098 470 3164 καί
484 3102 756 3184 περιεσκεμμένοι
776 3102 831 3168 καί
851 3099 1121 3188 ἀσυκοφάντητοι
1136 3105 1192 3170 καὶ
1280 3150 1281 3191 η

182 3192 263 3280 μετά
279 3192 481 3274 ἀποδείξεων
494 3199 549 3263 καὶ
560 3211 668 3281 ταχεῖς
680 3200 734 3265 καί
748 3196 792 3285 μη
805 3198 954 3286 άκαιροι,
970 3204 1040 3268 ἐπεὶ
1054 3206 1115 3281 ἔξω
1129 3209 1191 3269 τοῦ
1280 3214 1281 3219 ’

182 3296 397 3374 δικαστηρίου
409 3293 532 3360 ἐκεῖνοί
541 3300 613 3377 είσι,
628 3296 684 3362 καὶ
693 3293 757 3381 τὴν
767 3294 874 3382 αὐτὴν
882 3298 1070 3390 Θεοπόμπῳ
1081 3306 1191 3368 αἰτίαν

182 3392 264 3470 ἕξεις
288 3393 591 3477 φιλαπεχθημόνως
613 3403 855 3480 κατηγοροῦντι
871 3405 939 3464 τῶν
958 3406 1121 3468 πλείστων
1136 3403 1191 3468 καὶ
