2575 3842
309 183 575 242 οΝΕιΡοΣιι
594 181 911 238 κατεσκεύασα.
1053 177 1116 243 385
1145 165 1148 171 ’

97 349 241 409 τοιαῦτα
259 340 365 408 πολλὰ
381 338 482 408 οὐδὲν
502 344 649 428 δεομένῳ
664 345 950 422 προσφιλοσοφῶν
971 344 1117 423 συνείρει

100 441 159 506 καὶ
177 437 377 522 ὑπετέμνετο
396 435 458 523 τὴν
481 437 700 523 εὐφροσύνην
720 434 783 502 ούκ
804 438 869 502 ἐῶν
889 433 1028 503 ἀκούειν
1048 443 1116 502 τῶν

99 535 349 618 κιθαριζόντων
360 531 382 620 ἢ
393 533 555 624 ᾀδόντων.
580 541 712 602 τοιοῦτο
724 537 786 618 μέν
796 552 860 618 σοι,
874 526 901 599 ἀ
912 530 1114 617 ἀλεκτρυών,

99 633 139 702 τὸ
157 639 304 702 δεῖπνον.

189 766 322 828 ΑΛΕΚ.
347 756 418 846 Ούχ
429 757 583 846 ἥδιστον,
601 751 809 841 ιδΜίκυλλε,
824 759 879 824 καὶ
893 756 1035 842 μάλιστα
1048 759 1114 828 ἐπεί

101 857 369 942 συνεκληρώθης
383 864 428 945 τῷ
444 857 535 946 λη’ρφ
550 860 666 947 ἐκείνῳ
681 858 822 942 γέροντι.

190 989 240 1050 12.
259 990 357 1050 MIK.
370 981 492 1051 ’Ἄκουε
506 987 542 1051 δὲ
554 983 617 1070 ἤδη
630 983 686 1050 καί
697 979 733 1048 τδ
747 981 925 1049 ἐνύπνιον·
945 979 1040 1069 ᾤμην
1050 978 1114 1065 γάρ

100 1081 165 1148 τδν
178 1079 357 1166 Εὐκράτην
373 1079 478 1150 αὐτόν
499 1081 623 1150 άπαιδα
645 1079 725 1148 όντα
749 1077 812 1147 ούκ
835 1077 897 1146 οἷδ’
921 1078 1010 1157 ὅπως
1032 1078 1118 1145 ἀπο-

100 1179 284 1265 θνήσκειν,
309 1177 377 1246 εἶτα
398 1180 671 1265 προσκαλέσαντά
689 1204 729 1263 με
752 1181 806 1245 καὶ
828 1177 993 1263 διαθήκας
1013 1183 1115 1262 θέμε-

102 1302 181 1362 νον,
198 1279 236 1343 ἐν
252 1273 302 1355 αἷς
317 1274 335 1344 ὁ
352 1279 560 1366 κληρονόμος
572 1271 616 1363 ἦν
631 1275 791 1344 ἀπάντων
807 1275 890 1359 ε’γιό,
906 1273 1027 1359 μικρόν
1044 1276 1115 1340 ε’πι-

102 1373 225 1458 σχόντα
246 1371 450 1444 ἀποθονεῑν·
479 1374 624 1462 ἐμαυτὸν
641 1374 677 1441 δὲ
694 1372 907 1458 παρελθόντα
930 1375 963 1450 ἐς
976 1370 1038 1458 τὴν
1053 1369 1116 1440 ού-

101 1478 180 1538 σίαν
196 1468 233 1539 τό
251 1473 313 1558 μὲν
328 1480 467 1559 χρυσίον
481 1477 536 1542 καὶ
554 1469 590 1540 τδ
607 1470 771 1558 ἀργύριον
786 1473 954 1550 ἐξαντλεῖν
969 1471 1117 1554 σκάφαις

101 1572 167 1636 τισὶ
183 1570 341 1655 μεγάλαις
357 1569 480 1639 ἀέναόν
495 1598 530 1639 τε
552 1574 606 1638 καὶ
620 1566 708 1637 πολύ
724 1570 895 1653 ἐπιρρέον,
917 1568 957 1634 τά
972 1565 1003 1634 δ’
1021 1564 1115 1650 ἀλλα,

103 1661 165 1749 τὴν
183 1667 308 1752 ἐσθῆτα
328 1669 382 1736 καὶ
398 1672 557 1753 τραπέζας
578 1669 632 1735 καὶ
653 1662 830 1752 ἐκπώματα
848 1669 902 1734 καὶ
923 1667 1114 1752 διακόνους,

103 1761 214 1830 πάντα
229 1760 290 1847 ἐμά
307 1763 351 1842 ὡς
366 1763 401 1831 τὸ
421 1762 507 1844 είκός
524 1765 616 1832 εἶναι.
642 1763 709 1832 εἶτα
724 1764 909 1849 ἐξήλαυνον
924 1767 975 1832 ἐπὶ
992 1771 1116 1832 λευκοῦ

104 1858 258 1944 ζεύγους,
276 1860 493 1945 ἐξυπτιάζων,
511 1867 725 1946 περίβλεπτος
741 1859 844 1928 άπασι
858 1876 927 1939 τοίς
942 1861 1043 1946 ὁρῶσι
1059 1864 1114 1930 καὶ
1134 1873 1185 1929 720

104 1961 298 2041 ἐπίφθονος.
321 1960 376 2026 καί
393 1959 560 2042 προέθεον
575 1958 691 2025 πολλοί
705 1960 759 2025 καὶ
770 1966 981 2041 προίππενον
996 1961 1051 2026 καὶ
1068 1962 1115 2025 εἴ·

103 2079 207 2123 ποντο
222 2062 364 2135 πλείους.
387 2057 451 2142 ἐγώ
470 2061 506 2124 δὲ
523 2054 585 2142 την
600 2059 724 2141 ἐσθῆτα
738 2054 800 2142 τήν
815 2059 945 2123 ἐκείνου
961 2063 1046 2141 ἔχων
1061 2060 1115 2124 καί

103 2159 302 2232 δακτυλίους
317 2161 429 2242 βαρεῖς
444 2153 526 2222 ὅσον
538 2159 710 2223 ἑκκαίδεκα
723 2158 901 2242 ἐξημμένος
911 2163 979 2222 τῶν
992 2156 1115 2223 δακτύ-

103 2262 173 2322 λων
194 2255 348 2321 ἐκέλευον
369 2257 514 2322 ἑστίασίν
532 2281 608 2322 τινα
631 2253 788 2341 λαμπράν
807 2253 1066 2340 εὐτρεπισθῆναι
1082 2283 1116 2333 ες

103 2349 274 2439 ὑποδοχὴν
285 2359 352 2420 των
364 2357 487 2437 φίλων·
506 2357 541 2421 σί
549 2353 585 2420 δὲ
598 2350 642 2431 ὡς
654 2357 691 2420 ἐν
702 2352 821 2443 ὀνείρῳ
834 2353 920 2432 είκός
930 2352 993 2440 ἤδη
1006 2360 1115 2439 παρῆ-

104 2472 166 2519 σαν
176 2454 231 2520 καὶ
242 2449 279 2518 τὸ
292 2455 430 2520 δεῖπνον
441 2448 515 2536 ἀρτι
527 2454 731 2537 ἐσεκομίζετο
744 2451 826 2521 καὶὸ
840 2454 940 2531 πότος
951 2473 1114 2539 συνεκρο-

103 2563 196 2618 τεῖτο.
225 2553 262 2616 ἐν
280 2549 387 2641 τούτῳ
403 2549 483 2618 ὅντα
504 2576 546 2636 με
567 2553 622 2618 καὶ
644 2558 837 2638 φιλοτησίας
854 2558 1060 2636 προπίνοντα
1077 2555 1114 2620 ἐν

104 2663 238 2732 χρυσαῖς
260 2649 396 2733 φιάλαις
419 2649 546 2738 ἑκάστῳ
570 2656 639 2716 τῶν
658 2650 837 2735 παρόντων
859 2648 923 2736 ἤδη
946 2659 1007 2718 τοῦ
1028 2661 1114 2720 πλα-

105 2752 244 2820 κοῦντος
259 2748 515 2831 ἐσκομιζομένου
529 2745 721 2834 ἀναβοήσας
733 2747 878 2831 ἀκαίρως
888 2751 1114 2831 συνετάραξας

106 2841 166 2925 μέν
180 2838 260 2925 ἡμίν
277 2840 313 2908 τδ
332 2844 538 2930 συμπόσιον,
554 2843 736 2929 ἀνέτρεψας
747 2842 852 2922 δὲτὰς
864 2849 1037 2929 τραπέζας,
1053 2845 1114 2913 τόν

106 2936 141 3004 δὲ
162 2944 308 3005 πλοῦτον
325 2943 455 3008 ἐκεῖνον
470 2939 658 3028 ὑπηνέμιον
680 2948 843 3028 φέρεσθαι
862 2944 1113 3026 παρεσκεύασας

106 3036 329 3116 διασκεδάσας.
363 3032 429 3122 ἀρά
455 3063 508 3107 σοι
534 3038 663 3127 ἀλόγως
689 3039 914 3128 ἀγανακτῆσαι
941 3039 1023 3108 κατά
1050 3050 1113 3109 σοῦ

105 3141 207 3216 δοκοῖς
230 3137 425 3223 τριέσπερον
436 3133 480 3205 ἀν
492 3137 597 3225 ἡδέως
611 3146 657 3207 ἔτι
670 3138 760 3207 εἶδον
770 3137 830 3208 τὸν
840 3137 975 3223 ὄνειρόν
988 3166 1044 3225 μοι
1055 3167 1112 3226 γε-

105 3261 257 3319 υομενον.

187 3367 236 3430 13.
258 3370 390 3431 ΑΑΕΚ.
414 3365 513 3432 Ούτω
536 3368 739 3454 φιλόχρυσος
758 3364 856 3434 εἶκαὶ
874 3366 1109 3453 φιλόπλουτος,
1129 3375 1177 3429 λλ]

188 3486 290 3526 Luem.
314 3473 346 3528 11.
929 3472 969 3534 25
