2575 3842
204 197 266 261 408
562 205 865 263 ΛΟΥΚΙΑΝΟΤ

204 359 341 426 ἀνωθεν
355 357 556 447 ἀποβλέπων
571 364 625 430 καὶ
640 361 750 449 ῶσπερ
766 359 858 429 ὀποῦ
869 361 1016 449 Ὁμήρου
1029 364 1124 443 Ζεῦς
1139 369 1231 434 ἐκεῖ·

204 484 262 536 νος
277 455 351 542 ἀρτι
366 461 428 542 μὲν
442 456 504 544 τὴν
518 466 586 526 τῶν
596 460 794 528 ἱπποπόλων
805 468 949 549 Θρηκῶν
964 464 1229 549 καθορώμενος,

204 554 279 640 ἀρτι
294 557 331 623 δὲ
351 554 413 642 τὴν
428 563 562 624 Μυσῶν
578 559 633 624 καί
651 556 721 642 μετ’
740 554 872 642 ὀλίγον,
895 564 925 626 εί
938 560 1046 638 δόξειέ
1058 585 1140 645 μοι,
1166 559 1229 646 τὴν
1268 578 1269 657 η

198 652 356 739 Ἐλλάδα,
379 653 442 739 τὴν
455 660 604 738 Περσίδα
618 658 673 722 καὶ
687 654 748 739 τὴν
765 652 917 741 Ἰνδικήν.
941 659 974 737 ἐξ
990 649 1039 723 ῶν
1054 654 1229 726 ἁπάντων

203 759 355 838 ποικίλης
368 749 459 830 τινός
471 750 595 838 ἡδονῆς
610 753 870 838 ἐνεπιμπλάμην.

288 857 433 919 ΕΤΑΙΡ.
458 848 595 919 Οὐκοῦν
609 854 665 918 καὶ
682 858 785 918 ταῦτα
801 856 908 937 λέγοις
924 850 984 936 ἀν,
1002 845 1028 918 ῶ
1042 857 1225 933 Μένιππε,
1268 908 1269 929 ,

203 952 260 1015 ἵνα
275 949 358 1035 μηδὲ
373 946 454 1016 καθ’
473 952 511 1016 ἓν
524 949 784 1034 ἀπολειπώμεθα
797 956 854 1035 τῆς
868 946 1068 1035 ἀποδημίας,
1092 949 1178 1019 ἀλλ’
1199 962 1229 1019 εἰ
1268 948 1269 951 “

203 1053 237 1115 τί
250 1066 303 1114 σοι
319 1049 375 1115 καὶ
391 1045 474 1114 ὁδοῦ
484 1047 657 1134 πάρεργον
671 1048 856 1131 ἱστόρηται,
873 1050 928 1114 καὶ
942 1055 1041 1115 τοῦτο
1057 1053 1224 1136 εἰδῶμεν·

205 1142 249 1222 ῶς
266 1151 371 1230 ἔγωγε
387 1140 451 1212 οῦκ
470 1143 566 1229 ὀλίγα
584 1149 761 1230 προσδοκῶ
775 1141 983 1211 ἀκούσεσθαι
1000 1143 1176 1231 σχήματός
1192 1174 1225 1214 τε
1268 1220 1269 1241 ρ

204 1246 279 1328 πέρι
299 1249 359 1328 γῆς
376 1245 432 1310 καὶ
453 1253 521 1310 τῶν
535 1242 593 1310 ἐπ’
615 1241 718 1328 αὐτῆς
738 1238 912 1326 ἁπάντων,
935 1238 988 1310 οἷά
1003 1263 1058 1310 σοι
1078 1243 1221 1314 ἀνωθεν

206 1344 441 1410 ἐπισκοποῦντι
457 1349 685 1427 κατεφαίνετο.
1268 1372 1269 1431 η

291 1447 402 1508 MEN.
426 1443 491 1508 Καί
512 1440 623 1525 ὀρθῶς
644 1465 700 1524 γε,
726 1430 752 1504 ῶ
774 1440 899 1523 ἑταῖρε,
924 1439 1076 1519 εἰκάζεις·
1099 1441 1222 1520 διόπερ

136 1553 186 1608 765
207 1535 250 1618 ὡς
264 1533 338 1605 οἷόν
353 1563 388 1604 τε
405 1534 533 1624 ἀναβάς
545 1539 598 1605 ἐπὶ
614 1532 677 1621 τὴν
696 1536 842 1621 σελήνην
854 1544 900 1625 τῷ
915 1535 1003 1626 λόγῳ
1020 1538 1221 1622 συναποδή-

205 1661 258 1721 μει
273 1659 308 1700 τε
323 1637 378 1701 καὶ
393 1635 631 1702 συνεπισκόπει
646 1633 708 1720 την
722 1631 805 1720 ὅλην
821 1640 889 1700 τῶν
904 1635 956 1701 ἐπὶ
972 1640 1033 1718 γῆς
1047 1636 1218 1702 διάθεσιν.

207 1739 256 1800 12.
276 1734 331 1799 καὶ
348 1730 482 1816 πρῶτόν
498 1735 539 1817 γε’
550 1758 604 1817 μοι
624 1733 717 1798 πάνυ
733 1729 857 1818 μικράν
874 1728 965 1799 δόκει
978 1729 1054 1798 τινὰ
1072 1729 1139 1818 τὴν
1155 1740 1220 1819 γῆν

206 1831 308 1918 ὁράν,
330 1829 416 1900 πολὺ
441 1835 527 1920 λέγω
549 1840 608 1918 τῆς
630 1829 771 1916 σελήνης
791 1831 1018 1917 βραχυτέραν,
1045 1827 1135 1896 ῶστε
1155 1828 1219 1915 ε’γῶ

206 1929 305 2016 ἀφνω
316 1931 509 2011 κατακόψας
521 1931 573 1998 ἐπὶ
584 1926 671 1996 πολῦ
683 1925 836 2013 ἠπόρουν
845 1934 913 1995 ποῦ
922 1936 973 2012 είη
985 1924 1024 1993 τά
1034 1935 1219 2011 τηλικαῦτα

206 2026 267 2115 ὅρη
282 2031 338 2096 καὶ
350 2025 370 2115 ἡ
385 2029 528 2113 τοσαύτη
540 2029 706 2096 θάλαττα·
728 2029 783 2094 καὶ
795 2035 829 2094 εί
838 2052 875 2111 γε
887 2024 932 2113 μὴ
947 2023 1008 2093 τόν
1017 2023 1150 2093 Ῥόδιον
1160 2053 1218 2094 κο-

206 2125 330 2196 λοσσὸν
341 2128 534 2213 ἐθεασάμην
550 2123 675 2194 καὶτὸν
687 2125 1065 2217 έπὶτῇΦάρφπόργον,
1081 2118 1122 2192 εὖ
1134 2135 1217 2208 ἴσθι,

206 2233 376 2304 παντελῶς
390 2224 433 2293 ἀν
448 2252 488 2313 με
502 2223 524 2312 ἡ
536 2234 580 2311 γῆ
594 2227 738 2292 διέλαθε.
761 2230 828 2290 νῦν
841 2222 878 2290 δὲ
892 2229 995 2290 ταῦτα
1009 2219 1121 2308 ὑψηλά
1134 2221 1218 2289 ὄντα
1267 2216 1269 2225 “

205 2330 260 2395 καὶ
275 2323 563 2411 ὑπερανεστηκότα
575 2325 629 2391 καὶ
640 2320 658 2389 ὁ
669 2319 826 2399 Ὠκεανός
835 2319 942 2408 ἡρέμα
953 2319 1038 2407 πρός
1048 2318 1109 2388 τόν
1119 2319 1217 2406 ἥλιον

205 2425 415 2512 ἀποστίλβων
432 2423 625 2509 διεσήμαινέ
635 2449 693 2508 μοι
704 2429 767 2507 γῆν
784 2419 868 2488 εἶναι
883 2417 922 2487 τό
938 2418 1122 2506 ὁρώμενον.
1148 2422 1215 2488 ἐπεὶ
1266 2402 1268 2423 ’

206 2524 241 2590 δὲ
256 2521 342 2600 ἀπαξ
359 2521 421 2606 τὴν
436 2520 517 2601 όψιν
531 2525 564 2599 ἐς
574 2519 611 2588 τό
624 2519 737 2599 ἀτενές
751 2516 999 2605 ἀπηρεισάμην,
1015 2516 1102 2596 ἀπας
1117 2516 1214 2586 ὁτῶν

205 2616 399 2702 ἀνθρώπων
412 2623 485 2704 βίος
498 2615 562 2703 ἤδη
577 2644 634 2702 μοι
646 2624 882 2705 κατεφαίνετο,
900 2614 942 2684 οῦ
956 2614 1040 2684 κατὰ
1055 2621 1142 2703 ἔθνη
1153 2618 1214 2703 μό-

205 2744 267 2786 νον
283 2717 339 2784 καὶ
356 2716 485 2801 πόλεις,
507 2713 591 2784 ἀλλά
609 2720 664 2785 καλ
687 2715 782 2784 αὐτοὶ
797 2723 913 2803 σαφῶς
933 2720 967 2783 οἱ
986 2716 1160 2800 πλέοντες,
1186 2718 1217 2783 ολ
1265 2714 1266 2783 λ

135 2834 187 2892 λ66
206 2823 444 2903 πολεμοῦντες,
467 2820 502 2884 οί
519 2823 764 2901 γεωργοῦντες,
787 2820 819 2884 οί
841 2811 1130 2899 δικαζόμενοι,τά
1155 2815 1215 2899 γό-
1265 2888 1266 2891 ¹

204 2943 297 3000 ναια,
312 2913 352 2982 τά
367 2921 488 3002 θηρία,
504 2915 558 2982 καὶ
569 2910 676 2982 πάνθ’
689 2912 803 2992 ἁπλῶς
814 2911 922 2981 ὁπόσα
936 2915 1051 2997 τρέφει
1063 2915 1214 2998 ζείδωρος

203 3039 342 3100 αρουρα.

285 3119 432 3179 ΕΤΑΙΡ.
454 3117 632 3188 Παντελῶς
652 3107 805 3178 ἀπόθανα
824 3107 890 3196 φὴς
905 3118 1009 3179 ταῦτα
1026 3111 1082 3178 καὶ
1104 3107 1214 3188 αὑτοῖς

202 3208 400 3276 ὑπεναντία·
423 3204 460 3286 δς
473 3204 539 3293 γάρ
551 3206 686 3294 ἀρτίως,
707 3202 735 3276 ῶ
749 3212 924 3293 Μένιππε,
940 3206 1002 3294 τὴν
1015 3216 1081 3294 γῆν
1097 3210 1212 3293 ἐζήτεις

203 3303 269 3372 ῦπό
290 3314 353 3372 τοῦ
366 3304 489 3392 μεταξὺ
508 3307 727 3392 διαστήματος
749 3311 782 3386 ές
802 3305 910 3395 βραχῦ
931 3312 1210 3394 συνεσταλμένην,

203 3402 258 3466 καὶ
279 3411 312 3467 εί
323 3427 361 3485 γε
376 3402 421 3488 μὴ
445 3403 462 3472 ὁ
483 3402 645 3482 κολοσσός
665 3407 813 3491 ἐμήνυσέ
831 3426 901 3491 σοι,
923 3407 1005 3491 τάχα
1021 3401 1066 3473 ἀν
1082 3405 1165 3474 ἄλλο
1181 3433 1212 3472 τι
1250 3411 1265 3531 ἠ

1245 3622 1264 3797 ι
