2575 3842
517 193 609 254 ΕΡΩ
620 196 718 252 Tm
1056 193 1118 256 213

113 359 217 429 λείαις
234 354 456 438 ἐστρωμένον,
481 349 551 420 ἀλλ’
570 348 613 430 ῶς
627 353 664 419 έν
682 349 876 439 Ἀφροδίτης
889 353 979 420 ἀπαυ
996 348 1038 440 ήυ
1059 355 1119 439 γό-

113 475 213 536 νιμον
233 447 366 534 ἡμέρων
386 458 542 534 καρπῶν,
568 448 591 516 δι’
617 464 688 527 ταῖς
708 452 825 536 κόμαις
847 449 1025 519 εὐθαλέσιυ
1044 452 1119 537 ἀχρι

114 545 230 630 πόρρω
245 547 392 633 βρύοντα
413 546 473 614 τόν
488 548 580 632 πέριξ
598 545 680 632 ἀέρα
700 547 934 632 συνωρόφουυ.
964 551 1118 632 περιττόν

114 670 153 728 γε
177 643 244 729 μήν
271 642 291 730 ἡ
324 646 560 729 πυκνόκαρπος
589 645 738 729 έτεθήλει
764 651 908 730 μυρρίνη
938 644 1027 729 παρά
1057 643 1119 730 τήν

115 743 295 806 δέσποιναν
310 739 411 826 αὐτῆς
428 739 569 826 δαψιλής
585 756 755 828 πεφυκυῖα
769 749 837 807 τῶν
852 767 887 808 τε
900 751 1027 810 λοιπῶν
1043 746 1119 809 δέν-

114 842 205 920 δρων
219 838 375 923 ἕκαστον,
397 837 460 907 όσα
475 839 619 917 κάλλους
638 848 843 925 μετείληχεν·
866 838 940 908 οὐδ’
957 839 1040 908 αὐτοὶ
1062 843 1119 926 χέ-

114 959 232 1018 ροντος
248 933 312 1021 ήδη
332 937 457 1020 χρόνον
477 935 575 1003 πολιά
593 937 817 1021 καθαόαινεν,
841 934 914 1004 ἀλλ’
938 936 994 1004 ὑπ’
1013 935 1119 1023 ἀκμῆς

114 1040 307 1116 σφριγῶντα
323 1037 409 1111 νέοις
422 1035 547 1101 κλωσίν
556 1027 601 1118 ήν
618 1031 710 1118 ῶρια.
731 1034 862 1112 τούτοις
878 1032 908 1100 δ’
921 1033 1118 1120 ἀνεμέμικτο

113 1133 168 1198 καὶ
177 1131 216 1197 τά
228 1138 364 1214 καρπῶν
374 1135 435 1217 μὲν
444 1130 550 1210 ἄλλως
561 1129 677 1216 ἀχονα,
689 1130 750 1216 τήν
760 1131 791 1198 δ’
805 1131 992 1217 εὐμορφίαν
1002 1139 1117 1219 ἔχοντα
1135 1141 1188 1195 410

114 1229 260 1310 καρπόν,
281 1235 491 1311 κυπαρίττων
505 1255 543 1315 γε
562 1232 617 1297 καί
634 1236 863 1297 πλατανίστων
880 1234 1013 1316 αἰθέρια
1031 1230 1118 1317 μήκη

114 1326 169 1392 καὶ
184 1323 248 1390 σύν
263 1323 377 1403 αὐταῖς
392 1324 574 1411 αὐτόμολος
592 1324 784 1413 Ἀφροδίτης
800 1325 820 1413 ἡ
834 1336 891 1414 τῆς
911 1335 997 1395 θεοῦ
1016 1328 1119 1395 πάλαι

114 1421 225 1507 φυχάς
240 1423 375 1508 Δάφνη.
398 1432 499 1490 παντί
511 1449 548 1509 γε
564 1422 630 1509 μήν
648 1427 775 1514 δέυδρφ
791 1423 1044 1511 περιπλέχδηυὸ
1061 1430 1119 1509 φί-

116 1529 217 1603 λερως
232 1527 450 1606 προσείρπυζε
466 1522 583 1599 κιττός.
606 1519 808 1607 ἀμφιλαφεῖς
822 1521 962 1608 ἄμπελοι
980 1536 1118 1600 πυκνοῖς

113 1617 316 1704 κατήρτηντο
337 1619 514 1705 βότρυσιν·
545 1623 746 1705 τερπνοτέρα
763 1618 826 1704 γὰρ
845 1619 1019 1706 Ἀφροδίτη
1036 1616 1117 1705 μετά

113 1713 290 1785 Διονύσου
304 1719 359 1785 καὶ
369 1715 405 1784 τό
419 1715 498 1802 παρ’
513 1715 638 1802 ἀμφοῖν
647 1714 713 1802 ήδύ
728 1719 932 1803 σύχκρατου,
949 1724 979 1784 εί
988 1715 1019 1784 δ’
1034 1715 1120 1783 ἀπο-

114 1820 282 1899 ζευχθεῖευ
295 1811 463 1900 ἀλλήλων,
477 1807 577 1900 ήττου
590 1813 841 1900 εὐφραίνουσιν.
863 1808 908 1900 ήν
923 1813 954 1881 δ’
971 1813 1037 1882 ὑπδ
1049 1828 1119 1890 ταῖς

114 1911 201 1997 ἀμαυ
216 1920 421 1990 παλινσκίοις
436 1910 530 1990 ὕλαις
551 1913 661 1995 ίλαραλ
678 1916 800 1976 κλισίαι
820 1925 887 1986 τοῖς
909 1914 1119 1978 ένεστιᾶσθαι

115 2014 291 2095 θέλουσιν,
319 2018 364 2088 είς
392 2008 414 2077 ἀ
434 2019 501 2078 τῶν
521 2011 582 2096 μὲν
602 2007 747 2076 ἀστικῶν
768 2014 915 2086 σπανίως
936 2011 1119 2092 ἐπεφοίτων

114 2111 218 2191 τινές,
239 2106 365 2193 ἀθρόος
380 2105 412 2175 δ’
428 2108 446 2175 ὁ
464 2106 743 2190 πολιτικδςόχλος
763 2104 1003 2190 έπανηχύριζευ
1016 2103 1120 2181 όντως

114 2206 412 2293 ἀφροδισιάζοντες.
430 2213 480 2276 13.
493 2209 560 2275 ἐπεὶ
573 2205 604 2275 δ’
617 2210 739 2281 ἱκανῶς
749 2217 817 2281 τοῖς
828 2217 944 2288 φυτοῖς
954 2205 1118 2287 ἐτέρφθη·
1136 2208 1187 2262 4ll

114 2330 193 2390 μεν,
212 2314 289 2372 είσω
305 2310 365 2370 τοῦ
382 2301 446 2372 νεῶ
462 2304 655 2392 παρῄειμεν.
684 2299 784 2388 ἡμὲν
799 2294 863 2368 οὐν
882 2297 964 2378 θεὸς
979 2303 1015 2368 έν
1030 2301 1119 2389 μέσφ

114 2406 314 2487 καθίδρυται
331 2444 368 2454 -
386 2410 514 2488 Παρίας
530 2402 565 2472 δέ
582 2410 683 2471 λίθου
700 2405 863 2487 δαίδαλμα
884 2400 1062 2467 κάλλιστου
1076 2442 1120 2452 -

114 2499 333 2586 ὑπερήφανον
354 2505 409 2568 καὶ
426 2502 579 2588 σεσηρόσι
601 2503 717 2585 γέλωτι
739 2498 860 2585 μικρόν
883 2495 1117 2583 ὐπομειδιῶσα.

116 2606 182 2665 πᾶν
202 2600 237 2665 δὲ
263 2597 299 2665 τδ
321 2601 442 2678 κάλλος
464 2599 565 2686 αὐτῆς
588 2596 781 2667 ἀκάλυπτον
804 2596 960 2683 οὐδεμιᾶς
979 2599 1119 2681 ἐσθῆτος

124 2693 324 2781 ἔμπεχούσης
340 2697 566 2783 χευύμυωται,
592 2695 680 2782 πλήν
701 2695 763 2763 ὅσα
784 2704 822 2783 τῇ
844 2699 936 2783 ἑτέρᾳ
957 2697 1041 2780 χειρὶ
1057 2692 1118 2778 τήν

115 2799 197 2861 ιιίδῶ
208 2795 396 2880 λεληθότως
406 2796 628 2879 ἐπικρύπτειν.
646 2794 786 2862 τοσοῦτό
796 2818 834 2878 γε
844 2791 910 2879 μὴν
922 2791 941 2876 ἡ
955 2796 1117 2877 δημιουρ-

114 2889 174 2977 γός
188 2901 298 2977 ίσχυσε
318 2896 431 2979 τέχνη,
455 2891 537 2960 ῶστε
552 2891 613 2979 τὴν
630 2891 812 2959 ἀντίτυπον
826 2888 914 2957 οὕτω
929 2891 983 2956 καὶ
1000 2914 1117 2973 καρτε-

114 2988 179 3073 ράν
187 2998 246 3056 τοῦ
258 2998 358 3058 λίθου
370 2990 475 3076 φύσιν
484 2990 632 3070 έκάστοις
642 2995 774 3077 μέλεσιν
785 2991 985 3070 ἐπιπρέπειν.
1003 2984 1020 3053 ὁ
1032 2994 1117 3073 γοῦν

113 3095 279 3174 Χαρικλῆς
295 3091 434 3174 έμμανές
449 3117 479 3156 τι
496 3092 550 3157 καί
565 3091 766 3176 παράφορου
782 3085 987 3172 ἀναβοήσας,
1005 3083 1117 3152 Εὐτυ-

112 3190 274 3273 χέστατος,
292 3185 371 3271 είπε,
388 3195 480 3254 θεῶν
495 3185 512 3255 ὁ
530 3186 584 3255 διά
599 3186 723 3273 ταύτην
737 3185 846 3262 δεθεὶς
857 3183 968 3270 Ἄρης,
983 3187 1038 3251 καὶ
1049 3183 1116 3270 ἀμα

113 3282 338 3371 προσδραμῶν
352 3294 501 3371 λιπαροῖς
514 3300 581 3364 τοῖς
595 3293 736 3372 χείλεσιν
748 3283 802 3370 ἐφ’
815 3282 896 3352 ὅσον
910 3278 954 3372 ήυ
969 3283 1115 3351 δυνατόν
1134 3297 1186 3352 41²

113 3386 269 3452 ἐκτείνων
284 3381 344 3451 τὸν
359 3380 480 3469 αὐχένα
495 3392 678 3473 κατεφίλει·
699 3393 776 3474 σιγή
789 3379 820 3452 δ’
838 3380 982 3469 ἐφεστῶς
994 3380 1011 3451 ὁ
1023 3389 1116 3452 Καλ-
