2575 3842
197 185 259 248 216
548 189 863 267 [Λονιιικνον]

196 345 275 424 στάς
290 343 421 432 ἀφανῆς
442 348 607 414 ἐνδοτάτω
626 344 746 432 σχεδόν
766 346 840 415 οὐδ’
863 347 1040 418 ἀναπνέων
1058 349 1201 438 ῆτρέμει,

196 445 354 530 συνήθως
368 445 404 513 δὲ
420 453 488 511 τῶν
507 446 657 529 ζακόρων
673 452 798 525 ἔξωθεν
812 445 874 532 τῆν
888 449 1002 533 θύραν
1015 453 1202 535 ἐφελκυσα-

195 546 306 630 μένων
328 547 427 609 ἔνδον
449 541 466 609 ὁ
488 541 602 620 καινὸς
624 540 771 629 Ἀγχίσης
793 554 979 629 καθεῖρκτο.
1010 549 1065 613 καλ
1085 554 1120 614 τί
1134 545 1200 632 γάρ

195 639 342 725 ἀρρῆτου
364 637 485 718 νυκτός
508 639 571 724 ἐγῶ
591 641 718 725 τόλμαν
736 639 758 726 ῆ
779 641 879 718 λάλος
898 640 947 708 ἐπ’
964 640 1098 729 ἀκριβὲς
1117 643 1198 729 ὑμῖν

195 743 391 824 διηγοῦμαι;
407 747 475 806 τῶν
496 743 661 822 ἐρωτικῶν
679 747 892 823 περιπλοκῶν
906 749 979 826 ίχνη
993 748 1097 807 ταῦτα
1117 740 1194 827 μεθ’

193 834 319 923 ἡμέραν
343 835 445 924 ῶφθη
464 841 518 905 καὶ
538 835 598 904 τόν
618 844 736 904 σπίλον
758 835 843 922 ελχεν
861 834 882 922 ἡ
902 835 983 914 θεός
1003 829 1051 904 ῶν
1072 843 1199 906 ἔπαθεν

196 941 339 1021 ἔλεγχον.
363 933 468 1002 αὐτόν
481 961 518 1020 γε
529 934 595 1020 μῆν
609 932 671 1001 τόν
683 941 837 1017 νεανίαν,
854 931 927 1011 ῶςὸ
944 932 1096 1019 δημῶδης
1107 940 1198 1002 λστο-

195 1047 248 1117 ρεί
260 1032 375 1118 λόγος,
391 1028 413 1117 ἢ
428 1030 511 1098 κατά
526 1038 656 1114 πετρῶν
667 1049 771 1116 φασιν
783 1027 806 1116 ῆ
819 1028 901 1098 κατὰ
915 1038 1074 1116 πελαγίου
1088 1031 1198 1115 κύμα-

194 1154 249 1210 τος
263 1131 443 1216 ἐνεχθέντα
452 1135 619 1206 παντελῶς
634 1127 747 1214 ἀφανῆ
764 1129 930 1213 γενέσθαι.
956 1134 1004 1197 17.
1023 1137 1126 1196 ταῦτα
1140 1135 1197 1214 τῆς

194 1228 336 1310 ζακόρου
347 1230 568 1313 διηγουμένης
581 1223 704 1312 μεταξύ
718 1227 898 1309 τοῦλόγου
912 1229 1090 1312 διαβοῆσας
1107 1225 1197 1292 εἶπεν

124 1340 173 1394 417
196 1323 213 1391 ὁ
228 1333 411 1411 Χαρικλῆς,
431 1323 568 1392 Ούκοῦν
584 1324 621 1390 τό
638 1331 744 1409 θῆλυ,
760 1318 824 1390 κάν
838 1332 973 1391 λίθινον
989 1317 1026 1411 ᾖ,
1045 1330 1197 1408 φιλεῖται.

193 1431 225 1489 τί
244 1420 294 1507 δ’,
318 1431 350 1489 εί
362 1448 410 1498 τις
430 1428 578 1506 ἔμψυχον
595 1419 661 1489 εἶδε
678 1427 807 1487 τοιοῦτο
828 1422 965 1498 κάλλος;
993 1415 1048 1502 ἀρ’
1072 1419 1136 1488 ούκ
1152 1417 1195 1486 ἀν

193 1517 287 1605 ῆμία
305 1516 366 1596 νὺξ
387 1526 455 1583 τῶν
476 1527 537 1584 τοῦ
553 1517 635 1596 Διὸς
656 1518 833 1603 σκήπτρων
849 1521 996 1604 έτιμάτο;
1024 1519 1197 1604 μειδιάσας

194 1617 229 1683 δέ
251 1613 563 1698 ὁΚαλλικρατίδας,
585 1614 743 1697 Οὐδέπω,
767 1623 886 1701 φησίν,
909 1625 1020 1700 ίσμεν,
1045 1608 1198 1702 ῶΧαρί-

193 1720 291 1795 κλεις,
303 1717 333 1778 εί
341 1719 475 1779 πολλῶν
485 1711 700 1799 ἀκουσόμεθα
710 1714 873 1780 τοιούτων
883 1712 1105 1798 διηγημάτων,
1115 1710 1198 1779 ὅταν

194 1811 230 1874 έν
245 1816 401 1886 Θεσπιαῖς
421 1809 607 1896 γενῶμεθα.
637 1812 691 1878 καὶ
707 1818 772 1877 νῦν
787 1812 824 1878 δέ
842 1818 900 1896 τῆς
916 1808 982 1878 ὑπό
998 1817 1060 1878 σοῦ
1077 1816 1196 1896 ζηλου-

194 1908 295 1990 μένης
306 1900 500 1993 Ἀφροδίτης
518 1911 654 1993 ἐναργές
669 1911 736 1976 ἐστι
749 1915 847 1975 τοῦτο
865 1913 989 1994 δεῖγμα.
1009 1915 1102 1988 Πῶς;
1121 1913 1196 1993 έρο-

192 2007 297 2089 μένου
315 2012 375 2072 τοῦ
389 2009 608 2092 Χαρικλέους,
630 2006 717 2092 ἀγαν
733 2013 883 2083 πιθανῶς
903 2032 960 2092 μοι
976 2011 1066 2085 ἔδοξε
1086 2007 1197 2090 λέγειν

193 2100 210 2168 ὁ
226 2109 506 2188 Καλλικρατίδας·
535 2111 598 2190 ἔφη
614 2103 678 2190 γάρ
696 2101 739 2180 ῶς
757 2099 775 2169 δ
793 2105 946 2187 ἐρασθεὶς
962 2109 1095 2180 νεανίας
1108 2127 1197 2169 παν·

193 2202 298 2285 νύχου
315 2209 433 2286 σχολῆς
454 2203 654 2288 λαβόμενος,
676 2198 761 2269 ὥσθ’
778 2200 861 2285 ὅλην
881 2207 941 2267 τοῦ
960 2200 1094 2277 πάθους
1109 2206 1199 2286 ἔχειν

191 2302 344 2378 ἐξουσίαν
365 2308 587 2386 κορεσθῆναι,
613 2305 773 2377 παιδικῶς
791 2307 836 2388 τῷ
856 2305 942 2388 λίθῳ
963 2305 1197 2384 προσωμίλησε

191 2397 371 2483 βουληθεὶς
390 2397 453 2464 οἷδ’
479 2397 529 2466 ὅτι
548 2396 627 2484 μηδ’
647 2401 684 2464 έν
702 2405 747 2488 τῶ
763 2397 861 2483 θῆλει
877 2397 1028 2482 πρόσθεν
1048 2395 1132 2464 εἶναι
1157 2399 1194 2465 τό

191 2500 289 2580 θῆλυ.
315 2502 448 2561 πολλῶν
459 2491 523 2562 οὖν
534 2494 680 2579 ἀκρίτων
692 2493 1000 2581 ἀφυλακτουμένων
1013 2495 1124 2580 λόγων
1134 2494 1197 2563 τὸν

192 2599 338 2678 συμμιγῆ
354 2595 568 2674 καταπαύσας
578 2593 641 2681 έγῶ
653 2593 819 2680 θόρυβον,
826 2592 973 2677 Ἄνδρες,
989 2592 1093 2679 ελπον,
1109 2596 1197 2661 έταί-

192 2716 262 2775 ροι,
288 2697 344 2776 τῆς
367 2689 450 2758 κατά
472 2693 601 2779 κόσμον
622 2700 739 2779 ἔχεσθε
761 2692 935 2777 ζητήσεως,
963 2691 1007 2771 ῶς
1030 2691 1198 2779 εὐπρεπής

192 2791 259 2855 ἐστι
276 2787 379 2873 νόμος
394 2795 550 2869 παιδείας.
572 2789 814 2876 ἀπαλλαγέντες
829 2783 894 2857 οὖν
909 2797 966 2876 τῆς
983 2787 1127 2858 ἀτάκτου
1140 2794 1198 2858 καί

191 2888 293 2970 πέρας
306 2885 407 2955 οὐδὲν
421 2889 558 2976 ἐχούσης
575 2897 777 2975 φιλονεικίας
797 2894 834 2956 έν
848 2893 939 2975 μέρει
957 2888 1040 2974 ὑπὲρ
1059 2897 1117 2975 τῆς
1133 2885 1197 2954 αύ-

190 2981 245 3061 τδς
257 2986 377 3050 ἑαυτοῦ
389 2987 486 3070 δόξης
497 2987 650 3068 ἑκάτερος
665 2984 902 3054 ἀποτείνασθε·
924 2990 978 3055 καὶ
988 2988 1051 3073 γὰρ
1063 2985 1197 3054 ούδέπω

122 3097 174 3151 418
193 3081 308 3166 καιρός
323 3083 375 3149 ἐπὶ
396 3090 484 3149 ναῦν
498 3081 645 3152 ἀπιέναι·
675 3093 713 3173 τῆ
729 3085 763 3152 δέ
778 3093 879 3173 σχολῆ
893 3086 1135 3171 καταχρηστέον
1150 3089 1198 3162 είς

190 3184 321 3261 ίλαρίνν
336 3181 390 3254 καὶ
404 3181 484 3264 μετά
496 3184 640 3267 τέρψεως
653 3181 820 3270 ὠφελῆσαι
831 3187 1022 3270 δυναμένην
1032 3183 1195 3267 σπουδήν.

190 3275 413 3354 ὑπεκστάντος
428 3271 565 3346 οὖντοῦ
580 3279 646 3348 νεῶ
661 3323 697 3333 -
711 3281 815 3360 πολύς
830 3281 923 3367 γάρὸ
939 3281 1013 3350 κατ’
1025 3280 1197 3369 εὐσέβειαν

192 3375 374 3458 ἐπιφοιτῶν
391 3373 486 3462 όχλος
500 3415 536 3427 -
553 3384 599 3456 είς
614 3382 651 3445 έν
666 3407 697 3447 τι
713 3389 780 3447 τῶν
797 3389 992 3467 συμποσίων
1008 3377 1197 3448 ἀποκλίνω-
