2575 3842
200 161 264 222 420
557 159 863 218 AOTKIANOY

200 327 467 404 καταφρονοῦσι,
485 319 560 404 περὶ
576 324 670 384 θεῶν
685 318 722 384 δὲ
741 315 905 383 ἀλλόκοτα
921 322 1156 403 διεξέρχονται
1172 327 1220 385 καὶ

200 417 403 503 συνάγοντες
420 415 642 501 εὐεξαπάτητα
654 413 809 500 μειράκια
825 415 889 499 τήν
899 441 935 482 τε
949 417 1221 501 πολυθρύλητον

200 513 324 601 ἀρετὴν
345 520 554 606 τραγῳδοῦσι
579 514 634 580 καὶ
656 510 715 590 τάς
736 519 805 580 τῶν
822 513 935 598 λόγων
960 511 1105 598 ἀπορίας
1131 519 1221 582 ἐκδι-

201 613 379 697 δάσκουσι,
394 615 449 679 καὶ
467 609 549 698 πρός
560 612 622 696 μὲν
635 608 715 688 τοῦς
730 608 883 695 μαθητάς
898 619 1080 697 καρτερίαν
1094 611 1156 680 ἀεὶ
1171 614 1220 679 καὶ

201 709 428 795 σωφροσύνην
448 711 622 775 ἐπαινοῦσι
646 711 701 774 καλ
721 708 871 774 πλούτου
888 712 943 777 καὶ
968 706 1093 796 ἡδονῆς
1112 737 1220 778 κατα·
1250 732 1251 807 η

200 807 359 891 πτύουσι,
374 807 473 892 μόνοι
487 807 524 873 δὲ
540 807 594 872 καὶ
608 803 688 872 καθ’
705 803 845 882 ἕαυτοῦς
861 805 1036 892 γενόμενοι
1049 814 1087 874 τί
1099 803 1152 874 ἂν
1168 811 1219 874 λε’-

200 931 253 989 γοι
265 931 314 983 τις
326 903 389 971 ὅσα
399 907 461 989 μὲν
473 908 658 987 ἐσθίουσιν,
671 901 733 969 ὅσα
745 905 782 969 δὲ
794 900 1107 987 ἀφροδισιάζουσιν,
1125 902 1219 981 ὅπως

200 1003 236 1069 δὲ
258 1008 480 1086 περιλείχουσι
500 1007 567 1067 τῶν
582 997 714 1086 ὀβολῶν
733 998 793 1067 τὸν
808 1000 935 1088 ῥύπους
955 1001 991 1069 τὸ
1015 1000 1051 1068 δὲ
1073 1002 1218 1069 πάντων

201 1098 407 1183 δεινότατον,
425 1097 476 1166 ὅτι
490 1098 594 1183 μηδὲν
609 1095 704 1165 αὐτοὶ
718 1099 799 1183 μήτε
812 1096 931 1166 κοινόν
939 1100 1022 1184 μήτε
1037 1103 1131 1166 ίδιον
1146 1105 1218 1166 ἐπι·
1249 1176 1254 1199 ι

200 1203 389 1280 τελοῦντες,
404 1193 478 1262 ἀλλ’
497 1194 621 1281 άχρεϊοι
637 1197 692 1262 καὶ
708 1197 853 1276 περιττοὶ
866 1202 1075 1274 καθεστῶτες
1252 1203 1253 1209 ’

285 1289 362 1358 οῦτε
376 1289 450 1357 ποτ’
467 1296 504 1358 ἐν
519 1294 651 1380 πολέμῳ
663 1294 854 1375 ἐναρίθμιοι
865 1290 935 1359 οὔτ’
952 1294 1002 1359 ίνλ
1011 1300 1136 1381 βουλῇ,

147 1465 157 1477 ,
200 1387 289 1474 ὅμως
302 1397 371 1456 τῶν
384 1387 496 1456 ἄλλων
512 1397 735 1473 κατηγοροῦσι
752 1392 808 1456 καὶ
821 1389 944 1474 λόγους
957 1387 1051 1468 τινάς
1067 1415 1215 1474 πικρους

199 1486 476 1573 συμφορήσαντες
486 1490 541 1553 καὶ
551 1490 720 1568 λοιδορίας
730 1485 822 1564 τινάς
833 1486 1129 1573 ἐκμεμελετηκότες
1141 1493 1214 1557 ἑπι-

130 1605 182 1660 788
201 1596 318 1672 τιμῶσι
333 1588 388 1652 καλ
402 1584 600 1664 ὀνειδίζουσι
615 1600 683 1663 τοῖς
697 1593 854 1672 πλησίον,
869 1588 925 1653 καὶ
935 1578 1034 1664 οὗτος
1045 1584 1166 1656 αὐτῶν
1175 1587 1213 1656 τά

201 1693 314 1767 πρῶτα
330 1688 493 1769 φέρεσθαι
510 1689 604 1752 δοκεῖ
616 1683 653 1761 δς
667 1680 712 1751 άν
726 1684 1045 1771 μεγαλοφωνότατός
1061 1711 1098 1752 τε
1115 1679 1140 1774 ᾖ
1160 1691 1212 1754 καί

199 1782 400 1868 ἰταμώτατος
409 1784 463 1849 καὶ
472 1779 555 1866 πρός
563 1782 621 1860 τάς
629 1790 841 1868 βλασφημίας
849 1783 1068 1865 θρασύτατος.
1078 1790 1132 1852 31.
1141 1802 1212 1852 καί·

199 1909 251 1953 τοι
260 1880 320 1952 τόν
330 1885 579 1970 διατεινόμενον
590 1881 702 1950 αὐτῶν
711 1887 766 1951 καί
777 1891 909 1970 βοῶντα
918 1885 973 1950 καλ
982 1893 1211 1969 κατηγοροῦν-

199 2011 239 2051 τα
253 1991 321 2051 τῶν
335 1982 446 2052 άλλαν
460 1979 503 2069 ἢν
519 1988 593 2070 ἔρη,
615 1979 659 2050 σῦ
677 1984 713 2049 δὲ
729 1981 769 2068 δὴ
784 1989 818 2050 τί
830 1983 983 2065 πράττων
996 1982 1176 2065 τυγχάνεις
1190 1979 1210 2068 ἢ

197 2089 232 2149 τί
244 2089 361 2167 φῶμεν
376 2079 460 2164 πρὸς
479 2088 572 2148 θεῶν
587 2100 624 2147 σε
640 2078 723 2164 πρός
742 2079 803 2146 τδν
822 2085 899 2165 βίον
914 2086 1105 2156 συντελείας
1128 2088 1210 2164 φαίη

198 2175 257 2264 άν,
277 2184 307 2245 εί
319 2175 359 2244 τά
377 2182 488 2245 δίκαια
503 2180 558 2244 καὶ
577 2175 688 2262 ἀληθῆ
708 2179 804 2245 θέλοι
818 2180 945 2261 λέγειν,
967 2174 1018 2242 ὅτι
1036 2184 1134 2243 πλεῖν
1147 2181 1208 2260 μὲν

197 2270 219 2358 ἦ
234 2270 426 2360 γεωργεῑυῆ
439 2275 678 2357 στρατεύεσθαι
689 2272 710 2360 ἦ
721 2300 796 2341 τινα
807 2277 926 2359 τέχνην
937 2276 1083 2359 μετιέναι
1093 2298 1206 2356 περιτ-
1257 2360 1258 2369 ¹

197 2369 258 2437 τόν
276 2369 362 2438 εἷναί
375 2396 432 2456 μοι
452 2377 569 2456 δοκεῖ,
584 2375 727 2457 κέκραγα
745 2369 781 2438 δὲ
800 2371 856 2437 καὶ
872 2369 987 2454 αὐχμῶ
1004 2373 1058 2437 καὶ
1079 2383 1205 2455 ψυχρο-
1257 2372 1258 2381 ’

198 2476 308 2534 λουτῶ
319 2469 373 2534 καὶ
384 2465 593 2554 ἀνυπόδητος
604 2475 665 2535 τοῦ
675 2474 836 2553 χειμῶνος
845 2469 1059 2551 περιέρχομαι
1073 2469 1130 2534 καὶ
1141 2466 1205 2533 ῶσ-

198 2587 259 2643 περ
275 2559 293 2629 ὁ
312 2570 438 2647 Μῶμος
454 2562 494 2628 τὰ
510 2561 574 2630 ῦπδ
591 2571 660 2630 τῶν
672 2563 784 2631 άλλων
796 2561 979 2648 γιγνόμενα
994 2571 1205 2648 συκοφαντῶ,

198 2661 253 2727 καὶ
268 2667 298 2727 εἰ
311 2663 373 2746 μέν
388 2686 436 2738 τις
452 2657 613 2746 ῶψύνηκε
623 2669 693 2729 τῶν
705 2668 875 2730 πλουσίαν
888 2655 1111 2746 πολυτελῶςῆ
1122 2663 1204 2728 ἑταί-

198 2777 262 2842 ραν
272 2764 355 2844 ἔχει,
372 2764 471 2824 τοῦτο
483 2766 754 2845 πολυπραγμονῶ
770 2761 825 2826 καὶ
837 2757 1031 2844 άγανακτῶ,
1050 2764 1081 2825 εί
1092 2759 1128 2825 δὲ
1141 2785 1205 2825 ταν

198 2861 307 2939 φίλων
322 2882 371 2932 τις
384 2850 406 2940 ἦ
422 2859 561 2942 ἑταίρων
576 2858 765 2925 κατάκειται
777 2863 888 2924 νοσῶν
902 2858 1094 2938 ἐπικουρίας
1108 2882 1143 2922 τε
1154 2859 1205 2922 καὶ

196 2959 378 3038 θεραπείας
394 2955 567 3040 δεόμενος,
584 2953 706 3039 ἀγνοῶ.
729 2961 867 3022 τοιαῦτα
882 2956 944 3038 μέν
960 2956 1050 3020 ἐστιν
1063 2951 1160 3039 ἡμῖν,
1177 2945 1203 3017 ῶ

196 3056 288 3132 θεοί,
306 3057 410 3116 ταῦτα
425 3049 465 3116 τά
480 3055 665 3137 θρέμματα.
688 3057 738 3120 32.
755 3057 790 3120 οί
801 3053 837 3119 δὲ
853 3049 893 3136 δὴ
912 3049 1132 3134 Ἐπικούρειοι
1144 3049 1203 3116 αό-

195 3152 263 3212 τῶν
280 3147 454 3232 λεγόμενοι
468 3149 556 3233 μάλα
574 3149 615 3234 δὴ
630 3150 686 3216 καὶ
700 3146 857 3236 ὑβρισταί
869 3154 932 3215 είσι
945 3146 1054 3215 καλοῦ
1067 3155 1202 3232 μετρίως

126 3261 179 3317 739
198 3238 295 3323 ἡμῶν
309 3245 540 3313 καθάπτονται
554 3248 635 3332 μήτε
651 3249 878 3331 ἐπιμελεῖσθαι
891 3252 959 3311 τῶν
979 3242 1201 3328 ἀνθρωπίνων

199 3337 351 3418 λέγοντες
363 3337 443 3416 τοῦς
454 3338 558 3419 θεοῦς
568 3342 649 3426 μήτε
661 3341 745 3419 ὅλως
756 3340 795 3408 τά
805 3343 987 3427 γιγνόμενα
996 3344 1198 3409 ἐπισκοπεῖν·
1248 3370 1259 3409 ι
