2575 3842
185 180 228 244 36
562 181 867 242 ΛΟΤΚΙΑΝΟΤ

186 342 291 412 καὶ
256 369 317 429 την
333 342 438 429 άλλην
455 343 603 411 ὅπλισιν·
628 339 750 426 αύριον
767 341 802 408 δὲ
823 342 1035 428 ποιησόμεθα
1048 340 1109 427 τὴν
1125 344 1197 420 ἕξο·

187 445 258 508 δον
289 439 477 564 Ούτμς,
459 467 545 527 εφην
567 439 649 524 έγῶ,
672 441 865 556 γιγνέσθω,
888 441 1000 526 ἐπειδή
1023 460 1074 506 σοι
1097 442 1201 505 δοκεῖ.

188 544 237 606 13.
257 538 332 606 τότε
349 541 411 624 μὲν
426 543 490 605 οὐν
501 535 580 622 παρ’
596 533 686 624 αύτῶ
702 538 941 614 ἑστιαθέντες’
925 544 1117 622 εμείυαμεν,
1135 537 1203 601 ἕω-

187 645 253 702 θεν
266 635 301 704 δὲ
312 636 549 714 διαναστάντες
560 603 779 720 έταττόμεθα·
802 636 857 702 καὶ
872 631 937 719 γάρ
949 639 983 702 οί
992 654 1108 701 σκοποι
1098 631 1202 717 ἐσή-

188 761 310 819 μαινον
321 743 462 821 πλησίον
474 735 559 802 εἶναι
570 731 649 812 τούς
660 740 848 819 πολεμίους.
870 729 908 800 τὰ
920 731 981 817 μὲν
993 723 1057 798 ούν
1068 737 1202 815 πλῆθος

139 854 175 908 80
189 839 247 917 τῆς
264 839 417 917 στρατιᾶς
433 835 512 900 δέκα
532 833 693 919 μυριάδες
713 834 868 917 ἐγένοντο
889 829 972 898 άνεο
994 838 1062 901 τῶν
1077 850 1203 896 σκευο-

188 930 307 1017 φόρων
323 934 377 1000 καὶ
391 938 459 1000 τῶν
475 936 711 1017 μηχανοποιῶν
727 932 780 997 καὶ
795 936 863 998 τῶν
878 935 986 1010 πεζῶν
1000 931 1130 996 καὶτῶν
1146 929 1202 1006 ξέ-

188 1055 260 1095 νων
276 1029 472 1115 συμμάχωυ·
501 1028 631 1096 τούτων
649 1028 725 1096 δὲ’
708 1028 960 1115 οκτακισμύριοι
975 1029 1076 1113 μέν’
1057 1019 1144 1113 ησαν
1167 1029 1205 1091 οἱ

182 1123 396 1212 Ιππόγνποι,
417 1126 588 1250 δισμύριοι
601 1128 638 1194 δὲ
653 1132 687 1195 οί
672 1130 752 1195 ίέπὶ
766 1135 835 1194 τῶν
849 1128 1114 1212 λαχανοπτέρων.
1137 1121 1201 1207 ὅρ-

188 1250 269 1291 νεου
283 1224 319 1291 δέ
334 1228 389 1292 καὶ
399 1225 498 1293 τοῦτό
510 1227 577 1292 ἐστι
592 1226 766 1311 μέγιστον,
785 1222 859 1292 ἀντὶ
872 1231 941 1291 τῶν
955 1229 1086 1308 πτερῶν
1096 1221 1202 1306 λαχά-

188 1346 260 1398 νοις
274 1322 524 1410 πάντηλάσιου,
538 1348 578 1389 τα
567 1319 662 1389 δέ’
638 1322 814 1407 ωκύπτερα
825 1328 889 1442 ἔχει
900 1326 1099 1407 θριδακίνης
1109 1319 1200 1405 φύλ-

188 1427 258 1496 λοις
273 1418 413 1503 μάλιστα
424 1420 651 1505 προσεοικότα.
675 1423 726 1488 ε’πί
738 1420 774 1488 δὲ
787 1421 947 1500 τούτοιςο
948 1419 1201 1505 έΚεγχροβόλοι

189 1517 359 1602 ἐτετάχατο
377 1519 479 1585 καλοί
493 1519 754 1605 Σκοροδομάχοι.
778 1511 889 1605 ἦλθον
904 1519 941 1588 δδ
957 1517 1047 1609 αύτῷ
1061 1521 1116 1586 καὶ
1130 1512 1199 1582 άπὸ

189 1621 247 1700 της
273 1613 399 1698 άρκτον
425 1617 608 1703 σύμμαχοι,
634 1617 825 1703 τρισμύριοι
850 1617 912 1703 μὲν
939 1616 1200 1698 Ψυλλοτοξόται,

190 1714 463 1800 πεντακισμύριοι
476 1717 512 1782 δὲ
524 1712 775 1800 Ἀνεμοδρόμοι·
795 1713 967 1784 τούτωνδ’
981 1721 1015 1783 οί
1026 1717 1088 1801 μὲν
1103 1720 1201 1782 Ψυλ-

191 1812 360 1892 λοτοξόται
385 1815 438 1880 ἐπὶ
458 1820 596 1894 ψυλλῶν
622 1816 778 1900 μεγάλων
798 1816 1009 1897 ἱππάζονται,
1036 1812 1121 1881 ὅθεν
1142 1815 1201 1879 καὶ

188 1908 251 1995 τὴν
268 1919 496 2014 προσηγορίαν
514 1918 640 1998 έχουσι·
663 1915 806 1999 μέγεθος
823 1915 859 1980 δὲ
873 1919 942 1981 τῶν
959 1920 1099 1993 ψυλλῶν
1116 1909 1199 1977 ὅσον

190 2009 319 2077 δῶδεκα
342 2011 533 2095 ἐλέφαντες·
569 2016 603 2079 οί
622 2013 659 2077 δὲ
677 2007 914 2097 Ἀνεμοδρόμοι
931 2013 1020 2091 πεζοὶ
1042 2013 1104 2095 μέν
1125 2015 1198 2092 είσι,

190 2108 348 2192 φέρονται
370 2110 406 2174 δὲ
427 2111 463 2175 έν
477 2115 522 2196 τῷ
542 2105 615 2195 άέρι
636 2108 720 2175 ἄνευ
735 2115 883 2192 πτερῶν·
912 2105 930 2174 ὁ
953 2111 990 2175 δὲ
1006 2108 1128 2190 τρόπος
1141 2112 1203 2190 τῆς

189 2212 296 2292 φορᾶς
313 2207 457 2274 τοιόσδε·
479 2214 619 2292 χιτῶνας
633 2207 790 2294 ποδήρεις
804 2205 1055 2295 ύποζῶσάμενοι
1067 2205 1203 2274 κολπῶ-

189 2324 306 2381 σαντες
321 2303 443 2383 αύτούς
459 2314 504 2396 τῷ
520 2304 630 2395 άνέμιμ
645 2308 803 2391 καθάπερ
815 2312 902 2375 ίστία
913 2310 1074 2393 φέρονται
1088 2302 1201 2388 ῶσπερ

188 2400 228 2468 τά
245 2402 367 2489 σκάφη.
390 2402 431 2470 τά
449 2404 554 2473 πολλοὶ
571 2404 604 2473 δ’
624 2410 658 2473 οἱ
675 2415 821 2474 τοιοῦτοι
838 2410 875 2473 έν
895 2421 967 2483 ταῖς
986 2406 1105 2491 μάχαις
1120 2411 1202 2470 πελ-

189 2509 306 2568 τασταί
320 2507 412 2569 εἰσιν.
437 2506 588 2588 ἐλέγοντο
605 2507 642 2572 δέ
656 2507 710 2572 καὶ
722 2501 788 2574 άπὸ
802 2511 871 2572 τῶν
885 2501 971 2590 ὑπὲρ
982 2502 1043 2589 τὴν
1054 2510 1203 2570 Καππα-

140 2609 173 2665 81
193 2602 309 2666 δοκίαν
325 2597 473 2685 άστέριον
492 2601 584 2688 ἥξειν
597 2603 899 2690 Στρουθοβάλανοι
915 2605 977 2688 μέν
998 2600 1203 2686 ἑπτακισμύ-

189 2723 273 2783 ριοι,
291 2695 522 2784 Ἱππογέρανοι
541 2701 577 2769 δὲ
594 2708 861 2786 πεντακισχίλιοι.
894 2703 1035 2778 τούτους
1055 2696 1121 2785 ε’γῶ
1137 2696 1206 2765 ούκ·

189 2797 398 2883 ἐθεασάμην·
426 2796 467 2865 ού
482 2798 547 2886 γάρ
568 2798 740 2887 ἀφίκοντο.
771 2799 887 2885 διόπερ
902 2798 981 2868 οὐδὲ
1001 2801 1128 2886 γράψαι
1141 2796 1202 2876 τὰς

189 2897 308 2982 φύσεις
323 2894 435 2964 αὐτῶν
453 2900 630 2985 ἐτόλμησα·
658 2901 814 2983 τεράστια
829 2899 894 2987 γάρ
911 2903 967 2968 καί
983 2900 1105 2968 ἄπιστα
1125 2900 1200 2982 περὶ
1281 2960 1282 2975 ,

188 2993 301 3063 αὐτῶν
316 2998 477 3082 ἐλέγοντο.
503 3002 553 3066 14.
573 2997 658 3084 αύτη
673 3003 735 3085 μὲν
748 2998 768 3086 ἡ
783 3008 844 3068 τοῦ
856 3000 1077 3086 Ἐνδυμίωνος
1094 2998 1201 3065 δύνα-

187 3088 308 3181 μιςῆν.
341 3095 443 3182 σκευὴ
465 3099 501 3165 δέ
517 3098 655 3164 πάντων
674 3095 695 3184 ἡ
712 3097 811 3185 αύτή·
843 3101 953 3185 κράνη
967 3099 1030 3186 μὲν
1051 3095 1117 3166 ἀπὸ
1133 3102 1200 3164 τῶν

188 3193 343 3279 κυάμων·
366 3194 505 3281 μεγάλοι
519 3193 584 3281 γάρ
603 3194 683 3281 παρ’
703 3196 815 3276 αύτοῑς
826 3203 861 3266 οί
871 3197 995 3284 κύαμοι
1010 3202 1065 3266 καὶ
1079 3222 1200 3283 καρτε-

188 3297 256 3373 ροί·
291 3292 444 3379 θώρακες
468 3295 504 3362 δέ
526 3298 705 3381 φολιδωτοὶ
725 3297 847 3374 πάντες
868 3298 1041 3382 θέρμινοι·
1073 3292 1113 3362 τά
1133 3291 1200 3380 γάρ

188 3391 270 3473 λέπη
296 3395 364 3456 τῶν
386 3396 524 3478 θέρμων
550 3394 797 3480 συρράπτοντες
819 3401 997 3462 ποιοῦνται
1021 3393 1199 3480 θώρακας·
