2575 3842
166 163 228 226 286
521 165 832 223 ΛΟΤΚΙΑΝΟΤ

97 343 149 397 544
168 320 226 401 οδς
238 323 391 409 πράτους
402 319 422 408 ἡ
433 322 546 409 μνήμη
558 319 721 410 ὑπέβαλε,
739 326 949 410 διηγησάμην
958 346 1012 392 σοι
1023 321 1177 410 άγαθοὺς

167 422 221 488 καὶ
236 428 392 506 βεβαίους
406 427 534 506 φίλους.
558 424 613 488 καὶ
623 418 660 487 τό
672 418 791 488 λοιπὸν
803 420 864 508 ήδη
876 420 1022 509 καταβάς
1037 421 1101 490 άπὸ
1114 429 1175 489 τοῦ

166 517 271 603 λόγου
291 521 343 586 σοὶ
360 515 420 604 τήν
438 517 564 606 ῥήτραν
579 521 804 603 παραδίδωμι·
833 516 876 585 σύ
893 520 929 586 δὲ
944 518 1033 598 ὅπως
1046 517 1091 605 μή
1107 525 1176 605 χεί-

167 641 247 698 ρους
261 617 345 699 έρεϊς
361 612 440 693 τούς
455 614 611 700 Σκύθας,
633 613 717 683 άλλά
732 623 844 703 πολλῷ
858 616 989 684 τούτων
1004 615 1173 703 ἀμείνους,
1279 690 1280 693 ¹

166 711 256 804 αὐτῷ
273 715 324 782 σοὶ
340 713 490 800 μελήσει,
513 724 546 781 εί
558 740 589 780 τι
603 715 658 781 καὶ
672 721 728 800 τῆς
743 718 851 794 δεξιᾶς
864 715 1105 800 πεφρόντικας,
1129 713 1175 792 ὥς

165 808 209 896 μή
225 809 452 896 ἀποτμηθείης
466 807 580 895 αὐτήν.
612 808 695 878 άλλὰ
710 809 771 896 χρή
790 809 897 895 ἄνδρα
918 808 1051 897 ἀγαθόν
1071 808 1170 877 εἶναι·

166 910 235 976 ἐπεὶ
258 909 312 975 καὶ
331 915 444 994 γελοία
469 904 511 975 άν
531 909 656 986 πάθοις
680 907 834 995 Ὀρέστην
853 910 915 995 μὲν
936 910 990 978 καὶ
1008 908 1172 993 Πυλάδην
1280 946 1281 979 ι

164 1008 257 1073 πάνυ
273 1012 475 1090 σοφιστικῶς
491 1007 683 1089 ἐπαινέσας,
698 1004 783 1091 ὑπὲρ
799 1007 835 1073 δέ
848 1014 905 1092 τῆς
915 1012 1072 1084 Σκυθίας
1082 1013 1172 1091 φαῦ-

164 1111 220 1180 λος
237 1103 346 1188 ῥήτωρ
363 1103 573 1188 φαινόμενος.

251 1201 344 1276 To&
368 1194 421 1268 Εὖ
435 1227 489 1287 γε,
507 1193 533 1267 οδ
548 1202 748 1286 Μνήσιππε,
765 1199 816 1267 ὅτι
831 1202 886 1269 καί
899 1203 1120 1284 παροτρύνεις
1131 1224 1172 1284 με

163 1298 246 1386 πρὸς
260 1297 320 1366 τόν
335 1300 454 1386 λόγον,
474 1299 584 1385 ὥσπερ
602 1299 643 1368 οὐ
659 1300 750 1368 πάνυ
766 1323 820 1367 σοι
836 1304 954 1386 μέλον,
978 1305 1009 1366 εί
1022 1296 1173 1385 άποτμη-
1281 1338 1282 1347 1

162 1405 257 1484 θείης
270 1395 332 1484 τήν
347 1406 496 1482 γλῶτταν
513 1401 690 1484 κρατηθείς
709 1402 746 1466 έν
760 1413 828 1476 τοῖς
847 1397 968 1484 λόγοις.
999 1394 1087 1482 πλήν
1109 1395 1172 1477 άρ-

164 1502 262 1581 ξομαί
271 1521 309 1580 γε
321 1495 383 1581 ήδη
396 1497 500 1582 μηδὲν
513 1494 623 1580 ὥσπερ
636 1493 679 1563 σύ
694 1494 1029 1583 καλλιλογησάμενος·
1052 1491 1170 1578 οὐγὰρ

162 1592 341 1664 Σκυθικόν
366 1602 482 1681 τοῦτο,
508 1598 563 1664 καί
583 1597 725 1682 μάλιστα
747 1594 882 1663 ἐπειδάν
901 1593 941 1661 τά
963 1599 1044 1678 ἔργα
1065 1590 1171 1675 ὑπερ-

162 1699 349 1781 φθέγγηται
365 1692 445 1773 τοὺς
460 1697 591 1781 λόγους.
615 1696 847 1783 προσδοκήσῃς
863 1694 897 1762 δὲ
914 1695 1018 1780 μηδὲν
1037 1697 1170 1759 τοιοῦτο

162 1791 242 1878 παρ’
259 1789 371 1878 ἡμῶν,
389 1787 442 1861 οἷα
458 1791 501 1861 σύ
517 1794 752 1880 διεξελήλυθας
767 1797 931 1877 ἐπαινῶν,
944 1801 978 1860 εί
987 1817 1036 1868 τις
1050 1789 1170 1871 ἄπροι-

163 1918 225 1958 κον
240 1896 361 1977 ἔγημεν
376 1889 515 1978 αίσχρόιν
536 1907 678 1977 γυναῖκα
698 1890 721 1978 ή
737 1902 771 1960 εί
782 1919 831 1970 τις
845 1889 1010 1976 άργόριον
1025 1889 1170 1954 ἐπέδωκε
1284 1980 1286 1983 v

161 1993 356 2078 γαμουμένη
367 1998 468 2075 φίλου
483 1988 606 2076 άνδρός
623 1991 767 2074 θυγατρὶ
781 1989 843 2056 δύο
854 1989 1008 2068 τάλαντα,
1024 1980 1046 2069 ή
1060 1983 1116 2050 καί
1126 1980 1170 2066 νὴ

162 2085 220 2155 Δί’
239 2097 271 2155 εί
277 2114 325 2166 τις
339 2091 501 2173 παρέσχεν
518 2087 637 2156 ἑαυτὸν
650 2087 875 2173 δεδησόμενον
891 2087 942 2152 ἐπὶ
956 2081 1112 2170 προδήλῳ
1123 2085 1170 2166 τῷ

161 2185 282 2272 μικρόν
293 2185 436 2269 ὕστερον
447 2187 675 2274 λυθήσεσθαι·
693 2186 784 2252 πάνυ
795 2182 860 2271 γάρ
873 2181 990 2268 εὐτελῆ
999 2187 1102 2248 ταῦτα
1114 2179 1169 2244 καὶ

160 2284 393 2371 μεγαλουργὸν
408 2291 444 2352 ἐν
455 2283 567 2366 αὐτοῖς
581 2283 602 2373 ή
617 2284 774 2369 άνδρείον
789 2289 839 2351 ἔνι
854 2280 963 2350 οὐδέν.
988 2286 1039 2348 36.
1054 2275 1119 2362 έγώ
1132 2275 1170 2342 δέ

161 2402 213 2449 σοι
224 2384 429 2469 Ιδιηγήσομαι
444 2384 573 2469 φόνους
584 2381 729 2461 πολλοὺς
740 2384 796 2450 καί
809 2384 974 2467 πολέμους
988 2381 1042 2447 καί
1055 2375 1168 2446 θανά-

159 2505 237 2557 τους
252 2478 336 2559 ὑπὲρ
354 2488 421 2547 τῶν
446 2488 573 2567 φίλων,
594 2479 640 2547 ἵν’
662 2487 750 2570 είδῇς
767 2479 810 2559 ὡς
830 2475 946 2548 παιδιά
967 2477 1007 2547 τά
1025 2475 1167 2563 ὑμέτερά

160 2582 227 2647 ἐστι
244 2577 333 2664 παρά
349 2577 389 2645 τδ
404 2579 563 2648 Σκυθικά
581 2582 799 2662 ἐξετάζεσθαι.
822 2584 928 2647 καίτοι
943 2574 1022 2645 οὐδὲ
1038 2574 1167 2661 άλόγως

88 2699 137 2749 545
161 2675 242 2745 αὐτὸ
256 2677 458 2764 πεπόνθατε,
471 2676 554 2746 άλλά
567 2679 701 2757 είκότοος
711 2676 751 2746 τά
763 2675 865 2764 μικρά
875 2684 979 2744 ταῦτα
989 2677 1167 2742 ἐπαινεῖτε·

159 2774 238 2845 οὐδὲ
257 2774 322 2863 γάρ
347 2773 428 2845 οὐδέ
447 2784 531 2846 εἰσιν
551 2777 631 2866 ὑμῖν
652 2776 801 2864 ἀφορμαὶ
823 2773 1063 2860 ὑπερμεγέθεις
1083 2768 1168 2854 πρός

158 2880 316 2956 ἐπίδειξιν
331 2883 443 2962 φιλίας
458 2879 494 2944 έν
515 2879 629 2966 είρήνη
645 2882 768 2964 βαθείᾳ
785 2880 934 2960 βιοῦσιν,
960 2870 1071 2954 ὥσπερ
1090 2867 1164 2936 οὐδ’

157 2973 201 3044 άν
216 2980 253 3044 έν
269 2976 398 3064 γαλήνη
408 2977 547 3063 μάθοις,
564 2983 594 3046 εί
603 2973 760 3063 άγαθόςὸ
776 2974 982 3062 κυβερνήτης
993 2974 1063 3039 ἐστί
1068 2996 1075 3008 ·
1098 2995 1167 3055 χει-

157 3084 267 3162 μῶνος
283 3073 347 3161 γάρ
366 3076 476 3162 δεήσει
490 3077 542 3142 σοὶ
552 3073 636 3158 πρός
651 3073 711 3160 τήν
723 3073 915 3159 διάγνωσιν.
938 3067 1017 3154 παρ’
1034 3068 1114 3156 ἡμῖν
1130 3068 1166 3135 δὲ

157 3189 305 3260 συνεχεῖς
326 3179 360 3242 οί
374 3175 529 3260 πόλεμοι,
553 3170 643 3259 καλή
661 3172 888 3257 ἐπελαύνομεν
902 3165 1055 3254 άλλοιςή
1079 3166 1165 3235 ὑπο-

157 3283 331 3359 χωροῦμεν
347 3269 537 3358 ἐπιόνταςή
559 3271 784 3358 συμπεσόντες
805 3268 889 3355 ὑπὲρ
908 3277 1012 3356 νομῆς
1034 3267 1057 3354 ή
1076 3274 1164 3341 λείας

157 3369 351 3455 μαχόμεθα,
378 3376 463 3437 ἔνθα
485 3371 625 3455 μάλιστα
646 3374 700 3438 δεῖ
716 3378 824 3455 φίλων
844 3367 1001 3454 ἀγαθῶν·
1032 3369 1087 3434 καὶ
1109 3359 1164 3432 διᾶ
