2575 3842
382 177 594 248 ΤΟΞΑΡΙΣ
612 186 638 237 H
663 181 820 239 ΦΙΛΙΑ.
1039 177 1102 240 265

2 348 4 370 ’
72 334 235 428 δέδωκα,
254 349 318 409 νῦν
336 344 398 426 μὲν
413 339 565 408 ἐκποδών
580 339 826 426 ἀποστήσομαι·
849 339 976 410 ὁπόταν
993 343 1029 410 δὲ
1044 340 1103 422 τάς

85 441 227 528 ψήφους
241 438 494 525 ἀνακηρύττωσι
509 443 577 505 τῶν
596 446 736 523 κριτῶν,
760 439 835 506 τότε
849 439 913 526 ήδη
930 443 985 510 καλ
1002 440 1102 520 αὐτὸς

1 547 29 634 ζ
83 544 276 626 παρέσομαι
288 536 453 624 ὀψόμενος
466 535 585 606 ὁποῖόν
595 563 625 604 τι
638 535 675 605 τό
687 540 848 616 τέλοςτοῦ
859 535 989 623 ἀγῶνος
1000 545 1100 608 ἔσται.

320 934 882 1018 ΤΟΞΑΡΙΣΗΦΙΛΙΑ.

176 1114 204 1178 l.
222 1117 520 1180 ΜΝΗΣΙΠΠΟΣ.
547 1118 589 1180 Τί
598 1113 675 1199 φής,
692 1106 719 1180 οἷ
738 1115 874 1200 Τόξαρις
895 1115 998 1184 θύετε
1012 1115 1099 1201 ’0ρέ-

86 1228 150 1294 στη
165 1211 220 1276 καὶ
234 1211 374 1296 Πυλάδη
398 1209 492 1297 ὑμεῖς
512 1215 545 1279 oc
559 1212 695 1281 Σκύθαι
714 1215 768 1281 καὶ
783 1213 887 1293 θεούς
904 1213 989 1282 εἶναι
1003 1240 1101 1281 πεπι-

86 1306 247 1374 στεύκατε
263 1305 400 1387 αύτούς;

176 1409 378 1482 ΤΟΞΑΡΙΣ.
398 1407 543 1493 Θύομεν,
563 1401 589 1474 τό
605 1409 799 1494 Μνήσιππε,
815 1407 958 1496 θύομεν,
976 1409 1017 1478 οὐ
1032 1409 1100 1497 μήν
1119 1442 1169 1498 ςηη

85 1502 192 1580 θεούς
207 1529 246 1588 γε
262 1504 410 1590 οίόμενοι
427 1503 527 1591 εἶναι,
544 1504 626 1574 ἀλλά
644 1504 769 1590 ἀνδρας
784 1504 946 1591 ἀγαθούς.

173 1609 323 1670 ΜΝΗΣ.
348 1603 464 1690 Νόμος
477 1609 512 1672 δὲ
524 1602 605 1691 ὑμῖν
617 1607 671 1673 καὶ
685 1603 851 1688 ἀνδράσιν
862 1602 1003 1690 ἀγαθοῖς
1015 1606 1101 1676 ἀπο-

86 1705 236 1765 θανοῦσι
251 1700 352 1767 θύειν
369 1700 480 1788 ὥσπερ
498 1714 607 1783 θεοῖς;

177 1799 269 1872 ΤΟΞ.
294 1795 345 1864 Οὐ
363 1799 486 1885 μόνον,
509 1799 592 1869 ἀλλά
607 1803 662 1869 καὶ
678 1805 805 1888 ἑορταῖς
819 1804 874 1870 καὶ
892 1808 1102 1891 πανηγύρεσι

88 1900 235 1979 τιμῶμεν
251 1892 382 1973 αύτούς.

174 1999 323 2061 ΜΝΗΣ.
349 2000 391 2062 Τί
401 1995 595 2083 θηρώμενοι
612 1994 692 2084 παρ’
706 1994 834 2078 αὐτους
857 1995 898 2065 ού
911 1995 977 2083 γὰρ
993 1997 1034 2086 δή
1047 1998 1100 2068 ἐπ’

89 2088 244 2180 εὐμενείᾳ
258 2092 362 2159 θύετε
379 2090 507 2176 αύτοίς,
524 2108 654 2178 νεκροῖς
668 2121 705 2180 γε
722 2087 830 2162 ούσιν.

176 2197 269 2267 ΤΟΞ.
293 2189 346 2259 Ού
357 2206 469 2278 χεῖρον
480 2193 541 2278 μὲν
556 2200 651 2278 ίσως,
670 2199 701 2261 εί
710 2194 765 2260 καλ
776 2197 810 2260 ολ
823 2195 936 2277 νεκροὶ
952 2191 1032 2278 ἡμῖν
1044 2191 1102 2260 εύ-

88 2301 196 2373 μενεῖς
212 2285 294 2354 εἷεν·
319 2286 360 2357 ού
376 2287 443 2376 μήν
458 2286 542 2359 ἀλλά
555 2293 608 2358 καὶ
625 2288 709 2376 πρὸς
728 2287 807 2369 τούς
823 2283 946 2370 ζῶντας
961 2289 1100 2377 ἀμεινον

89 2386 228 2472 οίόμεθα
243 2385 380 2470 πράξειν
398 2390 600 2474 μεμνημένοι
616 2397 684 2456 τῶν
699 2385 861 2474 ἀρίστων,
884 2389 939 2455 καλ
954 2395 1102 2475 τιμῶμεν

89 2481 340 2564 ἀποθανόντας·
369 2483 546 2572 ἡγούμεθα
567 2483 632 2571 γάρ
659 2484 766 2563 οὕτως
786 2481 831 2552 ἀν
854 2481 934 2572 ἡμῖν
955 2482 1101 2562 πολλούς

89 2579 223 2667 ὁμοίους
239 2581 351 2664 αὐτοῖς
366 2587 523 2670 ἐθελήσαι
539 2585 708 2670 γενέσθαι.

171 2687 201 2748 2.
233 2688 385 2750 ΜΝΗΣ.
415 2679 510 2750 Ἀλλά
535 2689 637 2750 ταῦτα
662 2683 724 2768 μὲν
748 2680 862 2765 ὀρθῶς
887 2681 1097 2767 γιγνώσκετε.
1119 2697 1170 2751 509

1 2813 2 2820 1
89 2776 239 2864 Ὀρέστην
249 2779 286 2848 δὲ
298 2783 354 2849 καὶ
363 2781 526 2867 Πνλάδην
537 2787 626 2859 τίνος
636 2781 778 2867 μάλιστα
787 2781 1024 2866 θαυμάσαντες
1033 2785 1101 2847 ίσο-
1263 2869 1268 2879 ι

92 2877 191 2950 θέους
204 2876 424 2963 ἐποιήσασθε,
446 2881 500 2944 καλ
517 2885 622 2945 ταῦτα
637 2879 804 2963 ἐπήλυδας
819 2875 899 2964 ὑμῖν
913 2875 1028 2962 ὄντας,
1047 2878 1102 2945 καὶ
1255 2882 1265 2961 ,ί

92 2970 125 3039 τδ
142 2974 297 3057 μέγιστον
313 2981 506 3060 πολεμίους;
529 2977 564 3042 ολ
577 3001 630 3061 γε,
653 2977 723 3042 ἐπεὶ
739 2984 826 3060 σφοῖς
848 2981 992 3063 ναυαγίᾳ
1007 2999 1102 3058 περι·
1255 2966 1257 2989 ‘

93 3071 251 3148 πεσόντας
267 3076 301 3139 ολ
315 3071 390 3138 τότε
404 3072 540 3141 Σκύθαι
558 3074 783 3160 συλλαβόντες
803 3071 977 3159 ἀπήγαγον
1000 3070 1044 3150 ὡς
1063 3081 1102 3161 τῇ

91 3162 248 3253 Ἀρτέμιδι
269 3169 536 3254 καταθύσοντες,
563 3174 756 3257 ἐπιθέμενοι
783 3184 852 3249 τοῖς
875 3170 1102 3256 δεσμοφύλαξι

94 3267 143 3333 καὶ
165 3272 223 3350 τής
245 3274 397 3353 φρουρᾶς
421 3268 698 3356 ἐπικρατήσαντες
719 3269 780 3337 τόν
803 3295 839 3337 τε
859 3272 996 3357 βασιλέα
1014 3275 1101 3336 κτεί-

95 3384 184 3432 νουσι
196 3365 251 3431 καὶ
263 3360 324 3451 τήν
335 3365 460 3449 ίέρειαν
471 3367 738 3457 παραλαβόντες,
754 3366 839 3438 ἀλλά
852 3372 906 3437 καὶ
917 3364 1101 3455 τήν”Αρτε·
