2575 3842
199 170 532 237 ΑΛΕΞΑΝΔΡΟΣ
550 180 576 229 H
603 176 987 234 ΨΕΤΔΟΜΑΝΤΙΣ.
1032 172 1092 235 123

170 338 220 408 15.
238 330 380 418 Ἡμέρας
394 333 456 418 μὲν
472 326 536 400 ούν
548 341 634 401 οίκοι
647 339 777 419 ἔμεινεν
790 337 929 415 ἐλπίζων
944 332 1026 418 ὅπερ
1037 327 1092 419 ἦν,

80 428 152 499 ῦπδ
170 439 227 516 τῆς
240 431 351 515 φήμης
363 429 480 497 αῦτίκα
494 430 582 516 μάλα
596 431 813 517 παμπόλλους
830 439 897 498 τῶν
907 429 1092 517 Παφλαγό-

81 554 156 596 νων
171 532 445 613 συνδραμεῖσθαι.
475 530 544 595 ἐπεὶ
559 527 596 595 δέ
609 526 879 615 ὑπερεπέπληστο
897 526 1091 610 ἀνθρώπων

81 626 104 710 ἡ
120 624 231 706 πόλις,
249 622 408 691 ἁπάντων
418 622 497 702 τοῦς
507 625 712 710 ἐγκεφάλους
723 627 778 693 καί
791 623 849 703 τὰς
858 628 995 709 καρδίας
1008 648 1089 708 προ-

84 724 296 810 εξῃρημένων
311 718 411 788 ούδέν
425 722 584 789 ἐοικότων
599 724 794 808 σιτοφάγοις
808 722 988 807 ἀνδράσιν,
1007 717 1090 788 άλλύ

85 819 174 905 μόνη
192 826 231 906 τῇ
246 824 359 905 μορφῇ
375 815 419 902 μὴ
435 814 507 902 οῦχὶ
523 818 673 905 πρόβατα
690 819 773 887 εἶναι
789 820 1039 907 διαφερόντων,
1055 821 1091 884 ἐν

85 922 221 1001 οἰκίσκῳ
241 916 305 983 τινὶ
326 917 378 982 ἐπὶ
403 922 517 1001 κλίνης
539 916 761 1001 καθεζόμενος
782 919 870 1003 μάλα
895 922 1091 1002 θεοπρεπῶς

87 1016 283 1100 ἐσταλμένος
297 1013 485 1099 ἐλάμβανεν
495 1016 527 1091 ές
542 1010 601 1080 τὸν
617 1014 744 1082 κόλπον
758 1014 818 1083 τδν
829 1024 995 1085 Πελλαῖον
1007 1018 1091 1081 ἐκεί-

85 1137 150 1178 νον
167 1108 380 1195 Ἀσκληπιόν,
407 1108 563 1195 μέγιστόν
578 1136 613 1177 τε
636 1115 690 1200 καὶ
713 1113 907 1196 κάλλιστον,
932 1110 976 1190 ὡς
993 1119 1090 1198 ἔφην,

85 1210 184 1295 ὄντα,
207 1212 261 1277 καὶ
282 1207 363 1277 ὅλον
378 1215 423 1297 τῷ
440 1206 544 1276 αῦτοῦ
565 1211 715 1300 τραχήλφ
736 1212 944 1298 περιειλήσας
961 1214 1015 1278 καὶ
1029 1210 1091 1295 τὴν

86 1305 196 1394 οῦρδιν
210 1311 272 1386 ἔξω
286 1303 380 1391 άφείς
397 1346 434 1357 -
450 1302 555 1382 πολύς
568 1305 604 1371 δὲ
619 1298 677 1391 ἦν,
701 1304 744 1383 ὡς
759 1308 814 1373 καὶ
831 1311 868 1375 ἐν
883 1313 928 1395 τῷ
946 1316 1091 1391 προκολ-

85 1416 151 1498 πίφ
165 1407 391 1499 προκεχύσθαι
406 1406 511 1471 αύτοῦ
525 1407 580 1471 καὶ
593 1408 691 1490 χαμαὶ
706 1404 743 1472 τὸ
760 1407 859 1491 μέρος
873 1404 1091 1486 ἐπισύρεσθαι

89 1548 126 1561 -
140 1507 249 1592 μόνην
259 1502 321 1590 την
334 1499 485 1588 κεφαλὴν
496 1498 561 1569 ῦπδ
573 1504 680 1588 μάλης
691 1509 774 1589 ἔχων
785 1507 839 1571 καὶ
855 1502 1090 1587 ἀποκρύπτων,

86 1606 290 1690 ἀνεχομένου
303 1603 412 1668 πάντα
422 1603 563 1686 ἐκείνου,
580 1600 768 1687 προύφαινε
779 1600 840 1688 την
851 1599 1016 1687 ὀθονίνην
1033 1626 1089 1667 κε·
1108 1630 1160 1683 224

87 1700 199 1789 φαλὴν
218 1701 300 1767 κατὰ
324 1700 471 1783 θάτερον
490 1705 551 1765 τοῦ
567 1700 744 1784 πώγωνος,
773 1697 816 1777 ὡς
837 1704 943 1784 δῆθεν
960 1702 1091 1766 ἐκείνου

88 1807 147 1868 τοῦ
165 1801 372 1885 φαινομένου
392 1796 524 1873 πάντως
545 1789 661 1863 οὖσαν.
696 1802 746 1864 16.
769 1795 836 1864 εἶτά
853 1822 909 1881 μοι
928 1795 1091 1880 ἐννόησον

1 1911 2 1928 ’
88 1903 235 1966 οἰκίσκον
245 1895 287 1963 οῦ
301 1894 387 1963 πολῦ
399 1890 544 1980 φαιδρὰν
555 1890 634 1960 οῦδὲ
646 1896 678 1970 ἐς
689 1893 793 1978 κόρον
804 1900 864 1959 τοῦ
877 1891 985 1977 φωτὸς
997 1890 1090 1975 δεχό-

89 2022 192 2083 μενον
207 1996 263 2062 καὶ
277 1999 404 2079 πλῆθος
418 1988 613 2076 ἀνθρώπων
626 1991 826 2074 συγκλύδων
840 1991 1092 2073 τεταραγμένων

88 2095 140 2160 καὶ
153 2091 499 2176 προεκπεπληγμένων
510 2088 565 2154 καὶ
578 2101 647 2165 ταῖς
661 2090 789 2155 ἐλπίσιν
800 2087 1090 2170 ἐπαιωρουμένων,

88 2189 137 2269 οἷς
153 2192 329 2258 ἐσελθοῦσι
350 2188 524 2269 τεράστιον
546 2184 589 2264 ὡς
606 2184 693 2265 είκδς
713 2184 749 2253 τδ
769 2193 903 2271 πρᾶγμα
927 2186 1089 2268 ἐφαίνετο,

87 2292 123 2358 ἐκ
138 2296 198 2356 τοῦ
208 2290 288 2365 τέως
297 2294 420 2371 μικροῦ
432 2287 571 2369 ἑρπετοῦ
584 2281 677 2362 ἐντδς
690 2282 813 2369 όλίγων
827 2280 959 2369 ἡμερῶν
971 2288 1091 2349 τοσοῦ·

87 2415 147 2455 τον
157 2385 323 2471 δράκοντα
335 2388 534 2470 πεφηνέναι,
550 2382 847 2469 ἀνθρωπόμορφον
859 2383 912 2450 καί
923 2387 1026 2449 ταῦτα
1037 2382 1091 2447 καὶ

86 2483 238 2553 τιθασόν.
262 2480 439 2568 ἠπείγοντο
454 2484 490 2549 δέ
505 2480 621 2549 αῦτίκα
632 2480 715 2568 πρὸς
727 2479 788 2568 τὴν
799 2484 931 2567 ἔξοδον,
949 2484 1003 2548 καί
1013 2481 1092 2561 πρὶν

87 2588 233 2670 ακριβῶς
252 2584 351 2665 ίδείυ,
378 2581 598 2665 ἐξηλαύνοντο
621 2578 687 2646 ὑπὸ
709 2587 776 2646 των
793 2577 843 2647 άελ
866 2580 1090 2649 ἐπεισιόντων.

88 2678 285 2765 ἐτετρύπητο
308 2680 343 2746 δέ
359 2676 441 2745 κατὰ
459 2676 495 2746 τδ
517 2677 703 2763 άντίθυρον
720 2678 802 2765 άλλη
821 2683 948 2765 ἔξοδος,
973 2674 1092 2746 οἷόντε

87 2782 142 2848 καὶ
155 2774 235 2854 τοῦς
244 2776 446 2853 Μακεδόνας
456 2778 493 2842 ἐν
500 2783 678 2862 Βαβυλῶνι
687 2783 821 2861 ποιησαι
831 2772 878 2843 ἔπ’
891 2773 1092 2861 Ἀλεξάνδρῳ

86 2882 245 2945 νοσοῦντι
260 2874 376 2959 λόγος,
393 2871 449 2941 ὅτε
463 2871 481 2941 ὁ
498 2874 560 2959 μὲν
570 2872 634 2960 ἤδη
648 2874 802 2959 πονήρως
817 2872 918 2957 εἶχεν,
936 2877 970 2939 οί
981 2872 1017 2938 δὲ
1033 2895 1091 2936 πε-

87 2974 258 3059 ριστάντες
278 2969 318 3039 τά
340 2979 489 3058 βασίλεια
505 2973 654 3039 ἐπόθουν
668 2976 750 3038 ίδείν
771 2967 875 3037 αῦτδν
888 2970 943 3036 καὶ
956 2988 1093 3051 προσει-

85 3089 163 3142 πεῖν
173 3070 210 3139 τδ
221 3070 374 3139 ῦστατον.
392 3068 453 3156 τὴν
464 3072 500 3138 δὲ
511 3074 666 3150 ἐπίδειξιν
677 3070 802 3153 ταύτην
814 3066 874 3153 οὐχ
885 3066 971 3147 ἅπαξ
984 3066 1001 3134 ὁ
1014 3092 1092 3152 μια-

1 3255 2 3266 η
86 3172 156 3258 ρός,
173 3167 256 3239 άλλοὶ
268 3168 425 3247 πολλάκις
439 3178 574 3255 ποιησαι
586 3172 724 3255 λέγεται,
740 3170 794 3235 καὶ
808 3166 948 3252 μάλιστα
963 3174 996 3233 εί
1006 3189 1093 3243 τινες

86 3277 155 3337 τῶν
170 3276 340 3336 πλουσίων
356 3267 529 3354 άφίκοιντο
543 3270 760 3351 νεαλέστεροι.

172 3371 222 3435 17.
242 3364 422 3452 Ἐνταῦθα,
441 3358 468 3457 οδ
483 3372 559 3451 φίλε
574 3371 695 3451 Κέλσε,
722 3370 751 3435 εί
764 3370 816 3433 δεί
826 3363 954 3451 τάληθῆ
971 3367 1093 3451 λέγειν,
