2575 3842
352 206 799 266 ΤΥΡΑΝΝΟΚΤΟΝΟΣ.
1037 200 1077 268 77

70 366 110 435 ού
124 368 245 453 μόνος,
260 364 344 434 ἀλλά
356 362 437 452 μετά
451 371 511 431 τοῦ
526 360 643 449 ξίφους
659 362 776 453 ἀνῄειν
790 373 851 433 τοῦ
863 387 1077 452 συμμεμαχη-

69 470 173 552 μένου
182 467 237 533 καὶ
246 463 282 531 τό
293 466 392 550 μέρος
402 463 861 549 συντετυραννοκτονηκότος,
871 463 935 548 πρὸ
946 462 1075 549 ὀφθαλ-

69 570 142 649 μῶν
159 562 222 647 μὲν
238 560 301 647 τὴν
316 558 474 646 τελευτὴν
488 566 587 645 έχων,
609 556 832 645 ἀλλαξόμενος
851 560 887 627 δὲ
907 559 996 646 ὅμως
1015 558 1076 646 τὴν

70 659 189 747 κοινὴν
206 663 403 745 ἐλευθερίαν
419 666 475 743 τῆς
490 665 620 743 σφαγῆς
634 665 691 742 τῆς
705 660 792 743 ἐμῆς.
823 656 970 743 έντυχών
987 659 1023 723 δὲ
1037 665 1076 745 τῇ

71 758 185 845 πρώτη
200 762 336 844 φρουρᾷ
350 758 405 824 καὶ
419 756 624 840 τρεψάμενος
639 753 681 819 ού
696 758 818 843 ῥᾳδίως
833 752 911 832 τούς
926 755 1076 839 δορυφό-

72 880 150 938 ρους
166 850 294 919 καὶτὸν
306 854 548 939 ἐντυγχάνοντα
562 858 702 919 κτείνων
713 854 768 919 καὶ
779 850 816 918 τό
828 850 1076 937 ἀνθιστάμενον

71 960 139 1018 πάν
153 954 365 1035 διαφθείρων
375 952 426 1017 ἐπὶ
435 947 472 1017 τό
484 950 669 1034 κεφάλαιον
679 947 760 1016 αὐτὸ
772 957 839 1016 των
851 955 958 1036 ἔργων
968 951 1074 1033 ίέμην,

71 1052 123 1117 ἐπὶ
139 1046 202 1133 τὴν
215 1047 324 1134 μόνην
339 1056 396 1134 τῆς
414 1051 611 1133 τυραννίδος
625 1047 737 1133 ἰσχύν,
760 1052 810 1116 ἐπὶ
825 1048 886 1133 τὴν
908 1045 1076 1116 ὑπόθεσιν

71 1153 138 1213 τῶν
159 1142 330 1230 ἡμετέρων
350 1152 549 1231 συμφορῶν·
574 1147 630 1212 καὶ
644 1144 776 1223 ἐπιστάς
797 1152 842 1235 τῷ
857 1152 914 1231 τῆς
929 1143 1075 1229 ἀκροπό-

72 1256 154 1321 λεως
171 1250 322 1333 φρουρίφ
336 1246 390 1311 καὶ
406 1242 488 1311 ίδάν
501 1250 660 1363 γεννικφς
675 1241 889 1329 ἀμυνόμενον
906 1246 959 1311 καί
974 1242 1075 1310 ἀνθι-

73 1344 240 1427 στάμενον
254 1349 387 1419 πολλοῖς
406 1344 593 1428 τραύμασιν
615 1340 705 1467 ὅμως
724 1339 908 1409 ἀπέκτεινα.
937 1346 966 1408 8.
985 1344 1038 1407 και
1054 1367 1074 1426 η

73 1442 134 1524 μεν
156 1442 314 1521 τυραννις
329 1438 392 1559 ἤδη
408 1442 578 1528 καθῄρητο
593 1466 646 1506 και
636 1441 769 1522 πέρας
789 1437 854 1524 εἶχέ
869 1465 925 1525 μοι
946 1466 982 1506 το
973 1436 1076 1505 τύλ-

72 1564 181 1624 μημα,
198 1534 301 1603 καλ
268 1562 304 1603 το
323 1535 381 1602 ἀπ
398 1540 527 1605 ἐκείνου
544 1536 664 1614 πάντες
678 1540 763 1623 η’μεν
780 1538 969 1621 ἐλεύθεροι,
992 1539 1076 1603 ἐλεί-

73 1662 151 1703 πετο
169 1632 232 1701 δὲ“
218 1659 236 1699 ο
250 1635 360 1719 γέρων
374 1641 420 1703 ἔτι
436 1635 553 1721 μόνος,
571 1634 731 1719 ἄνοπλος,
748 1631 983 1721 ἀποβεβληκως
997 1629 1075 1709 τούς

73 1732 243 1817 φύλακας,
269 1729 486 1810 ἀπολωλεκὼς
503 1731 562 1800 τόν
575 1736 680 1819 μέγαν
694 1735 853 1799 ἐκεῖνον
836 1755 956 1798 εαυτου
974 1735 1075 1813 δορυ-

12 1905 13 1910 1
73 1831 200 1917 φόρον,
217 1836 354 1917 ἔρημος,
371 1830 450 1899 οὐδὲ
464 1838 619 1918 γενναίας
630 1836 677 1897 έτι
688 1825 796 1915 χειρὸς
810 1826 907 1907 άξιος.
928 1832 1076 1896 ἐνταῦθα

72 1936 191 1996 τοίνυν
211 1927 294 2014 πρὸς
314 1929 474 2015 ἐμαυτόν,
504 1922 665 2012 ύάνδρες
686 1929 853 2008 δικασταί,
880 1922 918 1990 τά
940 1930 1075 1990 τοιαῦτα

73 2027 284 2147 έλργιζόμην·
318 2025 418 2094 πάντ’
441 2033 504 2112 ἔχει
523 2052 578 2111 μοι
600 2030 723 2105 καλῶς,
751 2021 858 2087 πάντα
882 2023 1075 2103 πέπρακται,

74 2126 185 2192 πάντα
196 2126 422 2243 κατάρθωτμι.
438 2132 512 2192 τίνα
523 2120 595 2190 άνο
583 2119 797 2202 περίλοιπος
807 2120 986 2198 κολασθειη
998 2113 1076 2195 τρό-
1096 2137 1146 2191 145

74 2249 155 2303 πον;
179 2226 262 2307 ἐμοῦ
274 2219 389 2340 μὲν
350 2248 413 2306 γαρ
429 2219 563 2301 ἀνάξιός
574 2222 641 2287 ἐστι
658 2220 711 2285 καὶ
725 2243 782 2302 της
796 2218 874 2341 ἐμης
889 2217 1004 2296 δεξιᾶς,
1023 2212 1077 2277 καὶ

73 2320 248 2405 μάλιστα’
233 2343 271 2385 επ
274 2316 382 2409 ’έργφ
394 2326 532 2408 λαμπρῷ
547 2319 602 2384 καὶ
615 2322 759 2404 νεανικῷ
771 2316 826 2381 καὶ
838 2316 978 2399 γενναίφ
994 2305 1077 2395 ἀνη-

73 2419 235 2503 ρημένος,
258 2417 488 2504 καταισχύνων
506 2414 664 2501 κάκείνην
678 2441 738 2500 την
753 2412 897 2498 σφαγήν·
932 2408 1024 2489 ἀξιον
1042 2408 1080 2473 δέ

72 2543 149 2584 τινα
162 2520 217 2582 δει
228 2521 359 2600 ζητῆσαι
370 2517 490 2603 δήμιον
504 2514 607 2583 ἀλλον
617 2510 698 2598 μετά
712 2538 773 2597 την
784 2508 979 2633 συμφοράν,
995 2503 1077 2591 μηδε

40 2694 47 2701 ¹
72 2614 134 2700 τὴν
150 2610 258 2698 αὐτὴν
270 2618 465 2699 κερδαίνειν.
489 2615 594 2697 ἰδέτω,
612 2610 819 2696 κολασθήτω,
835 2611 1079 2692 παρακείμενον

74 2717 172 2798 ἐχέτω
186 2736 223 2777 το
213 2709 348 2797 ξίφος
369 2711 476 2800 τούτφ
491 2738 531 2777 τα
518 2706 645 2778 λοιπά
660 2710 858 2792 ἐντέλλομαι.
880 2712 981 2771 ταῦτα
995 2710 1078 2788 βου-

74 2809 281 2933 λευσάμενος
301 2808 400 2887 αὐτὸς
419 2836 481 2895 μευ
502 2805 654 2876 έκποδων
672 2796 1004 2891 ἀπηλλαττόμην,τό
1031 2800 1077 2879 δέ,

74 2911 158 2991 ὅπερ
166 2906 240 2992 «ἐγω
255 2906 595 2993 προύμαντευσάμην,
618 2904 813 2989 διεπράξατο
829 2901 882 2966 καὶ
896 2901 1079 2980 ἐτυραννο-

61 3008 218 3090 -κτόνησε
233 3008 287 3072 καὶ
302 3009 393 3082 τέλος
408 3007 597 3093 ἐπέθηκε
566 3030 611 3069 τω
597 3006 693 3093 ἐμῷ
714 3001 864 3085 δράματι.
898 3003 927 3061 9.
945 2992 1080 3074 πάρειμι

75 3099 139 3172 οὖν
155 3110 298 3188 κομίζων
309 3100 390 3188 ὑμῖν
400 3128 461 3187 την
471 3106 694 3188 δημοκρατίαν
706 3102 758 3166 καὶ
770 3108 911 3180 θαρρεῖν
921 3091 984 3177 ἤδη
996 3113 1081 3173 προ-

74 3228 251 3288 κηρυττων
259 3200 361 3267 απασι
371 3203 424 3267 και
434 3228 495 3286 την
503 3203 699 3283 ἐλευθεριον
709 3190 1005 3280 ευαγηελιζομενος
1016 3187 1079 3273 ἤδη

74 3295 139 3367 οὖν
152 3297 336 3366 ἀπολαύετε
346 3324 414 3365 των
425 3304 532 3383 ἔργων
542 3306 610 3364 τάν
622 3298 720 3381 ἐμάν.
743 3318 822 3378 κενη
812 3284 937 3376 μίν,’
918 3314 960 3366 ως
971 3284 1079 3373 ὁρᾶτε,

74 3404 238 3483 πονηρῶν
252 3423 272 3482 η
259 3394 480 3482 ἀκρόπολις,
495 3394 655 3462 ἐπιτάττει
672 3394 708 3459 δὲ
719 3390 813 3459 οὐδεί
799 3396 843 3474 ίς,
861 3384 943 3455 ἀλλά
961 3389 1015 3457 καὶ
1029 3412 1080 3455 τι
