2575 3842
188 205 296 263 ΠΩΣ
315 207 403 263 ΔΕΙ
422 206 628 263 ΙΣΤΟΡΙΑ
639 207 666 263 Ν
683 208 1012 267 ΣῬΓΓΡΑΦΕΙΝ.
1064 203 1103 266 15

93 470 226 548 ταμῶν,
244 463 451 549 ἑκατέρωθεν
466 466 502 530 ἐν
519 469 586 551 χρῶ
598 465 896 549 παραμειβομένων
910 467 966 533 καὶ
978 489 1103 550 μονον-

93 562 168 646 ουχὶ
179 567 241 627 τοῦ
254 567 381 646 τείχους
391 559 582 640 ψαυόντων.
600 558 636 626 τό
652 560 687 626 δὲ
698 563 752 627 καὶ
763 569 905 646 γελοῖον,
923 571 957 629 εί
963 581 1014 628 σοι
1026 567 1102 645 νῦν,

95 652 122 725 ῶ
139 665 270 743 Φίλων,
288 656 532 744 ἀπολογοίμην,
550 655 592 735 ῶς
608 654 650 723 οὑ
666 664 877 742 Παρθυαίων
893 656 970 725 οὑδὲ
986 665 1102 724 Μεσο-

94 763 274 842 ποταμίτης
295 778 348 823 σοι
363 757 445 841 ε’γῶ,
467 751 502 823 οἷ
519 781 559 841 με
575 758 689 842 φέρων
710 754 727 823 ὁ
745 753 939 843 θαυμαστός
954 775 1102 840 συγγρα-

95 853 179 938 φεὺς
195 852 351 942 ἀπῴκισε
375 859 425 921 25
441 851 482 938 νὴ
498 859 565 921 Δία
579 852 714 922 κάκεῖνο
729 859 849 943 κομιδῇ
863 851 1013 921 πιθανόν
1027 853 1103 937 περὶ

93 978 154 1018 τον
141 949 423 1036 Σευηριανοῦ’
408 976 426 1016 ο
446 949 546 1029 αὐτὸς
565 945 664 1030 οὑτος
685 951 776 1018 εἶπεν
795 951 1058 1038 ἐπομοσάμενος,
1080 941 1103 1033 ἦ

94 1075 163 1135 μην
181 1045 326 1115 ἀκοῦσαί
342 1074 432 1126 τινος
448 1055 517 1115 τῶν
537 1051 570 1128 ἐξ
587 1046 692 1116 αὑτοῦ
713 1057 774 1116 τοῦ
797 1055 897 1135 ἔργον
915 1046 1103 1133 διαφυγόν-

91 1171 179 1214 των·
214 1144 290 1211 οὔτε
315 1142 380 1230 γάρ
402 1151 489 1231 ξίφει
510 1148 667 1232 ἐθελῆσαι
689 1144 792 1214 αὑτὸν
815 1145 1001 1215 ἀποθανεῖν
1024 1145 1100 1213 οὔτε
1117 1165 1152 1220 34

93 1241 277 1328 φαρμάκου
290 1257 379 1310 πιεῖν
391 1241 468 1310 οὔτε
482 1243 608 1330 βρόχου
623 1241 792 1328 ἅψασθαι,
808 1241 892 1310 ἀλλά
906 1269 981 1310 τινα
991 1243 1103 1310 θάνα-

93 1368 152 1410 τον
171 1343 344 1424 ἐπινοῆσαι
361 1339 519 1426 τραγικὸν
535 1344 589 1408 καί
608 1348 650 1429 τῇ
663 1341 767 1428 τόλμη
782 1345 963 1420 ξενίζοντα·
991 1353 1102 1424 τυχεῖν

92 1440 155 1525 μὲν
169 1435 235 1523 γάρ
252 1435 357 1505 αὑτόν
378 1443 493 1523 ἔχοντα
509 1440 706 1523 παμμεγέθη
721 1436 896 1523 ἐκποόματοι
909 1433 1031 1503 ὑάλινα
1046 1442 1102 1521 τῆς

93 1542 270 1620 καλλίστης
290 1533 413 1603 ὑάλου·
439 1537 508 1603 ἐπεὶ
530 1537 567 1602 δὲ
584 1534 717 1612 πάντως
737 1533 924 1602 ἀποθανεῖν
944 1539 1101 1619 ἔγνωστο,

95 1632 281 1712 κατάξαντα
294 1631 354 1700 τόν
371 1635 527 1719 μέγιστον
539 1639 607 1699 τῶν
623 1633 765 1717 σκύφων
777 1633 826 1700 ἑνὶ
840 1639 907 1699 τῶν
921 1631 1102 1717 θραυσμά-

95 1757 161 1797 των
177 1730 365 1816 χρήσασθαι
387 1737 432 1809 είς
447 1729 508 1816 τὴν
528 1727 663 1818 σφαγὴν
683 1729 862 1815 ἐντεμόντα
877 1737 916 1817 τῇ
935 1727 1027 1818 ὑάλῳ
1040 1727 1100 1796 τόν

92 1827 225 1913 λαιμόν.
249 1825 354 1906 οὑτως
365 1826 406 1894 οὑ
420 1833 581 1913 ξιφίδιον,
598 1826 639 1894 οὑ
653 1827 831 1913 λογχάριον
848 1820 963 1912 εὗρεν,
980 1825 1023 1905 ῶς
1038 1825 1100 1893 ἀν-

93 1923 203 2004 δρεῖός
217 1947 255 2009 γε
269 1922 359 2015 αὑτῶ
375 1929 429 1992 καὶ
448 1923 588 2011 ἡρωϊκὸς
608 1923 625 1992 ὁ
640 1927 789 2003 θάνατος
803 1928 942 2010 γένοιτο.
970 1931 1020 1992 26.
1041 1921 1098 1991 εἶτ’

94 2017 207 2105 ἐπειδὴ
221 2027 429 2108 Θουκυδίδης
446 2023 622 2109 ἐπιτάφιόν
633 2049 708 2089 τινα
724 2019 792 2087 εἶπε
805 2034 874 2096 τοῖς
888 2022 1030 2106 πράτοις
1041 2029 1101 2088 τοῦ

94 2120 242 2203 πολέμου
254 2120 382 2187 ἐκείνου
392 2134 532 2206 νεκροῖς,
547 2123 602 2186 καὶ
613 2117 714 2195 αὐτὸς
724 2115 870 2204 ἡγήσατο
881 2124 1000 2202 χρῆναι
1011 2119 1101 2183 ε’πει-

92 2231 167 2284 πεῖν
190 2242 235 2304 τφ
224 2224 463 2307 Σευηριανῷ
493 2217 596 2285 άπασι
610 2216 675 2303 γάρ
691 2214 802 2293 αὐτοῖς
818 2211 901 2298 πρὸς
923 2211 984 2280 τόν
1000 2211 1101 2279 οὐθεν

92 2321 201 2382 αἴτιον
211 2321 280 2380 τῶν
291 2315 348 2383 ἐν’
341 2324 491 2407 Αρμενία
502 2323 626 2400 κακῶν,
636 2314 696 2382 τὸν
704 2310 956 2399 Θονκυδίδην,ἡ
968 2310 1098 2404 ἅμιλλα.

91 2413 207 2493 θάψας
223 2406 287 2480 οὑν
301 2413 361 2482 τόν
372 2413 585 2502 Σευηριανὸν
599 2419 857 2500 μεγαλοπρεπῶς
869 2410 1100 2499 ἀναβιβάζεται

92 2513 143 2579 ἐπι
169 2507 230 2577 τόν
253 2512 362 2598 τάφον
387 2512 571 2600 Ἀφράνιόν
594 2539 668 2579 τινα
688 2513 864 2579 Σίλωνα
847 2512 1099 2596 εκοιτόνταρχον,

92 2608 346 2697 ἀνταγωνιστην
356 2615 573 2697 Περικλέους,
591 2607 627 2688 ὃς
637 2616 773 2677 τοιαῦτα
785 2612 838 2676 καί
848 2617 991 2677 τοσαῦτα
1003 2615 1099 2696 ἐπερ-

92 2707 296 2795 ρητόρευσεν
311 2707 401 2798 αὑτῶ
410 2761 418 2793 ,
444 2709 526 2778 ῶστε
541 2737 581 2797 με
597 2707 637 2795 νὴ
653 2706 711 2786 τάς
725 2708 871 2794 Χάριτας
885 2707 992 2776 πολλά
1007 2709 1100 2777 πάνυ

92 2812 257 2888 δακρῦσαι
277 2805 342 2875 ὑπὸ
365 2815 425 2876 τοὺ
439 2811 595 2894 γέλωτος,
617 2811 671 2874 καὶ
686 2808 826 2892 μάλιστα
841 2803 941 2874 ὁπότε
957 2804 974 2873 ὁ
989 2807 1098 2892 ῥητωρ

92 2903 108 2972 ὁ
122 2903 300 2989 Ἀφράνιος
309 2909 361 2973 ἐπὶ
369 2912 453 2976 τέλει
464 2914 524 2974 τοῦ
537 2905 641 2992 λόγον
652 2905 808 2989 δακρύων
819 2903 886 2991 άμα
897 2903 962 2971 σὺν
973 2910 1099 2992 οἰμωγῇ

91 3013 274 3090 περιπαθεῖ
282 3005 442 3090 ἐμέμνητο
453 3013 520 3070 τῶν
534 3011 726 3073 πολυτελῶν
737 3007 874 3072 ἐκείνων
887 3007 1033 3068 δείπνων
1044 3005 1098 3070 καί

90 3101 300 3186 προπόσεων,
313 3099 380 3168 εἶτα
393 3105 556 3188 ἐπέθηκεν
565 3101 745 3171 Αἰάντειόν
756 3127 830 3168 τινα
842 3099 903 3185 τὴν
914 3105 1097 3181 κορωνίδα·

90 3198 302 3282 σπασάμενος
316 3195 381 3284 γάρ
397 3196 433 3265 τό
451 3201 561 3284 ξίφος,
586 3199 730 3285 εὐγενῶς
743 3197 834 3264 πάνυ
847 3199 900 3263 καὶ
916 3194 960 3275 ῶς
971 3195 1096 3283 Ἀφρά-
1111 3223 1146 3278 ³5

90 3325 165 3366 νιον
182 3293 270 3373 είκὸς
292 3290 352 3382 ἦν,
374 3296 510 3363 πάντων
524 3295 683 3382 ὁρῶντων
703 3294 891 3379 ἀπέσφαξεν
907 3295 1028 3365 ἑαυτὸν
1045 3300 1098 3367 ἐπὶ
1186 3339 1189 3344 ,

89 3405 132 3485 τῶ
149 3397 265 3486 τάφφ,
281 3393 342 3461 οὑκ
358 3394 492 3474 ἀνάξιος
508 3391 556 3462 ῶν
567 3393 612 3481 μά
626 3394 686 3462 τόν
699 3393 873 3462 Ἐνυάλιον
889 3394 954 3481 πρό
970 3404 1097 3464 πολλοῦ
