2575 3842
361 161 807 219 ΙΚΑΡΟΜΕΝΙΠΠΟΣ.
1025 159 1087 223 415

47 321 186 408 σκάφη
202 320 257 386 καὶ
274 317 336 404 τήν
353 315 555 405 Ἀκαδημίαν
569 319 757 405 καταφλέξῃ
775 319 829 385 καὶ
848 320 962 407 παύση
978 316 1036 400 τάς
1051 323 1089 388 έν

49 432 133 496 τοῖς
150 416 350 503 περιπάτοις
365 418 552 504 διατριβάς·
576 413 665 484 οὕτω
682 413 747 502 γάρ
764 412 807 482 άν
823 417 959 502 είρήνην
974 415 1086 505 ἄγοιμι

50 512 235 602 ὁσημέραι
250 511 330 600 παρ’
345 512 458 581 αύτῶν
473 516 757 600 γεωμετρουμένη.
781 519 832 581 22.
845 511 959 603 Ἔσται
973 523 1087 601 ταῦτα,

49 605 104 698 ήν
121 610 160 678 δ’
177 611 263 698 έγά,
280 615 335 679 καὶ
349 608 417 698 άμα
431 609 516 697 πρὸς
530 609 568 679 τὸ
586 609 727 692 άναντες
744 616 872 679 ἔτεινον
886 609 948 698 τήν
962 613 1015 679 ἐπὶ
1028 620 1088 678 τού

53 707 235 795 ούρανοῦ,
259 757 262 763 -

154 810 317 896 ἔνθαμὲν
329 807 405 876 ούτε
418 815 510 896 βοῶν
522 805 593 875 οὔτ’
607 807 742 893 ἀνδρῶν
754 814 891 893 φαίνετο
903 813 1000 894 ἔργα·
1105 824 1155 880 777

54 906 138 992 μετ’
156 905 274 994 ὀλίγον
286 905 351 992 γάρ
363 903 447 994 καὶὴ
461 905 584 992 σελήνη
599 907 736 993 βραχεῖά
750 931 807 992 μοι
819 913 1015 991 καθεωρᾶτο
1030 909 1085 972 καὶ

55 1002 126 1090 τήν
141 1012 212 1092 γήν
226 1002 289 1090 ήδη
304 1003 503 1090 ἀπέκρυπτε.
528 1001 642 1091 λαβων
654 1001 867 1090 δὲτδνήλιον
878 1007 915 1072 ἐν
926 1007 1017 1093 δεξιᾷ
1029 1005 1085 1072 διὰ

57 1110 136 1168 τῶν
153 1100 306 1189 άστέρων
321 1104 501 1189 πετόμενος
521 1117 664 1188 τριταῖος
681 1105 862 1187 ἐπλησίασα
876 1108 922 1190 τῷ
938 1099 1085 1191 οὐρανῷ,

60 1201 122 1265 καὶ
132 1197 172 1265 τό
188 1201 250 1284 μὲν
260 1207 394 1284 πρῶτον
404 1200 512 1268 ἐδόκει
524 1227 580 1286 μοι
593 1197 636 1278 ὡς
654 1199 742 1285 εἶχον
754 1195 861 1278 εύθύς
876 1209 953 1268 εῐσω
967 1201 1086 1284 παριέ-

63 1321 141 1362 ναι·
178 1297 300 1385 ῥηιδίως
320 1293 385 1382 γάρ
408 1294 503 1386 ήόμην
530 1301 705 1364 διαλαθεϊν
728 1294 786 1364 άτε
809 1301 842 1376 ἐξ
862 1293 1013 1384 ἡμισείας
1037 1291 1085 1363 ὧν

61 1391 182 1478 ἀετός,
205 1391 265 1460 τὸν
281 1395 317 1462 δὲ
336 1391 435 1462 άετόν
451 1395 642 1481 ἠπιστάμην
661 1397 698 1462 ἐκ
716 1402 862 1462 παλαιοῦ
881 1395 1017 1480 συνήθη
1038 1400 1084 1482 τῷ

62 1495 144 1558 Διί·
169 1487 313 1573 ὕστερον
328 1491 363 1558 δὲ
379 1491 582 1578 ἐλογισάμην
597 1487 642 1570 ὡς
655 1492 791 1577 τάχιστα
801 1491 1087 1576 καταφωράσουσί

71 1612 108 1652 ιιε
123 1583 233 1670 γυπός
247 1587 307 1673 τήν
319 1589 434 1674 ἑτέραν
444 1593 591 1676 πτέρυγα
602 1597 845 1676 περικείμενον.
868 1587 1007 1675 άριστον
1018 1579 1084 1654 οὖν

69 1690 188 1770 κρίνας
203 1681 239 1751 τό
256 1683 300 1770 μή
317 1687 622 1768 παρακινδυνεύειν
643 1693 785 1755 ἔκοπτον
799 1683 1001 1775 προσελθων
1020 1681 1083 1772 τήν

67 1782 196 1867 θύραν.
226 1778 421 1860 ὑπακούσας
436 1781 471 1849 δὲ
487 1780 504 1849 ὁ
524 1780 643 1868 Ἐρμής
657 1785 713 1866 καὶ
726 1783 875 1871 τούνομα
890 1784 1082 1870 ἐκπυθόμε-

70 1908 129 1961 νος
144 1881 242 1972 άπήει
260 1878 343 1950 κατά
359 1881 511 1970 σπουδήν
529 1883 672 1968 φράσων
690 1889 735 1972 τῷ
752 1890 828 1967 Διί,
851 1886 907 1950 καλ
922 1880 994 1968 μετ’
1011 1880 1083 1950 ὀλί-

71 2006 135 2066 γον
150 1978 350 2067 εἰσεκλήθην
365 1981 456 2048 πάνυ
475 1978 592 2058 δεδιώς
605 1983 661 2048 καὶ
676 1985 823 2067 τρέμων,
838 1980 1082 2067 καταλαμβάνω

72 2104 107 2145 τε
121 2078 246 2155 πάντας
261 2075 329 2164 ἅμα
346 2080 624 2165 συγκαθημένους
635 2075 714 2146 οὐδὲ
725 2076 848 2158 αύτούς
858 2076 1081 2164 ἀφρόντιδας·

75 2174 274 2261 ὑπετάραττε
288 2174 353 2262 γάρ
366 2173 471 2263 ήσυχή
488 2176 525 2245 τό
541 2177 735 2262 παράδοξόν
748 2205 815 2264 μου
828 2185 886 2264 τής
898 2181 1082 2262 ἐπιδημίας,

75 2277 129 2344 καὶ
137 2275 217 2344 ὅσον
229 2273 360 2344 οὐδέπω
372 2277 498 2355 πάντας
510 2274 717 2362 ἀνθρώπους
728 2275 905 2362 άφίξεσθαι
916 2277 1081 2361 προσεδό-
1099 2287 1152 2344 778
1265 2285 1268 2293 ’

78 2400 145 2442 κων
169 2371 228 2441 τόν
249 2371 354 2441 αύτόν
376 2375 503 2461 τρόπον
524 2377 784 2461 ἐπτερωμένους.
820 2382 870 2444 23.
895 2374 913 2442 ὁ
940 2375 977 2442 δὲ
997 2371 1083 2452 Ζεύς

79 2473 160 2560 μάλα
170 2477 320 2560 φοβερῶς
330 2475 433 2560 δριμύ
441 2501 476 2542 τε
486 2478 540 2543 καὶ
550 2480 729 2553 τιτανῶδες
739 2479 784 2554 είς
793 2475 849 2559 ἐμὲ
859 2470 989 2540 άπιδάν
1000 2492 1093 2558 φησι,

132 2580 176 2652 τίς
189 2573 298 2640 πόθεν
314 2570 359 2651 εἷς
374 2570 525 2660 ἀνδρῶν,
541 2574 626 2642 πόθι
640 2600 692 2641 τοι
710 2573 805 2651 πόλις
818 2570 877 2658 ήδὲ
890 2578 1023 2658 τοκήες;
1127 2629 1136 2641 .

80 2669 139 2756 ε’γοδ
154 2671 187 2738 δέ
203 2667 247 2748 ὡς
262 2669 353 2738 τοῦτ’
373 2670 663 2760 ήκουσα,,μικροῦ
679 2673 741 2759 μὲν
759 2675 920 2752 ἐξέθανον
936 2669 1003 2739 ύπό
1019 2676 1080 2736 τοτ’

82 2770 184 2854 δέους,
208 2769 371 2855 εἱστήκειν
393 2771 428 2836 δὲ
449 2767 539 2856 όμως
559 2768 684 2855 ἀχανής
704 2773 759 2838 καὶ
781 2767 846 2837 ύπὸ
864 2777 921 2854 τής
938 2778 1082 2855 μεγαλο-

84 2875 200 2954 φωνίας
222 2871 535 2956 ἐμβεβροντημένος.
563 2868 674 2958 χρόνῳ
690 2866 721 2934 δ’
741 2865 885 2954 ἐμαυτόν
900 2863 1082 2954 άναλαβύν

84 2965 201 3034 ἅπαντα
219 2968 408 3053 διηγούμην
428 2972 542 3051 σαφῶς
563 2965 701 3034 άνωθεν
714 2965 915 3054 ἀρξάμενος,
943 2962 987 3045 άις
1008 2970 1081 3032 ἐπι-

84 3066 259 3152 θυμήσαιμι
274 3063 313 3133 τά
331 3067 478 3150 μετέωρα
495 3066 671 3152 ἐκμαθεῖν,
693 3065 736 3145 ὡς
751 3071 884 3151 ἔλθοιμι
901 3061 991 3149 παρά
1001 3063 1081 3142 τούς

86 3165 295 3252 φιλοσόφους,
312 3161 355 3242 ὡς
366 3161 525 3231 τάναντιά
539 3163 709 3250 λεγόντων
720 3161 917 3250 ἀκούσαιμι,
935 3161 979 3242 ὡς
993 3160 1081 3231 άπα-

86 3263 266 3350 γορεύσαιμι
289 3261 518 3349 διασπώμενος
532 3259 599 3330 ὑπό
616 3269 685 3330 τῶν
699 3263 826 3347 λόγων,
850 3259 918 3328 εἶτα
934 3264 1006 3349 ἑξής
1020 3258 1081 3347 τήν

21 3413 30 3418 -
87 3365 222 3432 ἐπίνοιαν
237 3358 346 3430 καὶτὰ
365 3359 467 3447 πτερά
485 3362 540 3428 καὶ
560 3353 664 3430 τάλλα
687 3361 795 3430 πάντα
811 3364 904 3447 μέχρι
922 3358 1005 3449 πρὸς
1022 3359 1081 3430 τὸν
1157 3377 1164 3384 ’
