2575 3842
506 190 702 248 ΕΡΩΤΕΣ.
1046 185 1107 249 217

100 378 179 438 μεν,
202 349 292 429 ὅπως
306 347 352 416 δι’
369 345 505 435 ἠρεμίας
528 344 667 414 άκούειν
682 373 717 415 τε
739 351 793 415 καλ
814 352 924 433 λέγειν
938 344 1010 415 ἅττ’
1027 338 1108 432 άνή

101 449 318 534 βουλομένοις
341 450 403 533 ἐξῇ.
438 447 610 530 μέμνησθε
628 445 664 512 δέ
685 442 730 522 ῶς
752 444 769 510 ὁ
790 446 934 532 τήμερον
955 442 1108 530 ήττηθελς

103 543 210 612 οὐκέτ’
228 537 329 621 αὖθις
344 542 425 630 ἡμῖν
445 544 604 623 περὶτῶν
620 542 892 628 ίσωνδιοχλήσει.
926 549 975 612 18.
999 549 1108 619 καλῶς

5 629 6 634 ¹
101 648 198 722 ἔδοξα
212 649 314 708 ταῦτα
328 644 436 725 λέγειν
450 640 504 706 καί
516 637 852 723 συγκαταινεσάυτωυ
863 637 1027 725 ἐξῄειμεν,
1042 636 1108 722 ἐγῶ

4 819 5 834 ,
102 741 163 826 μὲν
176 737 338 825 ἡδόμενος
350 735 506 821 οὐδεμιᾶς
520 760 560 821 με
575 734 748 821 πιεζούσης
759 741 952 822 φροντίδος,
966 740 1001 803 οί
1010 733 1042 802 δ’
1055 737 1107 803 ἐπί

102 843 259 912 συννοίας
277 835 426 920 μεγάλην
446 836 484 900 ἐν
498 835 627 910 ἑαυτοῖς
647 835 766 912 σκέφιν
780 833 852 899 άνω
867 837 922 900 καί
936 831 1027 900 κάτω
1045 858 1108 899 κυ-

101 939 258 1009 κλοῦντες
278 928 323 1008 ῶς
343 932 417 1014 περὶ
439 936 496 1014 τῆς
517 935 729 1015 προνομαίας
751 927 995 1015 ἀγωνιούμενοι
1013 937 1108 997 Πλα-

102 1038 241 1097 ταιᾶσιν.
267 1031 335 1096 ἐπεὶ
349 1026 379 1095 δ’
397 1027 524 1114 ήκομεν
538 1035 585 1104 είς
599 1051 629 1092 τι
644 1030 831 1111 συνηρεφὲς
842 1029 897 1094 καί
911 1034 1109 1096 παλίνσκιον

103 1128 173 1216 ῶρᾳ
184 1133 306 1212 θέρους
317 1124 600 1210 ἀναπανστήριον,
612 1121 724 1208 Ἡδύς,
741 1123 855 1204 είπῶν,
872 1122 890 1190 ό
905 1124 1016 1209 τόπος,
1031 1125 1108 1210 ἐγῶ,

102 1229 156 1293 καὶ
170 1225 234 1310 γάρ
249 1229 284 1291 οί
295 1222 378 1290 κατά
393 1220 550 1310 κορυφήν
563 1218 705 1305 λιγυρόν
718 1217 883 1306 ὑπηχοῦσι
898 1225 1055 1307 τέττιγες,
1071 1226 1110 1289 ἐν

104 1325 190 1412 μέοφ
205 1321 295 1387 πάνυ
311 1327 506 1397 δικαστικῶς
516 1319 707 1403 καθεζόμην
718 1316 824 1404 αύτήυ
835 1321 887 1387 ἐπὶ
899 1334 968 1398 ταῖς
982 1318 1107 1405 ὀφρύσι

105 1420 164 1506 τήν
175 1418 325 1487 Ἡλιαίαν
341 1424 433 1504 ἔχων.
463 1418 602 1502 προθείς
616 1413 647 1481 δ’
668 1414 868 1501 ἀμφοτέροις
881 1424 1007 1504 κλήρου
1022 1414 1108 1500 ὑπὲρ

102 1525 162 1585 τοῦ
176 1524 249 1585 τίυα
264 1515 324 1602 χρή
340 1523 473 1599 πρῶτον
489 1521 608 1598 εἰπεῖν,
632 1512 745 1600 ἐπειδή
760 1523 927 1601 Χαρικλῆς
943 1517 1108 1600 ἐλελόγχει

102 1614 283 1698 πρότερον,
303 1611 409 1691 εὐθύς
425 1611 624 1697 ἐνάρχεσθαι
641 1610 821 1697 τοῦλόγου
836 1612 1105 1697 διεκελευσάμηυ.
1193 1683 1196 1688 ,

103 1719 151 1781 19.
175 1709 191 1777 ὁ
220 1713 256 1778 δὲ
284 1717 323 1798 τή
345 1713 435 1798 δεξιᾷ
456 1707 493 1777 τὸ
517 1711 699 1793 πρόσωπον
723 1707 905 1794 ἀνακρίνας
927 1708 1033 1798 ἡσυχῇ
1053 1710 1108 1775 καί

102 1807 222 1894 μικρόν
243 1805 386 1892 ε’πισχῶν
406 1805 539 1893 ἄρχεται
558 1809 638 1894 τῇδέ
657 1829 724 1890 πη,
751 1808 816 1890 Σέ,
840 1811 1016 1890 δέσποινα,
1040 1812 1109 1872 τῶν

102 1901 187 1985 ὑπὲρ
203 1909 266 1969 σοῦ
282 1903 409 1988 λόγων,
429 1901 619 1988 Ἀφροδίτη,
641 1920 678 1968 σε
696 1900 827 1987 βοηθόν
843 1906 880 1969 αί
890 1904 964 1987 ἐμαλ
981 1902 1109 1988 δεήσεις

102 2008 279 2066 καλοῦσιν·
312 1999 434 2068 ἅπαντα
455 1999 599 2086 μὲνγὰρ
620 2006 706 2089 έργφ
728 1997 793 2068 κάν
817 2001 925 2089 βραχύ
946 2009 1004 2087 τῆς
1024 2006 1109 2080 ίδίας

102 2103 244 2173 πειθοῦς
255 2098 444 2186 ἐπιστάξης,
459 2099 665 2167 τελειότατόν
677 2101 784 2185 ἐστιν,
802 2102 836 2166 ολ
844 2098 877 2166 δ’
890 2101 1037 2181 ἐρωτικοί
1049 2099 1109 2165 λό-

102 2221 156 2280 γοι
173 2203 331 2276 περιττῶς
351 2205 415 2263 σοῦ
435 2199 581 2264 δέονται·
615 2193 658 2263 σύ
679 2193 745 2281 γάρ
766 2194 877 2263 αὐτῶν
897 2195 1106 2282 γνησιῶτάτη
1124 2214 1178 2268 419

102 2293 218 2378 μήτηρ.
250 2301 301 2359 ίθι
318 2291 358 2378 δή
373 2295 504 2378 γυναιξὶ
522 2294 708 2379 συνήγορος
725 2292 746 2381 ή
766 2295 902 2381 θήλεια,
923 2295 1057 2381 χάρισαι
1072 2293 1109 2362 δέ

102 2391 156 2458 καὶ
167 2403 235 2466 τοῖς
244 2387 386 2474 άνδράσι
396 2392 511 2477 μένειν
520 2390 675 2476 ἄρρεσιν,
691 2389 735 2471 ῶς
746 2392 988 2480 ἐγεννήθησαν.
1009 2390 1106 2480 ἐγῶγ’

103 2480 166 2554 ούν
180 2485 285 2565 εύθύς
300 2489 338 2555 ἐν
353 2485 436 2576 ἀρχή
451 2489 629 2576 τοῦλόγου
646 2487 708 2576 τήν
724 2493 919 2579 προμήτορα
935 2495 990 2561 καὶ
1001 2493 1109 2579 πάσης

101 2588 261 2669 γενέσεως
282 2587 508 2670 πρωτόρριζον
530 2579 578 2655 ῶν
603 2585 684 2668 ἀξιῶ,
703 2590 857 2676 μάρτυρα
879 2593 1107 2677 ἐπικαλοῦμαι,

104 2686 188 2768 λέγω
204 2683 239 2751 δέ
255 2682 316 2769 τήν
336 2681 431 2768 ίεράν
450 2691 518 2752 τῶν
533 2683 622 2754 ὅλων
637 2687 768 2772 φύσιν,Ι
781 2686 804 2774 ή
817 2686 858 2756 τά
874 2697 988 2775 πρῶτα
1005 2695 1110 2774 πηξα-

104 2785 186 2867 μένη
207 2796 347 2868 στοιχεία
363 2788 425 2849 τοῦ
439 2784 568 2870 κόσμου
590 2793 656 2870 γήν
671 2784 752 2871 άέρα
768 2793 836 2871 πῦρ
857 2784 950 2870 ὕδωρ
970 2793 1010 2874 τῇ
1026 2784 1110 2870 πρὸς

104 2878 229 2965 ἄλληλα
256 2881 386 2947 τούτων
413 2881 582 2967 ἐπικράσει
609 2891 676 2950 πᾶν
701 2884 926 2974 έζφογόυησεν
951 2890 1107 2969 ἔμψυχον.

103 2981 300 3065 ἐπισταμένη
317 2977 347 3045 δ’
372 2977 422 3046 ότι
438 2987 565 3066 θνητῆς
585 2983 684 3067 ἐσμὲν
698 2980 780 3067 ύλης
800 2979 1033 3067 δημιούργημα
1054 2981 1110 3047 καὶ

102 3075 228 3163 βραχύς
239 3077 358 3161 χρόνος
369 3073 387 3144 ὁ
399 3084 460 3143 τοῦ
472 3083 530 3164 ζήυ
540 3078 666 3168 ἑκάστῳ
678 3085 908 3163 καθείμαρται,
923 3075 985 3164 τήν
996 3079 1109 3163 ἑτέρου

103 3171 242 3259 φθοράν
261 3172 366 3241 ἄλλον
388 3175 520 3260 γένεσιν
540 3175 765 3262 ἐμηχανήσατο
788 3177 904 3266 καὶτῷ
925 3175 1109 3262 θυήσκοντι

103 3271 139 3338 τό
152 3271 348 3357 τικτόμενον
358 3271 615 3360 άντεμέτρησεν,
633 3277 689 3341 ἵνα
700 3287 771 3352 ταῖς
779 3271 857 3359 παρ’
872 3272 1025 3360 άλλήλυυ
1036 3277 1091 3340 δια

4 3429 8 3444 ,
103 3375 214 3456 δοχαῖς
229 3377 275 3448 είς
293 3368 353 3438 τόν
372 3369 422 3439 ἀεὶ
443 3371 566 3458 χρόνον
584 3378 698 3457 ζῶμεν.
730 3374 800 3439 ἐπεί
815 3369 846 3439 δ’
867 3365 913 3458 ήν
932 3371 1061 3460 ἄπορον
1076 3375 1109 3452 ἐξ
