2575 3842
167 197 230 259 244
528 199 826 258 AOYKIANOY

167 353 304 441 ὁμοίως,
324 359 379 425 καὶ
394 355 479 436 ὅλως
499 361 582 444 μέγα
596 386 627 425 τι
646 363 764 442 θαῦμα
782 359 837 424 καὶ
853 361 964 444 θέαμα
983 364 1094 424 πᾶσαν
1108 355 1169 442 τὴν

167 449 386 540 ἀνθρωπίνην
402 453 588 574 εὐμορφίαν
604 453 859 539 ὑπερπεπαικός.

97 556 150 612 468
254 557 302 618 10.
322 557 425 618 ΠΟΛ.
439 549 507 636 'Ex'
525 549 674 636 ἀτρέμας
699 555 835 635 συνίημι
851 548 915 668 γάρ
929 547 994 634 ηδη
1006 573 1097 614 πανυ
1109 569 1170 614 σα

135 654 238 730 φῶς
260 645 378 743 ηὐτιυα
400 649 454 715 καὶ
475 649 580 734 λέγεις
601 645 663 733 την
684 661 827 732 γυναῖκα
850 647 979 724 τούτοις
999 672 1034 712 τε
1057 644 1170 724 αύτολς

166 750 331 829 γνωρίσας
342 746 395 811 καὶ
406 769 446 830 τη
433 749 598 829 πατρίδι.
620 741 722 813 καλ’
687 745 868 829 ευνούχους
879 747 918 811 δέ
926 770 1018 821 τινας
1029 746 1170 810 ἕπεσθαι

166 837 249 928 αὐτῇ
268 847 358 926 ἔφης.

250 945 347 1007 AYK.
371 937 425 1025 Νη
441 947 524 1023 Δία,
541 941 808 1024 καὶστρατιάτας
824 939 926 1018 τινάς.

249 1043 351 1103 ΠΟΛ.
379 1034 449 1121 Την
464 1043 595 1122 βασιλεῖ
607 1044 793 1123 συνοῦσαν,
808 1065 833 1146 ω
849 1038 1008 1123 μακάριε,
1024 1064 1086 1123 την
1096 1044 1169 1104 αοι

166 1139 264 1219 διμον
280 1135 404 1220 ταύτην
419 1139 531 1218 λέγεις.

248 1237 348 1299 AYK.
374 1237 416 1297 Τί
429 1233 497 1297 δέ’
481 1252 570 1297 εστιν
586 1227 669 1317 αὐτη
682 1229 845 1315 τούνομα;

248 1334 351 1394 ΠΟΛ.
379 1328 479 1394 Πάνυ
499 1329 553 1393 καὶ
572 1333 670 1392 τοῦτο
686 1327 878 1412 γλαφυρόν,
906 1317 1088 1406 ὦΛυκίνε,
1114 1327 1166 1391 καί

164 1426 359 1506 ἐπέραστον·
383 1423 560 1508 ὁμώνυμος
570 1425 634 1508 γάρ
649 1429 716 1492 ἐστι
730 1433 770 1513 τῇ
787 1432 847 1491 τοῦ
862 1422 1044 1510 Ἀβραδάτα
1059 1425 1168 1510 ἐκείνη

164 1531 204 1612 τῇ
214 1531 308 1610 καλῇ.
325 1521 423 1590 οἶσθα
435 1525 591 1601 πολλάκις
602 1521 749 1602 ἀκούσας
759 1530 976 1611 Ξενοφῶντος
987 1524 1168 1589 ἐπαινοῦν-

163 1621 220 1697 τός
236 1646 309 1686 τινα
325 1619 485 1703 σαόφρονα
502 1622 556 1687 καὶ
574 1619 680 1706 καλὴν
695 1638 846 1708 γυναῖκα.

248 1723 346 1783 AYK.
373 1715 423 1803 Νὴ
436 1725 518 1804 Δία,
534 1721 587 1786 καὶ
601 1717 710 1803 οἵσπερ
724 1747 761 1805 γε
773 1717 864 1803 ὁρῶν
877 1715 982 1803 αὐτὴν
994 1715 1082 1783 οὕτω
1094 1719 1169 1783 δια-

163 1817 323 1898 τέθειμαι,
340 1811 465 1881 ὁπόταν
476 1814 548 1884 κατ’
563 1817 669 1884 ἐκεῖνό
681 1843 748 1883 που
759 1816 999 1902 ἀναγινώσκων
1009 1819 1167 1899 γένωμαι,

93 1936 96 1955 ¹
163 1913 218 1978 καὶ
228 1913 406 1996 μονονουχὶ
418 1915 471 1980 καὶ
483 1911 596 1980 ἀκούω
609 1915 769 2000 λεγούσης
781 1913 882 2001 αὐτῆς
892 1910 914 1980 ἀ
924 1919 1097 1998 πεποίηται
1112 1912 1169 1977 λε’-

163 2030 286 2093 γουσα,
310 2012 364 2075 καὶ
382 2007 426 2086 ὡς
446 2009 564 2089 ὥπλιζε
578 2008 638 2077 τὸν
656 2009 762 2096 ἀνδρα
783 2013 838 2079 καὶ
859 2014 913 2078 οἵα
932 2003 977 2094 ἦν
992 2011 1169 2093 παραπέμ-

163 2125 272 2172 πουσα
287 2102 391 2172 αὐτόν
405 2108 457 2173 ἐπὶ
470 2105 532 2190 τὴν
548 2108 665 2192 μάχην.

248 2210 295 2272 ll.
326 2211 430 2271 ΠΟΛ.
461 2202 567 2286 Ἀλλ’,
595 2197 621 2270 ὦ
648 2203 777 2290 άριστε,
803 2202 844 2271 σύ
871 2205 933 2290 μὲν
956 2201 1066 2288 άσπερ
1089 2200 1165 2268 τινά

161 2297 333 2384 ἀστραπὴν
354 2305 639 2385 παραδραμοῦσαν
654 2300 740 2380 ἀπαξ
763 2299 846 2380 εἶδες
860 2300 966 2386 αὐτὴν
981 2305 1035 2368 καὶ
1056 2307 1167 2379 ἔοικας

160 2395 199 2463 τά
221 2396 377 2480 πρόχειρα
392 2404 511 2481 ταῦτα,
537 2401 676 2482 λέγωδὲ
696 2397 733 2464 τό
749 2406 842 2484 σῶμα
863 2401 917 2466 καλ
935 2397 996 2484 την
1017 2399 1165 2485 μορφήν,

160 2497 323 2560 ἐπαινεῖν·
356 2494 480 2560 τῶνδὲ
502 2501 559 2580 τῆς
582 2502 689 2581 ψυχῆς
708 2493 849 2580 ἀγαθων
872 2495 1013 2574 ἀθέατος
1037 2495 1066 2562 εἶ
1086 2494 1165 2562 οὐδὲ

160 2589 260 2658 οἶσθα
270 2588 351 2656 ὅσον
361 2588 398 2657 τό
411 2592 532 2670 κάλλος
542 2594 647 2661 ἐκεῖνό
659 2596 748 2660 ἐστιν
757 2592 858 2679 αὐτῆς
866 2601 981 2683 μακρῷ
993 2620 1059 2661 τινι
1069 2593 1166 2679 ἀμει-

159 2715 221 2755 νον
233 2690 287 2756 καὶ
300 2692 549 2776 θεοειδέστερον
562 2699 622 2759 τού
633 2691 792 2777 σώματος.
816 2689 878 2775 ἐγω
892 2692 926 2759 δὲ
937 2691 1089 2778 συνήθης
1099 2692 1164 2778 γάρ

159 2793 224 2873 είμι
245 2791 299 2857 καὶ
314 2788 424 2873 λόγων
439 2790 644 2876 ἐκοινώνησα
665 2790 824 2866 πολλάκις
840 2785 1007 2875 ὁμοεθνὴς
1023 2787 1080 2855 ὤν.
1110 2791 1165 2856 καὶ

90 2913 142 2968 459
160 2887 241 2972 γάρ,
266 2883 309 2964 ὡς
323 2883 423 2954 οἶσθα
439 2890 493 2954 καὶ
511 2885 626 2972 αύτός,
649 2887 685 2955 τό
706 2886 831 2974 ἥμερον
845 2888 900 2953 καὶ
917 2887 1164 2971 φιλάνθρωπον

158 2986 212 3052 καὶ
232 2984 446 3070 μεγαλόφρον
463 2988 517 3053 καὶ
534 2987 760 3070 σωφροσύνην
774 2987 829 3052 καὶ
846 2988 999 3051 παιδείαν
1020 2983 1084 3070 πρό
1102 2993 1165 3052 τοῦ

158 3082 301 3160 κάλλους
318 3084 458 3149 ἐπαινῶ·
481 3082 555 3162 ἀξια
571 3109 634 3168 γαρ
647 3090 888 3169 προκεκρίσθαι
903 3089 1005 3150 ταῦτα
1021 3090 1080 3150 τοῦ
1095 3083 1164 3149 σω’-

158 3204 274 3265 ματος·
298 3182 366 3247 ἐπεὶ
381 3179 504 3265 ἀλογον
517 3176 560 3245 ἀν
572 3190 621 3265 είη
632 3183 687 3248 καὶ
701 3191 850 3267 γελοῖον,
868 3177 977 3264 ὥσπερ
995 3189 1028 3246 εί
1037 3206 1086 3256 τις
1101 3176 1163 3265 τὴν

158 3281 281 3361 ἐσθῆτα
295 3276 359 3363 πρό
371 3285 432 3343 τοῦ
444 3279 593 3362 σωματος
605 3278 779 3362 θαυμάζοι.
801 3275 837 3344 τό
854 3273 885 3342 δ’
904 3279 1044 3363 ἐντελές,
1060 3275 1160 3363 οἶμαι,

158 3374 278 3452 κάλλος
292 3375 390 3442 τοῦτό
407 3379 511 3460 ἐστιν,
528 3374 655 3443 ὁπόταν
667 3378 699 3453 ἐς
713 3374 750 3442 τό
768 3375 848 3443 αύτὸ
864 3375 1040 3465 συνδράμῃ
1054 3383 1162 3463 ψυχῆς
