2575 3842
107 141 111 158 ‚.
198 113 261 176 414
552 115 858 193 Λονπωιιιον

197 271 262 358 γάρ
278 269 396 358 οὐδέν,
412 267 456 358 ἢν
471 272 516 358 μή
531 299 562 339 τι
579 275 696 357 φέρειν
711 275 777 362 δέη.
798 281 1004 362 Πρεσβείαν,
1029 282 1128 363 ἔφη,
1156 279 1225 344 τινά

198 366 239 435 ού
265 367 413 456 χαλεπὴν
434 370 489 436 καὶ
510 370 625 456 δέησιν
644 367 824 456 ἀπένεγκαι
849 371 930 454 παρ’
954 375 1043 459 ἐμοῦ
1067 382 1128 462 τῷ
1154 383 1225 446 Διί·

197 467 361 554 ἀπείρηκα
375 466 439 554 γάρ
453 466 534 555 ἤδη,
551 471 724 555 Μένιππε,
740 469 847 536 πολλά
859 472 912 536 καὶ
925 468 1019 537 δεινά
1036 471 1147 557 παρὰ
1160 480 1224 539 τῶν

111 629 114 635 .
198 568 396 652 φιλοσόφων
416 563 608 649 ἀκούουσα,
630 562 681 644 οἷς
701 564 800 634 οὐδὲν
818 566 933 652 ἕτερόν
953 569 1045 634 ε’στιν
1071 565 1222 654 ἔργονῆ

197 661 284 751 τάμά
299 673 609 750 πολυπραγμονεῖν,
631 669 680 742 τίς
694 669 759 749 εἰμι
775 665 830 731 καὶ
843 670 962 749 πηλίκη
977 659 999 750 ἢ
1013 667 1071 732 καὶ
1087 664 1146 732 δι’
1161 665 1221 752 ἤν-

197 789 270 829 τινα
287 768 395 830 αἰτίαν
409 762 582 847 διχότομος
592 758 614 848 ἦ
625 759 832 848 ἀμφίκυρτος
843 769 1008 848 γίγνομαι.
1031 764 1091 829 καὶ
1110 762 1220 848 οἱμὲν

197 865 428 927 κατοικεῖσδαί
439 861 483 944 μέ
495 879 614 944 φασιν,
638 863 673 926 οί
691 860 727 925 δὲ
745 859 934 942 κατόπτρου
954 863 1054 944 δίκην
1075 863 1219 942 ἐπικρέ-

196 965 324 1042 μασθαι
336 962 375 1042 τη
387 955 552 1042 θαλάττῃ,
569 959 602 1022 οί
611 953 647 1022 δέ
659 953 719 1023 ὅτι
730 952 774 1023 ἀν
787 958 924 1035 ἕκαστος
933 955 1098 1044 έπινοήση
1112 956 1218 1023 τοῦτο’

197 1077 254 1139 μοι
270 1051 509 1137 προσάπτουσι.
532 1053 572 1118 τά
587 1060 757 1120 τελευταῖα
770 1054 872 1122 δὲκαὶ
885 1050 923 1120 τὸ
940 1060 1011 1138 φώς
1025 1050 1115 1119 αύτό
1136 1063 1216 1120 κλο-

197 1149 336 1235 πιμαῖόν
349 1175 384 1216 τε
401 1151 456 1216 καὶ
470 1150 579 1216 νόθον
591 1145 679 1216 εἷναί
688 1157 747 1236 μοί
754 1171 859 1235 φασιν
870 1150 1006 1218 ἀνωθεν
1015 1142 1108 1236 ἧκον
1121 1149 1214 1230 παρά
1246 1158 1249 1193 ⁸

196 1255 257 1315 τοῦ
273 1245 403 1333 Ἡλίου,
427 1250 482 1315 καὶ
499 1245 541 1314 ού
555 1246 721 1315 παύονται
737 1250 792 1316 καὶ
811 1245 895 1334 πρὸς
911 1246 1031 1315 τοῦτόν
1046 1273 1090 1332 με
1109 1246 1213 1315 ἀδελ-

197 1341 267 1430 φόυ
281 1343 362 1414 ὅντα
380 1351 585 1431 συγκροῦσαι
601 1345 656 1411 καὶ
671 1346 844 1413 στασιάσαι
860 1344 1150 1432 προαιρούμενοι·
1175 1344 1212 1411 ού

195 1439 261 1526 γάρ
275 1438 374 1508 ίκανά
393 1433 437 1526 ἦν
460 1438 607 1518 αύτοϊςά
629 1445 704 1524 περὶ
720 1439 824 1510 αὐτοῦ
845 1444 995 1530 εἰρήκασι
1015 1450 1079 1509 τοῦ
1091 1441 1209 1510 Ἡλίου

196 1544 297 1606 λίθον
311 1534 416 1605 αύτόν
431 1536 514 1604 εἶναι
530 1540 584 1605 καὶ
598 1538 729 1624 μύδρον
745 1541 921 1628 διάπυρον.

281 1642 331 1704 21.
346 1641 464 1703 Καίτοι
485 1635 573 1704 πόσα
590 1634 654 1722 ἐγώ
670 1647 910 1727 συνεπίσταμαι
930 1636 1042 1716 αὐτοῖς
1056 1635 1081 1703 ἀ
1100 1639 1207 1723 πράτ-

197 1750 292 1798 τουσι
308 1738 376 1799 τών
391 1739 524 1800 νυκτῶν
540 1732 657 1819 αίσχρά
673 1737 727 1802 καὶ
747 1728 958 1804 κατάπτυστα
976 1740 1010 1803 οί
1026 1733 1107 1821 μεθ’
1127 1735 1207 1824 ἡμέ-

198 1855 263 1914 ραν
277 1833 473 1917 σκνθρωπολ
496 1833 550 1899 καὶ
566 1829 749 1917 ἀνδρώδεις
767 1833 804 1901 τὰ
823 1838 951 1923 βλέμμα
969 1834 1023 1901 καὶ
1043 1829 1082 1900 τύ
1099 1842 1207 1920 σχῆμα

197 1930 313 2013 σεμνοὶ
328 1931 383 1996 καὶ
400 1925 465 1995 ὑπὸ
484 1937 552 1995 τῶν
570 1934 712 1996 ίδιωτών
728 1929 1010 2019 ἀποβλεπόμενοι;
1033 1927 1129 2015 κάγώ
1147 1933 1206 2016 μὲν

196 2033 299 2094 ταῦτα
311 2025 423 2109 ὁρῶσα
435 2025 524 2115 ὅμως
535 2037 663 2096 σιωπῶ·
687 2029 728 2096 ού
739 2028 803 2117 γάρ
813 2030 958 2117 ἡγοῦμαι
970 2033 1110 2114 πρέπειν
1120 2027 1206 2096 ἀπο-

127 2139 177 2194 776
198 2126 345 2206 καλύψαι
362 2127 417 2195 καὶ
433 2130 631 2211 διαφωτίσαι
647 2125 705 2205 τάς
721 2125 918 2213 νυκτερινὰς
933 2130 1060 2206 ἐκείνας
1076 2131 1205 2213 διατρι-

196 2221 257 2310 βάς
272 2226 327 2292 καὶ
341 2223 401 2292 τόν
416 2227 468 2292 ἐπὶ
479 2233 603 2312 σκηνῆς
617 2225 757 2293 ἑκάστου
772 2230 863 2312 βίον,
878 2223 962 2292 ἀλλά
976 2223 1042 2292 κάν
1055 2251 1131 2292 τινα
1144 2232 1204 2293 ίδω

197 2319 309 2388 αύτών
335 2322 532 2408 μοιχεύοντα
557 2319 579 2410 ἢ
605 2329 787 2392 κλέπτοντα
813 2318 836 2407 ἦ
863 2321 945 2390 άλλο
974 2349 1005 2390 τι
1029 2331 1202 2409 τολμῶντα

197 2420 497 2505 νυκτερινώτατον,
519 2419 625 2500 εὐθύς
645 2425 892 2506 ἐπισπασαμένη
913 2417 950 2489 τὸ
968 2425 1072 2506 νέφος
1086 2426 1200 2490 ἐνεκα-

196 2515 372 2600 λυψάμην,
395 2519 453 2582 ἵνα
475 2515 519 2602 μὴ
540 2523 635 2599 δείξω
657 2533 725 2600 τοῖς
744 2528 877 2598 πολλοῖς
896 2523 1057 2606 γέροντας
1076 2519 1199 2605 ἄνδρας

195 2620 298 2700 βαθεῖ
314 2613 451 2699 πώγωνι
466 2617 521 2683 καὶ
540 2613 641 2706 ἀρετῇ
655 2622 972 2706 ἐνασχημονοῦντας.
1001 2625 1035 2687 oc
1050 2622 1086 2687 δὲ
1102 2618 1199 2687 οὐδὲν

196 2711 310 2780 ἀνιᾶσι
325 2707 625 2801 διασπαράττοντές
646 2743 687 2802 με
708 2715 857 2807 τῷλόγῳ
877 2719 932 2784 καὶ
951 2719 1060 2785 πάντα
1075 2719 1198 2804 τρόπον

196 2809 401 2898 ὑβρίζοντες,
423 2810 506 2882 ώστε
520 2810 561 2900 νὴ
573 2811 635 2900 τὴν
646 2814 765 2882 Νύκτα
779 2814 936 2895 πολλάκις
950 2817 1199 2903 ἐβουλευσάμην

196 2916 388 2996 μετοικῆσαι
404 2908 455 2978 ὅτι
469 2912 689 2998 πορρωτάτω,
704 2911 750 2980 ἵν’
767 2911 879 2980 αὐτῶν
893 2912 955 3000 τὴν
968 2919 1145 2999 περίεργον
1155 2911 1196 2981 ἀν
1247 2948 1248 3005 η

195 3015 344 3092 γλῶτταν
360 3012 531 3094 διέφυγον.
554 3012 702 3098 μέμνησο
713 3018 830 3080 τοίνυν
844 3012 993 3079 ταῦτάτε
1005 3010 1195 3099 ἀπαγγεῖλαι
1247 3010 1248 3029 ³

195 3113 241 3194 τῷ
256 3108 314 3173 Διὶ
329 3110 384 3176 καὶ
401 3119 600 3194 προσθεῖναι
615 3108 647 3177 δ’
664 3108 715 3178 ὅτι
735 3108 780 3196 μὴ
799 3109 945 3178 δυνατόν
960 3113 1032 3179 ἐστί
1042 3137 1100 3195 μοι
1116 3109 1194 3178 κατά

195 3201 307 3288 χώραν
323 3208 453 3290 μένειν,
476 3201 577 3292 ἦνμὴ
599 3204 678 3284 τούς
698 3206 863 3292 φυσικούς
883 3211 1031 3287 ἐκείνους
1046 3212 1193 3296 ἐπιτρίψῃ

196 3299 250 3362 καὶ
265 3297 343 3376 τούς
359 3301 587 3380 διαλεκτικούς
602 3305 793 3392 ἐπιστομίση
814 3307 870 3371 καλ
889 3302 952 3392 την
965 3301 1080 3372 Στοάν
1096 3332 1192 3373 κατα·
1238 3358 1249 3380 .
