2575 3842
114 193 132 229 x
540 180 769 231 PRAEFATIO.

112 309 211 376 Οὕτως
245 334 268 368 c.
286 317 321 369 46
342 309 427 366 αὑτοῦ
444 333 501 367 cum
520 318 578 368 eod.
602 332 650 382 pro
668 308 755 366 αότοῦ
790 334 813 367 c.
836 318 871 369 48
893 312 943 367 καλ
963 323 1022 367 ente
1044 304 1198 380 κεκραγότα
1261 286 1271 375 δ,

112 389 148 441 id.
169 389 252 439 eiecit.
289 403 311 436 c.
330 379 540 437 contrectaret
558 401 616 436 cum
634 388 755 452 eod.pro
778 378 889 435 α’στείον
907 379 943 450 δὴ
979 401 1002 438 ο.
1019 386 1053 436 52
1070 383 1198 448 μελίττας
1270 394 1272 409 ’

111 474 169 508 oum
194 456 251 508 eod.
276 471 323 520 pro
346 455 475 519 μελίσσας
508 471 529 504 ο.
544 454 577 506 59
592 453 720 520 γίνονται
733 472 765 505 ex
775 456 877 520 optimis
892 455 964 505 libris
978 469 1026 519 pro
1042 452 1198 518 γίγνονται.

112 528 147 575 ita
166 533 191 575 et
210 542 231 574 c.
245 523 279 575 63
293 521 423 587 γίνεσθαι
440 539 487 590 pro
505 522 654 588 γίγνεσθαι
682 540 706 574 ο.
715 524 750 576 63
765 517 829 592 ἐβίω
845 540 878 574 ex
893 531 956 588 optt.
975 524 1045 573 libris
1060 538 1108 588 pro
1119 513 1200 589 ἒβίου

111 611 135 644 ο.
146 594 180 646 66
192 585 290 660 βορὰν]
302 583 371 661 βορά
381 594 457 643 Dind.
474 594 573 642 vitiose.
592 609 614 644 c.
626 594 660 645 67
669 584 908 658 ἀναγιγνώσκουσι
919 593 956 642 id.

180 662 268 713 Amor.
291 677 314 711 c.
337 664 348 713 l
372 653 569 726 κατηίφρανεν
588 662 624 712 id.
666 662 726 715 ibid.
744 656 771 710 εί
788 653 903 725 περιττά
923 673 958 726 με
980 656 1069 724 λέγειν
1091 652 1199 726 ἔοικας]

111 732 246 783 Burmeist.
265 745 292 795 p.
308 731 343 783 20
360 732 495 797 proponite
514 719 552 794 ἣν
566 722 681 793 περιττά
697 728 811 795 μελετᾶν
832 723 939 790 ἔοικας,
962 731 981 778 i.
1000 745 1024 781 e.
1043 728 1085 779 cui
1103 729 1201 778 eximie

113 802 216 851 studere
233 801 338 850 videris.
376 816 397 851 c.
417 803 434 850 2
450 789 544 866 ὕβρεις
563 799 594 849 de
607 800 772 851 Burmeisteri
786 799 826 865 (p.
839 799 899 866 21.)
918 800 1063 849 coniectura
1078 813 1126 863 pro
1139 791 1200 861 ἔρις

111 887 134 922 c.
152 870 168 920 3
186 862 239 932 τὴν
255 861 377 933 τρυφὴν]
399 860 453 932 τὴν
470 860 608 931 παρυφὴν
627 869 704 918 Dind.
723 884 781 918 cum
802 864 875 927 eiiis;
903 877 929 918 at
946 868 1006 917 vide
1023 865 1144 916 Fritzsoh.
1164 869 1201 917 ad
1272 909 1274 913 ,

112 940 189 991 Arist.
213 937 305 992 theam.
324 953 352 1003 p.
371 937 432 989 610.
465 954 488 987 c.
504 944 522 987 4
538 934 611 1000 φασί
625 952 677 987 rec.
697 951 745 1001 pro
763 928 801 993 oie
817 950 887 1001 φασι
920 952 945 990 c.
962 937 979 987 5
994 927 1200 1000 ἐπαγγέλλεται]
1272 934 1273 969 ³

111 998 307 1071 ἐπαγγέλλεταί
321 1022 349 1056 τι
361 1007 437 1056 Dind.
471 1007 533 1058 iord.
550 997 676 1069 ὑπογύου
692 1021 750 1055 cnm
766 1007 824 1057 eod.
844 1022 892 1072 pro
909 999 1047 1068 ὑπογυίου
1080 1004 1141 1054 ibid.
1159 998 1200 1054 εί-

111 1067 168 1133 δδς
189 1067 233 1124 ὅτι
254 1073 318 1124 λίαν
339 1072 481 1124 σπουδαία
498 1076 589 1141 scripsi
606 1090 653 1140 pro
674 1068 756 1132 aldeis
776 1066 819 1124 ὅτι
838 1072 918 1138 λίαν,
942 1065 1004 1123 ἄλλ’
1023 1065 1057 1123 ον’
1074 1072 1200 1131 παλαιάς

111 1144 245 1194 Bnrmeist.
260 1159 288 1210 p.
306 1147 338 1195 21
355 1159 410 1208 sq.:
429 1137 510 1202 είδός
526 1135 570 1193 ὅτι
584 1143 649 1192 λίαν
663 1137 798 1208 άγχίνουν
816 1136 959 1210 πάλαισμα
993 1143 1053 1195 toiri.
1076 1135 1199 1207 ὑπερηυ-

112 1207 251 1277 φράνδην
266 1213 343 1264 Dind.
379 1215 438 1265 ibid.
453 1211 504 1277 τῆς
521 1222 580 1263 ante
593 1203 727 1278 ἐρωτικῆς
745 1215 816 1263 deest
830 1214 900 1278 apud
913 1214 990 1264 eund.
1024 1213 1084 1264 iota.
1098 1210 1200 1275 περαί-
1273 1214 1274 1217 ’

112 1280 184 1346 νειν]
199 1278 314 1345 πέραινε
332 1284 366 1333 id.
402 1300 425 1333 c.
440 1282 458 1335 6
471 1274 638 1348 ηὐτρέπιστο
654 1283 691 1335 id.
726 1283 787 1333 ibid.
803 1276 934 1346 πρόμνης
948 1273 1046 1350 ἐπιβὰς
1063 1297 1121 1331 cum
1136 1282 1198 1331 eod.

112 1353 144 1401 de
162 1366 219 1401 mee
234 1353 379 1402 coniectura
395 1367 442 1417 pro
456 1345 587 1416 πρύμνης
601 1347 670 1415 γοῦν
685 1341 784 1419 ἐπιβάς
818 1354 872 1403 σ.7
899 1343 995 1415 ὀχθλ
1011 1351 1046 1400 id.
1074 1366 1096 1400 c.
1111 1350 1129 1401 8
1147 1342 1199 1413 ἤυ-

111 1415 295 1484 τρεπισμένου
310 1422 345 1471 id.
381 1436 403 1472 c.
419 1420 436 1470 9
454 1412 599 1490 παρ’ἐμολ
614 1423 699 1485 recepi
717 1433 763 1486 pro
782 1411 853 1484 παρ’
871 1367 926 1484 &pff
951 1437 973 1470 ο.
989 1420 1019 1470 11
1036 1409 1108 1467 κατὰ
1120 1415 1200 1468 θέαν

110 1487 159 1537 τοῦ
177 1481 340 1553 Ἀφροδίτης
361 1482 438 1553 ἱεροῦ
454 1498 557 1540 anctore
576 1491 711 1540 Burmeist.
735 1503 781 1554 pro
800 1482 873 1538 κατὰ
890 1483 964 1540 θέαν
981 1485 1030 1538 καλ
1047 1479 1079 1537 τδ
1101 1480 1199 1552 Ἀφρο-

110 1554 192 1622 δίτης
210 1552 283 1606 ἰδεῖν
305 1550 486 1622 ποθήσαντος
505 1550 581 1623 ἱερόν
618 1573 641 1612 c.
662 1559 696 1608 12
714 1567 773 1623 post
791 1557 908 1624 καρπῶν
924 1558 988 1608 mihi
1005 1573 1062 1608 cnm
1079 1558 1199 1608 Iacobsio

110 1627 209 1690 aliquid
227 1627 354 1677 excidisse
374 1628 488 1686 videtur;
517 1628 577 1677 fort.
599 1621 648 1675 καλ
666 1625 763 1690 φυτῶν
798 1628 859 1683 ibid.
883 1629 1061 1693 κυπαρίττων
1083 1639 1114 1690 γε
1136 1643 1198 1676 cum

110 1695 187 1746 Dind.
210 1697 328 1746 revocavi
351 1710 397 1760 pro
422 1695 601 1759 κυπαρίττων
622 1709 653 1744 τε
692 1696 752 1747 ibid.
778 1694 962 1760 προσείρπυζε
985 1711 1041 1746 cnm
1065 1695 1122 1745 eod.
1145 1711 1196 1761 pro

109 1761 279 1828 προσείρπυε
307 1780 330 1814 c.
350 1763 381 1815 13
396 1763 539 1831 λιπαροῖς]
559 1760 687 1828 λιπαρέσι
699 1766 735 1819 id.
755 1775 857 1816 auctore
870 1765 1016 1817 Schoeiero.
1049 1780 1070 1816 o.
1084 1764 1118 1815 15
1130 1764 1198 1813 σπί-

109 1832 159 1880 λον
175 1849 232 1883 cum
251 1833 309 1889 eod.
328 1848 375 1898 pro
394 1834 503 1883 σπίλον.
523 1836 559 1884 ita
578 1842 603 1883 et
619 1849 677 1898 cap.
696 1848 767 1896 sequ.
805 1851 828 1888 c.
848 1835 881 1886 16
898 1827 1024 1899 ἐπειδὰν]
1042 1823 1140 1896 ἐπειδὴ
1156 1835 1196 1884 id.

108 1901 168 1951 ibici.
187 1892 205 1965 ἡ
225 1895 308 1959 λάλος
327 1909 429 1953 auctore
448 1903 584 1953 Burmeist.
608 1918 634 1967 p.
654 1901 688 1953 23
705 1918 752 1968 pro
772 1890 792 1966 ἦ
809 1894 891 1960 ἄλλος
930 1921 951 1959 ο,
974 1905 1006 1954 17
1024 1896 1072 1950 καλ
1091 1899 1143 1951 νῦν
1163 1895 1197 1951 δὲ

108 1961 178 2036 κτλ]
198 1971 257 2023 vide
275 1973 307 2021 de
321 1970 371 2021 hoc
386 1971 442 2022 loco
455 1972 590 2026 Burmeist.
610 1986 637 2038 p.
652 1973 694 2023 24.
731 1988 754 2026 ο.
774 1971 807 2022 18
822 1965 982 2037 καθεζόμην
1000 1972 1117 2022 revocavi
1134 1987 1195 2021 cum

108 2040 186 2091 Dind.
205 2055 254 2106 pro
270 2031 444 2106 ἐκαθεζόμην
477 2058 501 2097 c.
519 2044 551 2092 21
570 2037 749 2106 γεγέννηνται
768 2057 825 2091 cum
843 2043 900 2093 eod
917 2052 1019 2092 auctore
1033 2040 1125 2091 Solano
1145 2055 1195 2105 pro

108 2103 271 2173 γεγένηνται
306 2125 328 2158 ο.
348 2109 383 2161 23
402 2104 559 2176 καγχάζειν]
581 2100 710 2174 καχάζειν
729 2111 851 2163 idaeoni.
868 2111 980 2162 Lobeck.
1005 2111 1038 2160 ed
1051 2108 1131 2174 Soph.
1150 2108 1194 2163 At.

108 2193 134 2243 p.
151 2179 212 2230 155.
240 2179 301 2230 ibid.
315 2168 387 2228 τόθι)
403 2181 490 2246 recepi
503 2195 549 2245 pro
564 2171 650 2235 εὐθὺς
682 2194 704 2228 c.
720 2179 755 2230 26
766 2177 817 2242 τῆς
830 2179 953 2244 κεφαλῆς
966 2169 1126 2247 βοστρύχων
1141 2193 1194 2227 reo.

107 2262 153 2311 pro
177 2245 269 2314 βοστρ.
289 2246 339 2311 τῆς
363 2261 426 2311 κεφ.
465 2265 488 2302 ο.
509 2250 543 2298 27
562 2245 729 2313 γυναικεῖοι]
751 2251 909 2310 γυναικείαι
926 2249 1002 2299 Dind
1038 2264 1061 2301 c.
1080 2246 1115 2297 26
1131 2239 1195 2310 etv}

109 2308 161 2379 μὲν
180 2318 288 2366 Iacobsii
308 2317 510 2367 emendationem
533 2319 619 2382 recepi
641 2332 699 2366 cum
721 2318 778 2366 eod.
816 2333 844 2369 ro
867 2311 894 2366 εί
917 2311 968 2381 μὲν
1002 2317 1063 2367 ibid.
1080 2306 1195 2364 άποτει-

107 2377 254 2448 χισάμεθα
268 2386 386 2434 revocavi
400 2400 446 2448 pro
458 2378 695 2448 άποτειχισόμεδα
718 2386 778 2436 ibid.
791 2380 897 2450 ανέδην
910 2402 968 2436 cnm
982 2386 1039 2436 eod.
1054 2400 1100 2450 pro
1112 2375 1196 2434 άναί-

108 2449 163 2516 δην
197 2452 259 2504 ibid.
273 2447 398 2519 τρυφὴν]
414 2468 458 2516 τρι
477 2445 513 2518 ὴν
528 2470 560 2504 ex
577 2455 682 2504 scholiis
698 2455 800 2519 reponit
811 2456 924 2506 Pierson.
942 2456 976 2505 ad
992 2454 1069 2503 Moer.
1087 2469 1115 2519 p.
1132 2454 1194 2504 151.

108 2539 131 2572 c.
148 2520 182 2572 29
200 2519 365 2584 Περίκλειον
383 2536 430 2586 pro
477 2518 616 2587 ερικλέονς
633 2531 734 2572 auctore
747 2522 882 2579 Burmeist.
898 2540 924 2588 p.
937 2525 981 2574 24.
1009 2523 1070 2574 ibid.
1087 2517 1194 2588 Hormi]-

110 2584 203 2640 Πυκνὶ
217 2590 293 2640 Dind.
330 2606 352 2645 c.
370 2589 402 2641 31
425 2581 599 2659 Ἀκαδημίας]
619 2583 798 2656 Ἀκαδημείας
815 2594 852 2643 id.
889 2609 913 2647 c.
933 2592 968 2644 32
983 2581 1115 2656 ἐσχάτους
1133 2606 1195 2641 cum

107 2662 166 2710 eod.
189 2660 326 2709 secundum
346 2661 487 2711 Iecobsium
504 2676 551 2726 pro
569 2652 686 2726 ἐσχάτου
719 2678 742 2710 c.
760 2661 795 2712 34
815 2651 888 2709 aiei
905 2662 1023 2711 revocavi
1039 2676 1087 2727 pro
1105 2650 1196 2717 εάδῦς

109 2747 130 2779 ι.
148 2729 182 2781 36
204 2718 413 2794 όπεσταλμένω]
434 2730 485 2780 duo
506 2730 563 2780 libri
584 2732 681 2781 addunt
697 2743 735 2779 τε.
761 2729 821 2784 iort.
846 2731 923 2786 scrib.
946 2721 1141 2794 ὑπεσταλμένω
1180 2743 1194 2778 a

108 2814 131 2852 c.
148 2797 181 2849 37
198 2788 302 2860 ἒμπνεί
319 2779 472 2853 ουιιάῦἰνδ.
492 2814 538 2864 pro
557 2790 669 2862 ἐμπνέει
701 2799 763 2849 iord.
781 2791 866 2865 ἔχειν]
885 2799 944 2852 fort.
960 2792 1026 2863 ἔχον
1061 2815 1084 2852 c.
1103 2779 1137 2850 32
1157 2746 1195 2849 δν

107 2875 165 2918 ante
183 2864 241 2916 ίδοι
257 2869 332 2917 eiecit
344 2867 420 2916 Dind.
462 2867 521 2918 oid.
536 2865 655 2935 νομίσει]
675 2869 771 2930 νομιεῖ
782 2869 818 2918 id.
853 2867 914 2919 ebro.
930 2865 1089 2931 περιεστᾶσι
1106 2870 1194 2935 recepi

107 2938 230 3001 probante
244 2935 380 2986 Fritzschio
399 2936 432 2986 od
447 2937 579 3002 Aristoph.
598 2952 653 2986 ran.
671 2953 697 3003 p.
712 2934 762 2986 128
778 2951 827 3020 pro
845 2934 1004 3001 παρεστᾶσι.
1020 2938 1087 2987 coni.
1108 2953 1131 2986 c.
1147 2941 1192 2988 47.

107 3006 167 3055 ibid.
187 3021 243 3056 cum
258 3005 334 3055 Dind.
351 3004 535 3055 Hemsterhnsii
554 3007 754 3057 emendationem
771 2997 899 3069 υπνηλόν
917 3009 1003 3072 recepi
1019 3021 1066 3071 pro
1080 2995 1194 3069 ὑψηλόν

108 3090 131 3123 c.
145 3075 179 3124 42
197 3065 268 3123 adei
283 3075 400 3125 revocavi
414 3090 462 3140 pro
480 3065 567 3131 εὐθὺς
603 3092 625 3130 c.
644 3076 679 3127 43
696 3067 796 3142 γίνετ’]
814 3065 918 3139 γίγνετ’
932 3075 1009 3126 Dind.
1048 3075 1109 3127 ibid.
1129 3092 1155 3124 v.
1176 3076 1194 3129 6

107 3141 236 3193 Meineke:
256 3138 341 3200 ἔθνος
357 3136 475 3208 μιαρόν·
495 3137 521 3192 εί
535 3137 587 3209 γάρ
599 3159 642 3201 τις
657 3137 821 3208 άνθράπων
837 3145 924 3209 γαμεῖ
945 3145 1001 3196 v.8
1016 3157 1046 3192 τε
1061 3159 1118 3194 cum
1132 3145 1192 3197 eod.

107 3218 133 3260 et
148 3211 222 3262 Dind.
242 3227 288 3277 pro
306 3206 337 3261 δὲ
370 3213 430 3264 v.9
452 3205 633 3278 χαλεπωτάτη
652 3215 728 3264 Dind.
752 3222 855 3264 anctore
878 3213 1000 3264 Bentleio.
1041 3229 1064 3264 c.
1083 3214 1119 3262 44
1141 3209 1193 3280 δέχ

108 3295 165 3329 cum
183 3280 259 3334 Dind.
277 3297 324 3347 pro
341 3277 399 3331 δέοι
430 3299 453 3336 c.
470 3283 505 3332 45
521 3277 655 3332 Θετταλοὶ
665 3283 701 3332 16.
735 3299 757 3331 c.
773 3280 808 3332 40
824 3275 956 3348 χλαμύδι]
972 3278 1085 3347 χλανίδι
1098 3282 1134 3331 id.
1150 3297 1193 3332 se·

107 3359 200 3410 qnutus
216 3350 288 3401 alios.
318 3351 378 3403 ibid.
393 3342 500 3416 Ἐρχίος
518 3367 574 3402 cnm
590 3353 649 3403 eod.
665 3366 712 3417 pro
721 3344 833 3415 Ἐρχιος
860 3352 922 3402 ibid.
936 3345 965 3400 κ’
979 3341 1118 3415 εὔανδρον
1133 3367 1192 3401 cum

107 3418 165 3467 eod.
174 3431 221 3484 pro
235 3411 390 3488 κεῦανδρρν
417 3421 479 3472 ibid.
490 3418 607 3486 είνεκεν]
619 3413 701 3470 ἕνεκα
712 3420 747 3470 id.
775 3437 798 3469 c.
812 3420 846 3472 50
860 3412 986 3485 ὑπογύου
997 3437 1054 3472 cnm
1070 3421 1127 3474 eod.
1142 3435 1192 3484 pro
