2575 3842
183 182 246 247 262
540 184 845 244 AOYKIANOY
1280 70 1283 225 6

185 348 215 411 εί
230 346 335 427 δοκεῖ,
359 341 506 427 πρόσαγε
527 355 595 419 τοῖς
613 339 660 408 ὑπ
664 338 776 426 ’ἐμοῦ
791 346 976 428 εἰρημένοις
996 339 1075 420 τοδς
1089 345 1198 413 κανό-

183 465 244 519 νας
265 438 488 526 ἀμφοτέρους,
513 436 556 516 ῶς
576 439 688 527 μάθης
703 449 769 507 είτε
787 440 894 529 τούτῳ
913 441 1011 507 είτεέ
1011 466 1048 507 κε
1049 447 1111 532 ίνφ
1049 444 1196 510 ί-ἐοί
1280 338 1285 587 η

183 557 298 606 κασιν
328 533 392 623 ἐγῶ
408 535 473 623 γάρ
492 542 522 604 εί
533 539 594 622 μέν
609 563 684 604 τινα
699 536 855 623 ἄμορφον
872 530 979 605 οὖσαν
995 542 1126 628 ἐφην
1096 565 1141 604 τω
1128 542 1195 607 ἐν

182 639 297 725 Κνίδφ
311 631 475 720 ἀγάλματι
491 631 625 720 ὁμοίαν,
640 634 721 719 γόης
739 629 781 700 ἀν
797 636 927 701 κοίτου
913 641 1119 702 Κυναίθου
1134 660 1194 702 κο-
1284 620 1285 695 6

183 732 403 815 λακικῶτερος
425 731 529 850 ὅητως
550 737 760 818 νομιζοίμην·
798 737 828 798 εί
847 732 883 799 δὲ
904 731 1063 818 τοιαύτην
1083 730 1195 816 ὑπάρ-

182 851 310 918 χουσαν
327 833 402 897 οίαν
417 830 538 907 πάντες
554 839 683 915 ίσασιυ,
700 827 742 896 οὐ
756 827 849 895 πάνυ
861 831 896 895 ἐκ
911 835 1041 895 πολλοῦ
1056 831 1195 914 διαστη-

183 953 284 1014 ματος
299 920 343 1013 ἦν
358 923 394 993 τό
412 926 571 1011 τόλμημα.
595 931 645 994 23.
661 922 734 1010 τάχ’
748 921 791 992 ἀν
807 918 872 992 οὖν
884 933 999 1011 φαίης,
1017 926 1195 1011 μᾶλλονδὲ

182 1023 245 1111 ἤδη
272 1034 422 1110 είρηκας,
447 1026 596 1091 ἐπαινεῖν
616 1026 678 1108 μέν
702 1043 754 1089 σοι
777 1025 809 1100 ἐς
825 1019 862 1088 τδ
884 1023 1005 1100 κάλλος
1026 1025 1192 1107 ἐφείσθω·

182 1121 417 1207 ἀνεπίφθονον
429 1123 541 1207 μέντοι
553 1121 757 1206 ποιήσασθαι
767 1117 827 1186 τόν
837 1125 976 1186 ἔπαινον
987 1122 1096 1206 ἐχρῆν,
1108 1114 1193 1186 ἀλλά

182 1219 226 1306 μη
238 1229 333 1297 θεαῖς
343 1217 532 1299 ἀπεικάζειν
543 1216 728 1303 ἄνθρωπον
739 1210 856 1284 οὖσαν.
880 1214 944 1302 ἐγῶ
957 1218 993 1284 δέ
1002 1216 1117 1302 -ἤδη
1128 1218 1194 1302 γάρ

183 1343 223 1404 με
240 1317 416 1401 προάξεται
430 1314 572 1401 τάληθὲς
585 1322 689 1383 εἰπεῖν
698 1354 741 1365 -
755 1311 796 1381 οὐ
812 1325 907 1392 θεαῖς
921 1334 973 1399 σε,
992 1306 1018 1380 ῶ
1030 1321 1193 1401 βελτίστη,

184 1425 315 1497 είκασα,
335 1421 492 1499 τεχνιτῶν
509 1413 545 1480 δὲ
566 1411 708 1498 ἀγαθῶν
728 1414 996 1499 δημιουργήμασι
1017 1420 1121 1481 λίθου
1139 1414 1194 1479 καὶ

182 1519 307 1600 χαλκοῦ
323 1507 345 1596 ἢ
361 1513 538 1595 ἐλέφαντος
549 1512 792 1596 πεποιημένοις.
816 1509 855 1577 τά
868 1510 904 1578 δὲ
917 1507 979 1577 ὑπ’
998 1508 1194 1592 ἀνθρώπων

182 1611 388 1697 γεγενημένα
405 1605 466 1688 οίρι
479 1604 641 1695 άσεβὲςί
608 1633 625 1674 ο
639 1634 698 1693 μαι
713 1606 908 1693 ἀνθρώποις
920 1607 1076 1688 εἰκάζειν·
1100 1603 1193 1683 ἐκτός

184 1716 214 1778 εί
184 1737 270 1796 εμη
284 1707 326 1776 σύ
338 1716 436 1777 τοῦτο
449 1707 579 1777 εἶναι
544 1736 605 1795 την
619 1706 767 1793 Ἀθηνῶν
778 1707 963 1795 ὑπείληφας
978 1706 1015 1775 τό
1031 1705 1097 1775 ὑπὸ
1111 1716 1190 1775 Φει-

114 1821 165 1878 ⁶03
185 1811 259 1875 δίου
274 1802 543 1892 πεπλασμένον
522 1835 541 1893 η
564 1814 662 1874 τοῦτο
679 1803 741 1892 τὴν
757 1804 920 1890 οὐρανίαν
939 1791 1193 1891 Ἀφροδίτην,α

184 1909 316 1991 ἐποίησε
338 1908 539 1990 Πραξιτέλης
562 1908 598 1972 ἐν
623 1910 691 1972 Κνί
676 1908 736 1994 ίδφ
760 1902 801 1971 οὐ
823 1905 915 1971 πάνυ
944 1909 1079 1971 πολλῶν
1099 1906 1191 1971 ἐτῶν

184 2000 288 2071 ἀλλΗ
275 2000 338 2087 όρα
353 2028 397 2088 μη
416 1996 601 2091 άσεμνονῇ
622 2000 815 2069 τὰτοιαῦτα
829 2003 903 2086 περὶ
919 2009 1012 2068 θεῶν
1033 2003 1090 2080 δοξ
1074 2000 1192 2084 ξάζειν,

184 2092 233 2195 βυ
250 2101 307 2178 τάς
320 2125 359 2186 γε
375 2098 512 2186 ἀληθεῖς
532 2100 662 2177 εἰκόνας
676 2095 877 2183 ἀνεφίκτους
893 2097 978 2166 εἶναι
993 2096 1193 2185 ἀνθρωπίνη

183 2198 319 2287 διμήσει
335 2205 439 2285 ἐγωγε
451 2196 689 2287 ὑπολαμβάνω.
712 2202 764 2264 24.
783 2203 813 2264 εί
825 2197 861 2264 δέ
872 2200 926 2265 καὶ
940 2195 991 2264 ότι
1002 2198 1144 2283 μάλιστά
1157 2216 1194 2263 σε

183 2296 298 2376 αὐταῖς
312 2300 454 2375 ἐκείναις
470 2307 601 2382 είκασα,
620 2294 682 2364 οὐκ
695 2292 776 2380 ἐμόν
787 2302 886 2363 τοῦτο
897 2295 976 2364 οὐδὲ
989 2294 1052 2382 ἐγῶ
1065 2303 1194 2381 πρῶτος

181 2396 307 2480 ταύτην
319 2395 482 2482 ἐτεμόμην
493 2393 554 2482 τὴν
565 2395 658 2479 ὁδόν,
669 2391 752 2462 ἀλλά
765 2395 881 2461 πολλοί
893 2395 948 2463 καὶ
957 2391 1083 2480 ἀγαθοὶ
1093 2419 1194 2478 ποιη-

182 2499 251 2579 ταί,
277 2496 332 2561 καί
351 2492 493 2578 μάλιστα
513 2491 530 2560 6
550 2500 684 2578 πολίτης
701 2491 719 2559 6
741 2490 971 2579 σδςὍμηρος,
999 2490 1040 2559 δν
1056 2493 1111 2560 καί
1125 2498 1192 2558 νῦν

183 2587 428 2676 ἀναβιβάσομαι
448 2590 742 2677 συναγορεύσοντά
763 2616 836 2676 μοι,
858 2586 881 2676 ἦ
902 2586 1041 2677 οὐδεμία
1062 2587 1191 2676 μηχανὴ

182 2686 226 2775 μὴ
241 2687 314 2774 οὐχὶ
325 2690 380 2756 καὶ
392 2685 495 2757 αὐτόν
511 2686 576 2756 σῶν
587 2689 659 2774 ἐμοί
670 2688 804 2757 ἁλῶναι,
829 2689 988 2777 ἐρήσομαι
1001 2696 1118 2757 τοίνυν
1129 2686 1193 2756 66-

182 2787 257 2871 τόν,
276 2795 404 2873 μάλλον
416 2790 451 2854 δὲ
463 2788 499 2855 σέ
509 2784 593 2873 ὑπὲρ
605 2784 762 2854 αὐτοῦ-
772 2791 827 2855 καὶ
837 2785 901 2874 γάρ
914 2788 1192 2876 διαμνημονεύεις

183 2879 224 2954 εὖ
238 2893 381 2954 ποιοῦσα
397 2883 436 2953 τά
451 2889 644 2972 χαριέστατα
659 2895 727 2955 τῶν
742 2891 1031 2977 ἐρραψῳδημένων
1046 2886 1135 2977 αὐτῶ
1149 2928 1192 2939 -

181 2991 215 3052 τί
226 3005 279 3052 σοι
296 2987 420 3064 ἐκεῖνος
442 2988 546 3070 δοκεῖ,
570 2981 698 3052 ὁπόταν
718 2988 793 3071 περὶ
809 2993 865 3072 τῆς
887 2987 1096 3073 αίχμαλῶτου
1113 2987 1192 3072 λέγη

181 3090 239 3169 τῆς
251 3089 444 3170 Βρισηΐδος,
469 3081 520 3150 ότι
541 3091 648 3172 χρυσῇ
667 3081 844 3173 Ἀφροδίτη
864 3087 953 3170 ίκέλη
976 3087 1111 3152 ἐπένθει
1132 3081 1191 3150 τόν

180 3182 394 3267 Πάτροκλον·
417 3179 484 3248 είτοι
499 3179 580 3267 μετά
593 3185 731 3270 μικρόν,
751 3183 794 3262 ῶς
809 3181 868 3268 οὐχ
879 3180 998 3250 ίκαυόν
1011 3187 1040 3249 εί
1053 3182 1139 3268 μόνη
1150 3189 1191 3267 τῇ

178 3273 355 3366 ’Λφροδίτη
370 3282 496 3347 ἐοικυῖα
512 3283 612 3365 ἐσται,

224 3373 305 3442 Είπε
318 3375 348 3443 δ’
366 3377 430 3464 ἀρα
443 3419 479 3430 -
494 3385 580 3465 φησί
586 3385 798 3448 -κλαίουσα
810 3375 896 3465 γυνη
909 3383 1015 3446 είκυϊα
1027 3384 1158 3467 θεῇσιν.
