2575 3842
186 179 250 241 404
545 179 849 238 AOYKIANOY

186 339 360 425 λα’μβανον
383 336 472 424 παρὰ
493 345 561 405 τῶν
581 339 780 423 φιλοσόφων
799 337 929 404 τούτων
949 347 1054 405 ταῦτα
1076 342 1222 408 ἕκαστα

186 442 360 521 ἐκμαθεῖν·
389 435 484 527 ᾤμην
497 434 563 521 γάρ
578 438 727 513 ἐκείνους
741 462 779 520 γε
802 443 914 502 πᾶσαν
928 443 1014 522 ἔχειν
1029 433 1074 503 ἄν
1094 444 1222 505 εἰπεῖν

186 533 248 618 τήν
263 531 434 620 άλήθειαν.
458 532 547 601 οὑτω
563 531 604 620 δή
621 532 700 612 τοὺς
717 532 873 618 ἀρίστους
887 535 1127 619 ἐπιλεξάμενος
1143 532 1221 602 αὖ·

186 639 271 714 τῶν,
293 628 336 708 ώς
352 635 432 715 ἐνῆν
445 631 676 717 τεκμήρασθαι
690 631 875 713 προσώπου
887 657 923 698 τε
937 633 1221 718 σκυθρωπότητι

186 733 241 796 καὶ
256 730 357 814 χρόας
379 725 539 814 ώχρότητι
557 727 613 794 καὶ
634 735 766 811 γενείου
781 725 947 812 βαθύτητι
962 727 1113 813 -μάλα
1139 728 1219 816 γάρ

185 825 355 911 ὑψαγόραι
375 826 462 903 τινὲς
482 827 538 892 καὶ
560 823 860 911 οὐρανογνώμονες
881 831 916 892 οί
934 825 1055 910 ἄνδρες
1076 824 1218 894 αὐτίκα

185 950 241 1011 μοι
272 922 510 1042 κατεφάγησαν
534 963 572 973 -
599 923 731 1000 τούτοις
756 924 939 1007 ἐγχειρίσας
965 921 1114 1008 ἐμαυτὸν
1150 927 1218 990 καὶ

185 1021 310 1107 συχνὸν
327 1019 491 1107 ἀργύριον
504 1018 541 1087 τό
557 1020 618 1106 μὲν
632 1017 781 1087 αὐτόθεν
794 1018 856 1106 ήδη
872 1021 1084 1107 καταβαλών,
1107 1019 1150 1088 τὸ
1170 1025 1215 1089 δὲ

118 1133 168 1194 ’,57
188 1126 340 1197 εἰσαῦθις
357 1117 545 1186 ἀποδώσειν
563 1119 616 1185 ἐπὶ
632 1123 803 1205 κεφαλαίῳ
823 1124 881 1201 τῆς
900 1123 1020 1201 σοφίας
1039 1121 1214 1240 διομολρ-

170 1218 372 1304 γησάμενος
386 1215 503 1303 ἠξίουν
518 1218 781 1302 μετεωρολέσχης
790 1239 827 1280 τε
838 1213 1056 1280 διδάσκεσθαι
1068 1216 1127 1280 καὶ
1140 1211 1212 1299 τήν

184 1323 252 1381 τών
271 1313 359 1383 ὅλων
374 1315 595 1400 διακόσμησιν
610 1321 826 1396 καταμαθεῖν.
855 1316 889 1379 οἱ
900 1312 938 1379 δέ
950 1317 1117 1378 τοσοῦτον
1135 1310 1210 1397 ἄρα

185 1414 326 1498 έδεησαυ
338 1438 378 1498 με
388 1419 445 1497 τής
456 1413 625 1488 παλαιας
609 1417 735 1494 εκεινης
746 1434 882 1493 αγνοιας
893 1407 1094 1492 απαλλαξαι
1114 1406 1208 1475 ώστε

185 1514 239 1578 καὶ
261 1517 306 1587 είς
326 1516 456 1595 μείζους
471 1508 611 1594 ἀπορίας
632 1509 793 1593 φέροντες
812 1502 1006 1632 ένέβαλορ’
986 1504 1089 1590 αρχάς
1102 1532 1206 1585 τινας

184 1609 240 1674 καὶ
254 1609 330 1704 τέλη
345 1609 399 1673 καὶ
414 1604 558 1690 ἀτόμους
572 1607 627 1672 καὶ
642 1601 724 1671 κενὰ
739 1605 794 1670 καὶ
812 1602 895 1681 υλας
909 1605 963 1671 καὶ
978 1605 1067 1680 ἰδέας
1081 1606 1141 1670 καὶ
1159 1602 1203 1671 τά

183 1711 320 1771 τοιαῦτα
342 1700 501 1789 ὁσημέραι
524 1729 590 1789 μου
610 1707 832 1787 καταχέοντες.
865 1699 883 1769 ὸ
878 1701 943 1769 δὲ
966 1699 1103 1767 πάντων
1126 1704 1202 1785 ἐμοι

184 1806 270 1886 γοῦν
284 1799 391 1867 ἐδόκει
405 1802 656 1886 χαλεπώτατον,
678 1799 729 1868 ὅτι
743 1798 886 1886 μηδὲν”
863 1825 980 1885 ατερος
992 1801 1128 1888 θατέρφ
1143 1803 1203 1867 λέ-

182 1928 299 1989 γοντες
309 1901 519 1987 άκόλουθον,
534 1901 619 1971 άλλά
632 1902 803 1989 μαχόμενα
819 1897 927 1968 πάντα
942 1902 997 1968 καὶ
1011 1898 1200 1967 ὑπεναντία

184 1999 274 2087 ὅμως
289 2009 471 2070 πείθεσθαί
483 2004 520 2069 τέ
532 2028 572 2088 με
587 1999 704 2086 ήξίουν
720 2001 775 2066 καλ
795 1995 879 2081 πρός
895 1996 955 2066 τόν
969 1996 1075 2066 αὑτοῦ
1091 1998 1201 2084 λόγον

184 2102 320 2178 ἕκαστος
334 2097 478 2184 ὑπάγειν
492 2102 681 2183 ἐπειρῶντο.
1262 2168 1263 2175 χ

267 2206 412 2266 ΕΤΑΙΡ.
434 2197 580 2266 ’Ἄτοπον
599 2200 720 2282 λέγεις,
744 2193 934 2283 είσοφοὶ”
914 2222 1008 2274 οντες
1025 2201 1058 2263 οί
1074 2194 1196 2314 ἄνδρες
1262 2180 1263 2219 ³

184 2300 374 2377 ἐστασίαζον
388 2294 472 2383 πρὸς
489 2295 611 2376 αὑτοὺς
628 2297 703 2380 περὶ
717 2301 786 2360 τῶν
800 2292 910 2361 ὄντων
925 2292 1036 2362 καὶ’
996 2319 1038 2360 ov
1053 2320 1093 2361 τα
1108 2290 1192 2359 αὑτά
1261 2346 1262 2379 3

184 2397 341 2480 περὶτῶν
359 2394 471 2463 αὐτόν
484 2397 649 2476 ἐδόξαζον.

268 2501 427 2561 6..ΜΕΝ
451 2498 514 2562 Καὶ
532 2495 616 2580 μήν,
640 2487 667 2560 ώ
682 2494 805 2579 ἑταῖρε,
827 2495 953 2582 γελάσῃ
967 2491 1114 2569 ιἰκοάσας
1132 2493 1193 2578 τήν
1260 2476 1261 2539 ὑ

183 2617 219 2658 τε
229 2589 546 2670 αλαζονειαναυτων
556 2590 684 2677 καὶτην
695 2595 809 2669 ἐντοῖς
820 2592 933 2678 λογοις
942 2617 1192 2679 τερατουργιαν,

185 2691 221 2756 οἵ
231 2713 270 2773 γε
284 2693 398 2773 πρώτα
413 2689 475 2773 μὲν
489 2690 541 2756 ἐπὶ
557 2697 618 2775 γῆς
632 2691 809 2777 βεβηκότες
825 2717 880 2758 και
869 2690 999 2777 μηδεν
1012 2697 1080 2758 τῶν
1093 2692 1192 2775 χαμαι
1258 2708 1259 2725 ’

184 2790 373 2874 ἐρχομένων
386 2783 482 2873 ήμῶν
502 2786 736 2875 ὑπερέχοντες,
763 2787 837 2857 ἀλλ’
859 2787 939 2857 οὐδὲ
959 2789 1117 2873 ὀξύτερον
1132 2794 1193 2855 τοῦ

184 2893 327 2972 πλησίου
347 2887 559 2972 δεδορκότες,
583 2893 667 2953 ἔνιοι
689 2891 726 2954 δὲ
742 2885 808 2955 ὑπὸ
830 2886 940 2974 γήρως
958 2883 982 2972 ή
997 2885 1112 2972 ἀργίας
1127 2884 1192 2971 άμ-

73 2995 82 3009 ’
184 2985 426 3072 βλυώττουτες,
448 2982 537 3069 ὅμως
552 2981 702 3067 οὐρανοῦ
718 3012 754 3053 τε
770 2989 893 3071 πέρατα
909 2991 1028 3073 διορᾶν
1044 2990 1190 3069 ἔφασκον

183 3085 238 3150 καὶ
258 3083 317 3151 τὸν
338 3081 435 3169 ήλιου
457 3083 695 3168 περιεμέτρουν
711 3087 849 3162 καὶτοῖς
868 3082 954 3168 ὑπὲρ
970 3083 1032 3171 τήν
1048 3084 1190 3170 σελήνην

183 3183 385 3270 ἐπεβάτευον
400 3183 456 3248 καὶ
468 3179 579 3262 ὥσπερ
591 3183 706 3249 ἐκτῶν
721 3181 870 3267 άστέρών
881 3183 1120 3259 καταπεσόντες
1129 3208 1187 3266 με-

184 3283 268 3364 γέθη
284 3307 319 3346 τε
334 3277 446 3346 αὐτόν
460 3280 515 3345 καὶ
529 3279 677 3365 σχήματα
692 3283 881 3370 διεξήεσαν,
897 3284 952 3349 καὶ
967 3280 1137 3364 πολλάκις,
1160 3285 1189 3346 εί

184 3377 293 3460 τύχοι,
315 3379 397 3463 μηδὲ
418 3375 537 3445 ὁπόσοι
558 3381 686 3448 στάδιοι
701 3381 908 3466 Μεγαρόθεν
926 3377 1088 3465 Ἀθήναζέ
1105 3383 1186 3444 είσιυ
