2575 3842
140 173 186 212 xvr
560 159 795 213 PRAEFATIO.

139 312 162 346 c.
176 297 211 346 24
228 285 310 354 ιὶξίας
329 296 447 344 revocavi
466 309 513 358 pro
531 286 625 355 α’ξιάις
662 294 722 343 ibid.
741 284 906 357 ἀνήριθμον
922 310 975 346 rec.
993 309 1040 359 pro
1057 286 1224 360 όνσὶριθμον

138 365 198 415 ibid.
217 353 379 428 ἑωρακέναι]
400 353 545 426 ἑορακέναι
566 364 641 418 Dind.
682 363 742 416 ibid.
762 362 977 428 συνεγίνωσκον]
1000 363 1224 429 συνεγίγνωσκον

139 435 175 483 id.
204 431 265 481 ibid.
279 425 413 481 ἔκτοσθεν
430 447 486 481 cum
506 433 561 482 eod.
595 449 622 482 ro
639 426 756 480 ἔκτοθεν
786 448 808 481 ο.
824 434 859 482 25
876 423 964 488 ὅντως
981 436 1066 497 recepi
1085 451 1143 484 cum
1161 437 1222 486 eod.

138 517 185 566 pro
203 491 290 556 οὕτως
327 501 388 554 ibid.
407 492 554 567 ἐγγίνεται]
603 499 725 565 γίγνεται
743 502 779 550 id.
816 502 877 553 ibid.
894 499 1109 570 Συρακουσίων]
1127 502 1224 584 Συρα-

138 567 241 619 κοσίων
260 570 297 620 id.
333 588 356 620 c.
371 569 405 620 26
424 569 594 634 παρολίσθοι
612 587 669 620 cum
688 570 745 620 eod.
759 586 806 634 pro
824 569 1000 632 παρολισθοῖ
1026 587 1050 623 ο.
1066 573 1100 624 28
1113 564 1171 623 νδί
1208 603 1224 613 -

138 636 233 702 πνιον]
254 629 426 688 τοόνόπνιον
443 641 479 693 id.
517 657 540 690 c.
562 641 596 691 29
613 629 679 695 ὅλος
697 635 765 702 γοῦν
783 641 882 689 restitui
903 655 949 704 pro
972 629 1043 697 ὅλως
1061 639 1130 705 γοῦν
1158 643 1222 692 ibid.

138 699 253 774 νρόβλια
273 724 330 757 cum
348 709 423 760 Dind.
440 724 487 774 pro
506 706 621 776 τρυβλία
651 725 674 760 c.
692 709 724 758 32
743 701 905 771 ἔμπροσθεν
924 699 1025 772 μικρὸν
1039 726 1091 763 rec.
1111 727 1159 776 pro
1177 727 1224 774 μι-

137 769 207 841 κρὸν
225 769 306 840 ίμπρ.
338 793 360 828 c.
376 778 410 829 33
423 786 483 842 posi
500 773 636 841 πρότερον
660 778 743 827 delevi
762 779 815 827 iem
832 779 909 827 verbe
926 766 945 843 ἢ
962 773 1090 827 τοιοῦτόν
1110 795 1138 829 τι
1160 777 1221 830 πεί-

139 858 237 909 σομαι,
256 862 321 908 quee
339 849 412 913 prius
429 848 500 895 uncis
519 849 678 898 incluserem.
699 846 792 896 delevit
810 849 886 896 etiem
900 848 975 896 Diod.

208 915 317 965 Icarom.
336 932 358 966 c.
382 918 393 965 l
414 902 450 963 ἂν
467 907 534 973 ὁδὸς
553 917 644 982 scripsi
667 922 804 981 praeeunte
822 915 914 966 Soleno
931 932 979 982 pro
998 904 1108 974 α’νοδος.
1126 919 1223 975 Dind.:

136 975 240 1040 ἄνοδος
255 978 304 1033 καλ
319 983 406 1033 ταῦτα
418 977 523 1048 γένοιτ’
537 975 580 1035 ἄν.
598 1001 647 1051 ego
663 985 724 1035 oiim
736 999 919 1049 proposueram
934 975 1015 1033 ταῦτ’
1027 977 1062 1035 ἄν
1074 1002 1120 1051 pro
1133 987 1226 1038 ταῦτα

136 1053 197 1105 ibid.
210 1043 307 1109 αὐτοῖς
318 1056 378 1110 τοῖς
391 1043 503 1114 ἄστροις
515 1071 570 1104 cum
581 1055 657 1105 Dind.
670 1062 771 1104 auctore
779 1052 926 1104 Lehmanno
936 1069 983 1118 pro
996 1046 1093 1112 αὐτοῖς
1107 1049 1226 1121 ἄστροις

137 1137 160 1171 c.
177 1125 194 1173 2
212 1108 310 1188 civoiv]
329 1109 420 1171 ότᾶν
436 1123 510 1172 Dind.
547 1125 607 1174 ibid.
628 1120 687 1179 πῶς
704 1110 741 1170 διν
760 1115 777 1170 ἔ
792 1136 844 1186 ωγι
864 1131 1002 1188 praeeunte
1020 1125 1076 1174 eod.
1095 1140 1142 1190 pro
1160 1125 1225 1185 πῶς

136 1183 220 1254 ἔγωγε
262 1194 322 1241 υ.4
345 1183 511 1259 ἀναβλέπειν
532 1209 584 1247 rec.
608 1209 655 1259 pro
675 1183 716 1241 οἷα
751 1138 845 1241 ilum
884 1193 944 1242 ibid,
967 1184 1088 1260 διᾴξασα
1110 1199 1226 1248 correxit

135 1259 212 1311 Dind.
233 1258 365 1328 legebatur
384 1258 517 1322 διαΐξασα
556 1263 613 1312 c.5
636 1252 687 1310 τόν
704 1257 804 1325 αυτοῦ]
823 1255 873 1309 τὸν
894 1253 980 1310 αὑτοῦ
997 1263 1033 1314 id.
1067 1278 1090 1313 c.
1107 1263 1125 1314 8
1145 1279 1225 1328 παμ-
1259 1264 1260 1269 ’

136 1320 256 1385 πόλλους
278 1323 353 1387 τινὲς
374 1339 511 1396 praeeunte
535 1332 634 1380 Halmio
646 1330 673 1394 *)
691 1346 737 1394 pro
760 1321 941 1392 παμπόλλους
962 1323 1042 1386 τινας
1087 1349 1111 1383 c.
1132 1334 1161 1382 ll
1187 1328 1224 1384 τό
1259 1326 1260 1391 J

138 1386 278 1460 Ταόγειον
296 1408 399 1450 auctore
412 1400 489 1453 Dind.
504 1415 551 1464 pro
566 1393 616 1448 τὸν
633 1386 771 1464 Ταΰγετον
804 1399 867 1448 ibid.
880 1390 1015 1463 ἐγενόμην
1033 1416 1084 1450 rec.
1100 1417 1147 1466 pro
1163 1394 1226 1467 ἔγε-

136 1457 229 1530 γόνιιν
255 1457 692 1548 ο.12ςτόγαδγ]τόγ’ἆν1)ἰωι1,
718 1469 779 1522 ibid.
791 1463 994 1536 διαγινώσκεις]
1009 1462 1226 1534 διαγιγνώσκεις

136 1535 173 1584 id.
204 1551 229 1585 c.
247 1536 280 1587 13
298 1536 341 1586 Ευ
360 1535 463 1603 γε]Ὲιν
481 1552 514 1596 με
528 1539 568 1588 id.
603 1555 626 1590 o.
647 1539 680 1587 14
695 1531 775 1598 πάρα
794 1540 903 1588 correxit
918 1536 1054 1597 miesco,
1072 1543 1226 1605 recepitque

135 1601 211 1656 Dind.
230 1620 276 1669 pro
290 1599 367 1666 παρὰ
399 1607 460 1656 ibid.
476 1599 639 1673 ἑωρακέναι]
658 1597 805 1667 ἑορακέναι
822 1607 857 1660 id.
871 1608 908 1656 ita
925 1616 949 1656 et
967 1621 990 1656 c.
1008 1607 1049 1658 19.
1085 1624 1108 1663 c.
1126 1610 1160 1661 16
1176 1627 1224 1674 χι-

135 1668 217 1739 λίων]
242 1675 268 1722 in
285 1676 369 1738 prime
393 1677 433 1728 ed.
455 1679 606 1740 scripseram
627 1675 723 1740 peirorio
756 1694 778 1729 c.
799 1677 832 1725 17
854 1671 1021 1740 γινομένων]
1046 1675 1226 1740 γιγνομὲνων

136 1739 211 1792 Diod.
245 1758 266 1791 ο.
281 1744 315 1793 20
330 1735 397 1792 ὄντα
413 1742 580 1808 συγκροῦσαι
596 1761 648 1799 rec.
666 1761 712 1808 pro
729 1735 798 1794 ὄντα
812 1758 867 1807 μου
883 1742 1051 1808 συγκροῦσαι
1083 1763 1104 1799 c.
1121 1750 1153 1798 21
1170 1739 1226 1799 ἐπὶ

137 1807 243 1872 σκηνῆς
256 1827 314 1861 oum
327 1815 383 1863 eod.
397 1829 444 1878 pro
460 1806 506 1862 ἐπὶ
518 1813 569 1877 τῆς
582 1813 688 1877 σκηνῆς
715 1815 775 1865 ibid.
784 1804 871 1862 ταῦτά
883 1829 912 1863 τε
924 1829 980 1863 cum
992 1814 1049 1863 eod.
1062 1822 1086 1864 et
1100 1818 1157 1866 eliis
1170 1833 1224 1882 pro

137 1873 225 1927 ταῦτα’
236 1893 266 1943 γε
298 1881 358 1932 ibid.
373 1873 550 1950 Ἀκαδημίαν]
566 1874 745 1948 Ἀκαδήμειαν
758 1883 834 1937 Dind.
862 1899 883 1935 c.
898 1885 932 1933 24
945 1873 1107 1950 Ὀλύμπιον]
1122 1875 1224 1950 Ὀλυμ

136 1947 229 1997 πίιιον
246 1948 329 2004 Helm.
367 1951 428 2002 ibid.
449 1944 536 2020 αὐτῷ,
560 1951 663 2018 Seegeri
679 1953 896 2004 emendationem.
920 1969 971 2001 rec.
991 1967 1049 2001 cum
1069 1955 1144 2008 Diod.
1169 1970 1222 2020 pro

137 2009 227 2066 αότοόν
266 2035 288 2071 c.
306 2021 339 2070 2ss
357 2013 484 2088 κληδόσι]
503 2014 619 2089 κληδόσι
637 2023 673 2077 id.
709 2022 768 2073 ibid.
785 2019 903 2085 Βορρᾶς]
921 2013 1026 2085 Βορέας
1038 2021 1075 2073 id.

137 2141 438 2158 Ἣ

192 2222 217 2274 ⁴¹)
234 2222 297 2267 Ques
311 2223 339 2263 ab
354 2221 396 2265 hoo
410 2224 463 2264 inde
483 2225 532 2266 ioco
547 2225 715 2266 commemoravi
729 2223 811 2265 Halmii
825 2224 1005 2276 emendationes,
1026 2237 1065 2267 ιιι
1084 2228 1119 2267 vir
1133 2226 1215 2269 docti»

139 2274 206 2315 ιλιιιιιι
219 2275 328 2318 benevole
344 2289 427 2320 mecum
442 2280 618 2319 communicavit.
