2575 3842
188 181 251 246 εει
530 145 876 255 [Λουπεκωοη

188 345 295 422 ναιξὶν
312 344 465 426 ἐκκλησία
483 340 538 404 καὶ
554 337 747 422 δικαστήρια
767 337 822 403 καὶ
842 341 1022 403 πολιτικῶν
1038 331 1193 416 πραγμά-

188 467 256 509 των
273 433 317 525 ἦν
331 443 505 524 μετουσία,
528 431 710 518 στρατηγός
731 429 774 500 ἀν
794 429 815 518 ἢ
833 432 1017 518 προστάτης
1033 433 1194 514 ἐκεχειρο-

188 539 311 623 τόνησο
326 541 384 604 καί
403 554 439 602 σε
463 538 594 618 χαλκοῖν
609 528 860 616 ἀνδριάντων’
843 554 880 596 εν
895 543 964 606 ταῖς
984 525 1194 651 ἀγοραῖς,ω

187 640 379 754 Χαρίκλεις,
404 635 532 716 ἐτίμων.
563 625 681 713 σχεδόν
695 624 761 712 γάρ
778 624 856 694 οὐδὲ
871 624 968 692 αάταλ
983 627 1057 705 περὶ
1072 620 1192 705 αὑτων,

189 729 310 801 ὁπόσαι
325 727 484 814 προῦχειν
496 751 577 793 κατα
567 722 715 808 σοφίαν
726 723 883 807 ἐδόκουν,
900 731 933 790 εί
942 749 991 800 τις
1005 719 1120 796 αὐταῖς
1134 719 1194 803 την

122 853 250 907 431ωτου
236 829 374 912 λέγειν
390 828 543 904 ἐξουσίαν
558 826 699 907 ἐφηκεν,
722 819 812 888 οὕτω
825 847 905 906 μετα
894 814 1108 905 Ησπουδῆς
1086 845 1129 884 αν
1149 815 1194 883 εἶ-

189 950 271 1009 πον,
294 921 355 1007 οὐχ
374 918 637 1008 ἡΣπαρτιάταις
652 916 911 1002 ἀνθωπλισμένη
932 921 1125 1001 Τελέσιλλα,
1149 912 1192 982 δι’

189 1021 232 1108 ἣν
250 1025 285 1087 ἐν
299 1018 412 1105 ’Ἀργει
431 1015 513 1094 θεός
530 1013 720 1100 ἀριθμεῖται
738 1021 912 1100 γυναικῶν
925 1014 1040 1099 Ἄρης·
1067 1011 1140 1100 οὐχὶ
1157 1010 1194 1077 τό

190 1115 346 1205 μελιχρόν
356 1114 487 1202 αὔχημα
494 1119 647 1198 Λεσβίων
654 1110 787 1197 Σαπφώ
799 1109 882 1196 καὶὴ
893 1119 949 1196 τῆς
957 1116 1195 1196 Πυθαγορείου

191 1222 310 1302 σοφίας
331 1213 485 1300 θυγάτηρ
504 1210 636 1279 Θεαντό·
664 1209 746 1294 τάχα
767 1208 797 1274 δ’
817 1207 896 1276 οὐδὲ
908 1215 1073 1294 Περικλῆς
1091 1205 1197 1283 οὕτως

191 1311 235 1380 ἀν
246 1311 404 1400 Ἀσπασίᾳ
418 1308 658 1393 συνηγόρησεν.
682 1303 759 1375 ἀλλ’
773 1307 955 1393 ἐπειδήπερ
961 1303 1121 1387 εὐπρεπὲς
1135 1303 1197 1385 ἀρ-

191 1435 290 1494 ρενας
307 1406 390 1491 ὑπὲρ
412 1413 561 1492 θηλειῶν
580 1407 706 1490 λέγειν,
729 1414 875 1490 εἴπωμεν
896 1407 951 1472 καί
972 1403 1093 1487 ἀνδρες
1111 1400 1197 1489 ὑπὲρ

192 1504 336 1591 ἀνδρῶν.
358 1501 400 1571 σύ
416 1503 451 1571 δὲ
465 1507 577 1585 ἵλεως,
590 1499 786 1588 Ἀφροδίτη,
802 1509 919 1588 γενοῦ·
949 1503 1003 1570 καὶ
1022 1499 1088 1588 γάρ
1105 1501 1198 1586 ἡμεῖς
1286 1580 1287 1583 ¹

190 1601 250 1670 τόν
266 1599 328 1669 σόν
336 1599 464 1684 Ἔρωτα
479 1605 635 1684 τιμῶμεν.

275 1704 325 1766 31.
341 1694 420 1782 Ἐγάι
436 1698 498 1782 μέν
513 1689 577 1762 οὖν
591 1696 742 1782 ἐνόμιζον
757 1695 832 1782 ἀχρι
852 1702 985 1776 παιδιᾶς
999 1695 1119 1780 ίλαράν
1135 1694 1199 1783 τὴν

192 1792 373 1880 ἐρινὴμων
387 1794 570 1878 προκόψαι,
592 1795 662 1862 ἐπεὶ
682 1797 717 1862 δὲ
734 1799 768 1864 οί
784 1793 874 1880 παρά
894 1797 1016 1863 τούτου
1034 1796 1127 1882 λόγοι
1143 1797 1198 1862 καὶ

192 1902 391 1979 φιλοσοφεῖν
405 1888 490 1977 ὑπὲρ
512 1900 684 1978 γυναικών
699 1893 949 1979 ἐπενοήθησαν,
971 1890 1121 1979 ἀσμένως
1135 1891 1196 1977 τὴν

192 1987 348 2077 ἀφορμὴν
361 1988 509 2076 ἥρπακα·
530 1990 633 2076 μόνος
651 1990 715 2076 γὰρ
731 1987 750 2057 ὁ
765 1988 875 2076 ἄρρην
891 1997 973 2074 ἔρως
986 1989 1103 2058 κοινόν
1118 1987 1196 2074 ἀρε-

190 2094 248 2173 τῆς
262 2090 316 2154 καί
331 2085 452 2172 ἡδονῆς
467 2089 557 2155 ἐστιν
571 2093 681 2173 ἔργον.
709 2084 868 2173 εὐξαίμην
883 2085 948 2173 γάρ
966 2085 1025 2172 ἀν,
1047 2097 1139 2172 εἰπερ
1153 2081 1198 2173 ἦν

192 2187 229 2252 ἐν
247 2189 397 2275 δυνατῷ,
418 2182 479 2270 τὴν
496 2185 640 2270 ἐπήκοόν
661 2210 740 2252 ποτε
761 2192 828 2252 των
843 2191 1068 2272 Σωκρατικῶν
1086 2186 1198 2270 λόγων

191 2282 429 2368 πλατάνιστον,
450 2280 645 2366 Ἀκαδημίας
665 2284 720 2349 καὶ
733 2289 880 2350 Λυκείου
901 2286 1041 2367 δένδρον
1062 2280 1197 2366 εὐτυχέ-

192 2474 452 2558 προσανάκλισις
466 2503 523 2561 ηυ,
547 2474 658 2596 ὥσπερ
680 2475 697 2543 ὁ
718 2475 807 2564 ίερός
823 2475 950 2545 είπευ’
931 2476 1016 2600 ανὴρ
1034 2486 1198 2546 πλείστων

122 2589 174 2645 432
193 2569 363 2657 ἁψάμενος
382 2581 540 2658 χαρίτων·
570 2571 653 2660 αὐτη
668 2576 750 2659 τάχα
765 2570 810 2641 ἀν
825 2573 935 2658 ὥσπερ
957 2573 977 2660 ἡ
994 2578 1030 2642 έν
1044 2575 1198 2660 Δωδώνη

192 2667 299 2755 φηγός
310 2672 346 2736 ἐκ
361 2677 428 2737 τόν
442 2668 641 2757 όροδάμνωυ
652 2670 748 2755 ίεράν
760 2671 974 2758 ἀπορρήξασα
988 2668 1108 2757 φωνην
1119 2668 1198 2748 τοὺς

193 2763 368 2844 παιδικοὺς
384 2764 577 2853 εὐφήμησεν
594 2774 719 2849 ἔρωτας
734 2774 781 2836 ἐτι
800 2777 862 2837 τοῦ
879 2779 985 2837 καλοῦ
1005 2772 1197 2854 μεμνημένη

193 2867 352 2946 Φαίδρου,
375 2862 462 2949 πλὴν
474 2867 543 2934 ἐπεὶ
557 2862 650 2932 τοῦτ’
669 2863 850 2952 ἀμήχανον,

687 2957 709 3049 ἦ
724 2961 789 3050 γάρ
804 2963 910 3032 πολλά
924 2961 1046 3050 μεταξὺ

337 3057 439 3141 οὔρεά
455 3085 490 3126 τε
505 3060 661 3128 σκιόεντα
674 3062 831 3129 θάλασσά
844 3087 880 3128 τε
894 3059 1048 3147 ἠχήεσσα,

193 3156 279 3232 ξένοι
291 3181 325 3220 τε
337 3153 388 3222 ἐπ’
402 3154 576 3243 ἀλλοτρίας
586 3165 647 3243 γῆς
659 3157 891 3244 ἀπειλήμμεθα
904 3160 959 3226 καὶ
971 3159 1198 3241 πλεονέκτημα

193 3255 396 3334 Χαρικλέους
417 3255 506 3321 ἐστὶν
528 3251 548 3340 ἡ
570 3258 709 3339 Κνίδος,
734 3254 824 3342 ὅμως
844 3253 986 3340 τάληθὲς
1002 3252 1044 3320 οὐ
1064 3254 1199 3339 προδοί-

193 3366 295 3430 σομευ
306 3353 448 3429 εἴξαντες
460 3349 558 3442 όκυφ.
581 3358 632 3420 32.
644 3352 752 3438 μόνον
762 3351 843 3439 ἡμῖν
852 3353 905 3438 σό,
918 3358 1038 3438 δαῖμον
1047 3349 1198 3437 οάράνιε,
