2575 3842
470 198 704 257 ΕΙΚΟΝΕΣ.
1029 197 1092 258 939

83 381 150 422 των
162 352 399 444 ἀκινητότερον
410 353 585 440 ἀποφανεῖ.
609 362 716 424 καίτοι
726 364 825 424 τοῦτο
837 358 899 443 μὲν
911 369 990 437 ἴσως
1001 364 1092 445 είρη-

82 451 265 541 νικύτερόν
284 455 351 521 ἐστι
371 454 425 520 καί
445 450 481 519 τό
498 459 629 538 τραῦμα
650 445 750 539 ἦττον
770 460 918 541 καίριον,
945 462 975 523 εί
990 455 1090 536 αύτός
1109 466 1161 519 460

83 556 182 628 ίδοις·
213 553 295 621 εἰδὲ
315 548 450 636 κάκείνη
471 552 692 637 προσβλέψειέ
709 572 763 637 σε,
784 559 832 630 τίς
849 557 939 621 ἔσται
962 555 1091 639 μηχανὴ

84 647 269 736 ἀποστῆναι
288 645 404 734 αύτῆς;
425 646 542 728 ἀπάξει
557 648 622 734 γάρ
638 667 676 716 σε
697 647 930 737 ἀναδησαμένη
947 656 1032 719 ἔνθα
1049 647 1092 717 ἀν

83 749 200 834 ἐθέλῃ,
216 745 297 833 ὅπερ
315 743 405 832 καὶὴ
422 751 518 823 λίθος
530 741 551 831 ἡ
563 741 739 831 Ἡρακλεία
755 751 821 836 δρᾷ
834 746 894 815 τὸν
909 752 1058 833 σίδηρον.

168 852 197 912 2.
219 850 322 912 ΠΟΛ.
344 843 481 928 Παύον,
512 835 698 929 εόΛυκῖνε,
725 845 900 929 τεράστιόν
921 871 952 911 τι
971 844 1093 923 κάλλος

84 939 318 1026 ἀναπλάττων,
334 937 408 1009 ἀλλ’
426 943 510 1026 εἰπέ,
526 937 607 1026 τίςὴ
625 940 712 1026 γυνή
728 945 826 1010 ἐστιν.

168 1045 268 1106 AYK.
288 1047 361 1107 Οίει
376 1038 441 1124 γάρ
462 1062 503 1123 με
521 1034 772 1125 ὑπερβαλέσθαι
787 1045 833 1130 τῷ
848 1039 958 1130 λόγῳ,
978 1036 1016 1117 ὃς
1036 1042 1092 1106 δέ-

85 1140 140 1203 δια
156 1136 201 1222 μή
216 1155 269 1204 σοι
284 1136 390 1204 ἰδόντι
404 1132 552 1220 ἀσθενής
563 1159 612 1212 τις
626 1137 797 1205 ἐπαινέσαι
811 1136 913 1222 δόξω,
929 1136 1020 1218 παραὶ
1034 1161 1092 1203 το-

85 1239 208 1300 σοῦτον
222 1231 368 1319 ἀμείνων
384 1245 545 1317 φανεῖται.
576 1230 664 1318 πλὴν
683 1231 766 1301 ἀλλά
781 1233 852 1320 ἥτις
866 1237 944 1320 μέν,
963 1232 1027 1301 ούκ
1047 1229 1091 1299 ἀν

86 1337 190 1400 εἰπεῖν
201 1336 321 1418 ἔχοιμι,
343 1336 507 1418 θεραπεία
519 1329 555 1398 δὲ
571 1328 677 1418 πολλὴ
692 1329 782 1418 καὶὴ
798 1331 881 1419 άλλη
896 1334 971 1417 περὶ
985 1330 1092 1416 αὐτὴν

85 1423 278 1514 παρασκευὴ
299 1424 433 1514 λαμπρά
451 1429 505 1494 καί
529 1424 700 1514 εὐνούχων
721 1454 752 1495 τι
769 1436 899 1515 πλῆθος
919 1431 974 1497 καὶ
990 1427 1092 1515 ἅβραι

85 1526 176 1593 πάνυ
191 1531 327 1610 πολλαί,
343 1528 398 1593 καί
409 1523 495 1604 ὅλως
504 1525 617 1612 μεῖζόν
629 1520 703 1611 γεῆ
719 1523 791 1592 κατ’
804 1523 974 1612 ἰδιωτικὴν
988 1526 1092 1612 τύχην

85 1621 193 1688 ἐδόκει
208 1618 245 1688 τό
261 1629 396 1708 πράημα
411 1621 504 1690 εἶναι.

172 1725 273 1785 ΠΟΛ.
297 1717 386 1786 Οὐδὲ
401 1718 548 1805 τοῦνομα
564 1721 697 1788 ἐπύθου
715 1724 810 1807 σύγε
824 1721 895 1808 ἥτις
911 1730 1059 1802 καλοῖτο;

171 1823 269 1883 AYK.
294 1814 474 1903 Οὐδαμῶς,
496 1813 518 1903 ἢ
538 1823 635 1883 τοῦτο
652 1817 775 1902 μόνον,
797 1826 854 1906 της
870 1817 994 1898 Ἰωνίας
1008 1820 1089 1886 ἐστί·

86 1921 154 1983 τῶν
162 1921 295 1983 θεατῶν
304 1916 369 2002 γάρ
380 1943 429 1995 τις
440 1913 570 1984 ἀπιδών
579 1921 611 1994 ἐς
620 1914 681 1983 τόν
690 1923 840 2003 πλησίον,
850 1920 920 1987 ἐπεὶ
928 1924 1091 2002 παρῆλθε,

90 2019 234 2080 Τοιαῦτα
245 2015 374 2098 μέντοι,
389 2017 470 2099 ἔφη,
485 2011 524 2080 τά
538 2012 738 2098 Σμνρναίκά
750 2013 869 2100 κάλλη·
891 2016 945 2082 καλ
956 2023 1092 2098 θαυμα-

87 2107 167 2178 στόν
179 2107 279 2179 ούδόν
286 2161 296 2196 ,
313 2116 343 2179 εί
354 2109 374 2198 ἡ
385 2118 540 2196 καλλίστη
552 2117 620 2178 τῶν
630 2109 786 2180 Ἰωνικῶν
796 2111 927 2180 πόλεων
938 2106 999 2195 τὴν
1011 2117 1093 2176 καλ-

85 2216 201 2296 λίστην
215 2223 358 2296 γυναῖκα
373 2208 524 2297 ἤνεγκεν.
547 2210 655 2278 ἐδόκει
672 2213 777 2297 δόμοι
792 2211 847 2278 καὶ
863 2205 963 2286 αύτδς
974 2216 1094 2294 Σμυρ-

86 2322 178 2386 ναῖος
195 2306 279 2377 εἶναι
294 2305 311 2376 ὁ
328 2309 451 2395 λέγων,
467 2306 574 2387 οὕτως
588 2309 787 2395 ἐσεμνύνετο
802 2306 854 2377 ἐπ’
871 2304 965 2395 αὐτῇ.

170 2411 199 2472 3.
222 2411 325 2472 ΠΟΛ.
349 2403 488 2474 Ούκούν
509 2408 577 2474 ἐπεί
595 2414 697 2475 λίθου
716 2405 815 2473 τοῦτό
836 2429 875 2491 γε
896 2399 940 2482 ὥς
957 2401 1091 2490 ἀληθῶς
1110 2416 1158 2470 461

86 2507 242 2589 ἐποίησας
252 2502 328 2572 ούτε
337 2505 639 2590 παρακολουθήσας
650 2503 726 2572 ούτε
736 2501 796 2571 τόν
805 2511 1004 2589 Σμυρναῖον
1013 2504 1092 2570 ἐκεῖ·

85 2628 149 2670 νον
164 2602 321 2687 ἐρόμενος
339 2601 410 2688 ἥτις
426 2597 487 2691 ἦν,
509 2600 574 2671 κάν
590 2601 626 2670 τό
644 2601 731 2681 εἶδος
747 2601 790 2681 οἱς
809 2600 883 2670 οἷόν
903 2629 938 2670 τε
955 2599 1093 2670 ὑπόδει-

87 2707 146 2780 ξον
160 2707 205 2788 τῷ
223 2701 326 2790 λόγῳ·
349 2702 430 2787 τάχα
446 2701 511 2788 γάρ
526 2699 570 2769 ἀν
584 2701 691 2780 οὕτως
703 2709 912 2787 γνωρίσαιμι.

172 2806 271 2866 AYK.
290 2798 387 2888 Ὁρᾷς
404 2797 522 2886 ἡλίκον
544 2807 642 2868 τοῦτο
664 2798 802 2886 ᾔτησαςς
826 2796 868 2866 ού
881 2797 963 2867 κατά
980 2797 1093 2883 λόγων

1 2939 2 2974 ι
87 2897 250 2984 δύναμιν,
272 2901 326 2966 καὶ
343 2899 485 2984 μάλιστά
499 2926 537 2985 γε
551 2906 619 2966 των
634 2899 740 2981 ἐμῶν,
761 2900 941 2981 ἐμφανίσαι
956 2906 1093 2980 θαυμα-

1 3031 2 3052 ι
87 3003 164 3065 σίαν
181 2994 288 3074 οὕτως
302 2996 433 3082 εἰκόνα,
448 2994 531 3081 πρός
544 2994 588 3082 ἣν
601 2995 695 3080 μόλις
709 2989 753 3060 ἀν
765 2990 787 3079 ἦ
798 2991 953 3079 Ἀπελλῆς
969 2989 991 3079 ἢ
1006 3001 1093 3061 Ζεῦ-

88 3102 135 3176 ξις
149 3090 172 3182 ἢ
185 3093 378 3181 Παρράσιος
398 3094 507 3164 ίκανοὶ
524 3097 659 3179 ἔδοξαν,
681 3088 703 3178 ἢ
721 3101 755 3160 εί
765 3118 815 3170 τις
830 3096 965 3170 Φειδίας
980 3087 1003 3178 ἢ
1021 3091 1094 3160 Ἀλ-

2 3243 3 3246 ,
87 3198 231 3282 καμένης
262 3191 326 3280 ἐγω
340 3194 375 3262 δὲ
391 3201 604 3280 λυμανοῦμαι
621 3190 658 3259 τό
670 3188 855 3276 ἀρχέτυπον
866 3187 1026 3279 ἀσθενείᾳ
1036 3198 1094 3277 της

3 3547 5 3590 λ

86 3295 124 3361 τέ
141 3319 162 3359 ν
204 3344 211 3357 .

121 3320 140 3378 χ
162 3320 273 3459 7λλΟΛ.
289 3389 413 3480 Ὅμως,
435 3383 619 3480 ύΛνκῐνε,
641 3396 720 3460 ποία
737 3416 785 3467 τις
800 3380 841 3475 ἦν
859 3386 918 3476 την
932 3387 1029 3470 όψινς
1051 3385 1093 3455 οὐ
