2575 3842
180 209 289 269 ΠΩΣ
306 212 397 268 ΔΕΙ
413 210 660 270 ΙΣΤΟΡΙΑΝ
677 215 1006 274 ΣΤΓΓΡΑΦΕΙΝ.
1056 211 1097 276 27

22 324 30 366 ³
90 380 183 450 νοίας
203 371 318 455 παρεὶς
340 365 508 453 προσοχὴν
535 370 590 435 καὶ
613 366 799 454 εὐμάθειαν
826 369 1004 460 εὐπορήσει
1030 388 1097 452 τοίς

21 512 24 524 2
90 468 261 536 ἀκοόουσι.
294 467 492 548 προσέξουσι
511 465 573 550 μὲν
589 463 655 551 γάρ
671 463 779 556 αὐτῷ,
799 464 844 554 ήν
858 474 946 558 δείξη
963 468 1006 548 ὡς
1021 471 1097 553 περί

88 564 244 650 μεγάλων
263 558 285 647 ή
302 559 494 646 ἀναγκαίων
513 557 536 647 ή
552 568 684 629 οἰκείων
703 558 726 648 ή
742 571 910 650 χρησίμοιν
925 568 1006 648 ἐρεί·
1039 563 1096 632 εό-

88 668 181 747 μαθή
198 661 235 726 δὲ
256 660 309 725 καὶ
328 663 418 742 σαφῆ
433 654 473 724 τά
490 656 633 743 ὕστερον
649 661 795 744 ποιήσει,
819 658 879 738 τάς
892 667 997 739 αἰτίας
1012 685 1096 746 προ-

17 795 18 800 *
89 760 303 842 εκτιθέμενος
319 756 374 822 καὶ
389 761 586 840 περιορίζων
598 754 639 822 τά
654 757 819 841 κεφάλαια
833 764 901 824 τῶν
916 758 1095 843 γεγενημέ-

89 882 167 924 νων.
184 859 234 922 54.
245 851 409 931 τοιούτοις
418 860 604 938 προοιμίοις
612 858 648 920 οί
655 854 784 937 ἄριστοι
794 862 862 921 τῶν
870 855 1093 940 συγγραφέων
1109 867 1145 922 64

89 953 287 1039 ἐχρήσαντο,
307 947 486 1035 Ἡρόδοτος
506 952 583 1035 μέν,
611 947 656 1027 ὡς
675 947 720 1035 μή
735 948 775 1016 τά
790 953 955 1037 γενόμενα
969 954 1095 1034 ἐξίτηλα

87 1059 132 1140 τῷ
147 1048 260 1136 χρόνῳ
270 1049 414 1133 γένηται,
429 1047 555 1133 μεγάλα
567 1049 621 1114 καλ
632 1046 810 1132 θαυμαστά
823 1046 914 1133 ὄντα,
928 1049 1095 1115 καὶταῦτα

86 1156 183 1225 νίκας
194 1142 384 1231 Ἑλληνικάς
399 1149 564 1231 δηλοῦντα
577 1146 632 1213 καὶ
646 1143 744 1230 ἥττας
761 1145 982 1232 βαρβαρικάς·
1004 1152 1076 1211 Θου

86 1247 226 1328 κυδίδης
238 1245 289 1328 δέ,
305 1245 410 1327 μέγαν
424 1268 459 1310 τε
470 1244 525 1310 καλ
536 1240 635 1320 αὐτὸς
647 1244 780 1318 ἐλπίσας
792 1247 927 1309 ἔσεσθαι
937 1238 1095 1320 καλάξιο-

86 1341 279 1427 λογοότατον
294 1343 348 1407 καὶ
368 1346 466 1426 μείζω
487 1347 554 1407 τῶν
569 1343 866 1425 προγεγενημένων
885 1342 1014 1407 ἐκείνου
1034 1335 1094 1406 τόν

86 1438 253 1521 πόλεμον·
275 1435 329 1501 καλ
340 1431 405 1519 γάρ
417 1433 597 1517 παθήματα
613 1437 651 1500 έν
666 1433 757 1524 αὐτῷ
766 1436 893 1521 μεγάλα
905 1439 1025 1523 ξυνέβη
1037 1461 1094 1520 γε·

87 1536 219 1601 νέσθαι.
241 1537 292 1598 55.
307 1528 389 1616 μετά
405 1532 441 1598 δὲ
456 1527 494 1597 τό
511 1538 701 1617 προοίμιον,
723 1531 891 1619 ἀνάλογον
903 1548 971 1613 τοῖς
984 1535 1094 1619 πράγ-

87 1651 190 1718 μασιν
204 1624 227 1714 ή
238 1628 473 1714 μηκυνόμενον
484 1623 506 1714 ή
520 1631 789 1715 βραχυνόμενον,
807 1630 935 1718 εόαφής
948 1633 1003 1698 καὶ
1015 1628 1094 1696 εὐά-

87 1753 196 1814 γωγος
217 1723 339 1812 ἐστωή
363 1727 416 1793 ἐπὶ
436 1723 497 1810 τήν
519 1725 674 1812 διήγησιν
695 1727 887 1818 μετάβασις·
921 1726 1011 1794 ἅπαν
1027 1724 1091 1812 γάρ

86 1824 230 1911 ἀτεχνῶς
249 1819 287 1890 τό
308 1820 427 1890 λοιπόν
449 1829 542 1908 σῶμα
563 1829 620 1908 τῆς
642 1829 787 1906 ίστορίας
810 1825 961 1912 διήγησις
981 1822 1092 1910 μακρά

87 1925 194 1988 ἐστιν·
211 1917 295 1986 όόστε
305 1926 439 2004 ταίςτής
449 1919 628 2004 διηγήσεως
638 1918 767 2004 ἀρεταῖς
777 1921 1092 2006 κατακεκοσμήσθω,

86 2027 182 2096 λείως
198 2019 302 2084 τεκαὶ
317 2015 447 2101 ὁμαλῶς
457 2023 620 2101 προϊοῦσα
634 2017 689 2084 καὶ
705 2014 786 2102 αὐτή
798 2016 935 2102 ὁμοίως,
952 2017 1036 2084 ὥστε
1047 2015 1091 2101 μή

87 2114 248 2202 προῦχειν
258 2114 341 2201 μηδὲ
352 2120 594 2182 κοιλαίνεσθαι·
610 2120 721 2182 ἔπειτα
732 2113 768 2182 τό
781 2115 884 2199 σαφές
896 2118 1092 2198 ἐπανθείτω,

86 2223 125 2304 τῇ
145 2241 181 2282 τε
201 2217 302 2298 λέξει,
324 2209 368 2290 ὡς
387 2219 489 2297 ἔφην,
510 2214 784 2298 μεμηχανημένον
799 2213 853 2278 καλ
869 2217 909 2300 τή
931 2230 1093 2295 συμπερι-

87 2321 195 2400 πλοκῇ
209 2319 276 2378 τῶν
296 2311 509 2397 πραγμάτων.
537 2309 685 2377 ἀπόλυτα
702 2307 835 2395 γάρκαὶ
855 2311 968 2394 ἐντελῆ
984 2308 1092 2375 πάντα

87 2411 236 2496 ποιήσει,
259 2413 314 2477 καί
327 2408 363 2476 τδ
380 2415 513 2494 πρῶτον
527 2411 786 2496 ἐξεργασάμενος
800 2411 910 2489 ἐπάξει
923 2407 960 2476 τό
977 2407 1093 2476 δεότε-

87 2535 150 2592 ρον
159 2507 319 2593 ἐχόμενον
329 2504 434 2573 αὐτοῦ
443 2509 498 2574 καὶ
508 2504 657 2586 ἁλύσεως
666 2508 793 2591 τρόπον
805 2507 1091 2592 συνηρμοσμένον,

87 2606 132 2685 τός
143 2604 190 2692 μή
203 2605 425 2690 διακεκόφθαι
436 2603 519 2691 μηδὲ
531 2605 696 2691 διηγήσεις
705 2604 829 2684 πολλάς
841 2604 925 2673 εἶναι
936 2602 1093 2690 ἀλλήλαις

86 2705 348 2790 παρακειμένας,
368 2700 441 2771 ἀλλ’
457 2701 508 2771 ἀεὶ
522 2701 558 2770 τό
575 2712 707 2788 πρῶτον
721 2711 766 2794 τῷ
781 2706 924 2793 δευτέρῳ
945 2700 989 2788 μή
1004 2726 1093 2786 γειτ-

87 2810 165 2870 νιᾶν
182 2802 306 2886 μόνον,
322 2799 405 2870 ἀλλά
421 2806 476 2869 καλ
491 2817 667 2869 κοινωνεῖν
682 2805 735 2870 καὶ
746 2801 995 2885 ἀνακεκρᾶσθαι
1009 2793 1091 2864 κατά

86 2899 126 2967 τά
141 2897 238 2984 ἀκρα.
259 2906 309 2968 56.
325 2900 421 2985 τάχος
436 2902 487 2967 ἐπὶ
502 2907 582 2966 πᾶσι
598 2900 775 2986 χρήσιμον,
790 2903 842 2968 καί
853 2899 995 2985 μάλιστα
1007 2901 1037 2962 εί
1045 2892 1089 2980 μή
1107 2906 1142 2961 65

85 2997 210 3084 ἀπορία
231 3005 298 3064 τῶν
318 3000 461 3066 λεκτέων
480 3009 545 3083 είη·
565 3000 629 3065 ’καὶ
646 3005 743 3065 τοῦτο
758 3003 951 3080 ποριῗεσθαι
971 2990 1033 3077 χρὴ
1048 2987 1092 3077 μή

89 3103 251 3162 τοσοῦτον
265 3091 330 3161 ἀπδ
348 3103 416 3162 τῶν
434 3093 609 3180 ὀνομάτων
622 3091 645 3183 ή
660 3096 833 3181 ῥημάτων,
849 3094 931 3160 όσον
947 3088 1012 3158 ἀπό
1025 3096 1092 3156 τῶν

87 3192 310 3279 πραγμάτων·
338 3195 421 3276 λέγω
442 3194 494 3278 δέ,
517 3199 546 3260 εί
565 3194 749 3276 παραθέοις
767 3194 828 3277 μὲν
850 3191 890 3258 τά
911 3187 1013 3277 μικρά
1037 3189 1094 3256 καλ

88 3283 189 3376 ἦττον
205 3287 385 3376 ἀναγκαία,
400 3294 507 3376 λέγοις
518 3291 554 3358 δὲ
568 3296 691 3368 ἱκανῶς
704 3288 744 3357 τά
756 3290 897 3375 μεγάλα·
917 3297 1045 3376 μᾶλλον
1056 3289 1093 3354 δδ

87 3391 142 3458 καλ
153 3390 396 3472 παραλειπτέον
407 3390 523 3456 πολλά.
545 3387 624 3456 οὐδὲ
636 3386 700 3474 γάρ
712 3384 756 3474 ἦν
767 3391 874 3477 ἑστιᾷς
883 3389 962 3465 τοὺς
973 3393 1093 3473 φίλους
