2575 3842
1279 24 1281 129 λ

201 159 263 221 288
556 160 863 219 AOYKIANOY

200 317 218 386 ὁ
232 318 407 404 Ἀκινάκης
420 320 496 384 θεοὶ
509 315 609 397 εἷναι;
632 317 739 396 οὕτως
749 317 814 403 άρα
826 317 995 405 ἠγνόησας
1005 319 1058 388 ὅτι
1072 321 1212 407 ἀνθρώ-

199 441 275 497 ποις
296 422 406 503 μεῖζον
427 411 528 482 ούδέν
550 415 618 481 ἐστι
640 420 722 500 ζωῆς
748 441 784 482 τε
806 417 862 483 καὶ
883 417 1054 499 θανάτους
1084 417 1213 487 ὁπόταν
1279 418 1280 425 ¹

199 523 317 583 τοίνυν
330 512 540 599 τόνἈυεμον
554 515 608 580 καὶ
625 510 685 579 τόν
699 509 878 599 Ἀκινάκην
892 511 1088 602 ὀμνύωμεν,
1109 525 1212 584 ταῦτα

200 613 372 700 ὀμνύομεν
395 609 440 690 ὡς
462 611 605 697 τὸνμὲν
621 609 767 696 ’Ἀυεμον
790 617 871 698 ζωῆς
893 622 1002 681 αίτιον
1025 613 1124 700 ὄντα,
1153 614 1212 682 τόν

196 709 375 795 Ἀκινάκην
392 710 430 778 δὲ
446 707 497 776 ότι
515 708 747 794 ἀποθνήσκειν
763 724 859 776 ποιεῖ.
874 719 883 736 ’

284 815 434 876 ΜΝΗΣ.
456 809 523 874 Καὶ
543 805 610 893 μὴν
631 813 661 875 εί
680 808 734 874 διά
755 833 794 893 γε
814 817 928 894 τοῦτο,
953 812 1009 878 καὶ
1023 809 1149 889 ἀλλους
1170 808 1213 877 ἀν

200 916 304 996 ἔχοιτε
321 905 467 984 πολλοὺς
481 903 586 984 θεοὺς
601 901 670 983 οἷος
690 903 708 972 ὁ
727 903 900 992 Ἀκινάκης
914 911 998 992 ἐστί,
1021 906 1083 975 τόν
1098 906 1212 977 οἰστόν

129 1014 179 1070 547
201 1010 255 1076 καὶ
266 1004 328 1093 τὴν
338 1005 463 1091 λόγχην
474 1007 527 1072 καὶ
538 1005 681 1071 κώνειον
693 1003 729 1069 δὲ
739 1005 794 1072 καί
804 1003 928 1090 βρόχον
939 1007 993 1071 καὶ
1004 1003 1211 1074 τὰτοιαῦτα

200 1112 350 1182 ποικίλος
364 1102 428 1190 γάρ
450 1096 548 1180 οὗτος
564 1099 582 1170 ὁ
600 1097 714 1179 θεόςὸ
735 1100 886 1178 θάνατος
900 1104 955 1169 καὶ
974 1099 1135 1187 ἀπείρους
1155 1103 1213 1182 τάς

201 1202 255 1290 ἐφ’
272 1201 393 1272 ἑαυτὸν
408 1205 582 1288 παρέχεται
599 1197 746 1286 ἀγούσας
762 1195 871 1276 ὁδούς.

288 1309 382 1382 ΤΟΞ.
400 1302 496 1390 Ὁρᾷς
508 1308 605 1368 τοῦτο
619 1297 663 1376 ὡς
675 1295 842 1381 ἐριστικόν
854 1312 958 1376 ποιεῖς
969 1300 1023 1367 καὶ
1035 1299 1211 1368 δικανικόν

199 1401 403 1487 ὑποκρούων
419 1397 540 1485 μεταξύ
555 1400 610 1466 καὶ
627 1401 838 1482 διαφθείρων
852 1423 919 1482 μου
930 1394 990 1465 τόν
1005 1398 1125 1483 λόγον;
1147 1397 1211 1486 ἐγώ

201 1502 237 1568 δὲ
252 1498 393 1586 ἡσυχίαν
407 1491 492 1584 ἦγον
507 1505 571 1563 σοῦ
585 1497 749 1581 λέγοντος.

284 1602 435 1663 ΜΝΗΣ.
466 1592 552 1662 Ἀλλ’
576 1590 639 1662 ούκ
660 1586 762 1671 αύθίς
782 1620 835 1680 γε,
865 1586 891 1660 co5
916 1594 1053 1679 Τόξαρι,
1079 1596 1209 1680 ποιήσω

199 1701 298 1760 τοῦτο
306 1742 315 1776 ,
334 1691 425 1759 πάνυ
437 1688 502 1778 γάρ
515 1689 627 1775 ὀρθῶς
638 1693 848 1777 ἐπετίμησας·
872 1687 956 1758 ώστε
969 1699 1112 1777 θαρρῶν
1122 1693 1161 1760 τό
1172 1719 1210 1779 γε

199 1794 251 1859 ἐπὶ
260 1791 368 1880 τούτῳ
378 1793 463 1877 λέγε,
480 1788 525 1867 ’ώς
536 1789 618 1876 μηδὲ
633 1790 799 1873 παρόντος
810 1793 971 1874 ἐμοῦτοίς
982 1789 1104 1874 λόγοις,
1120 1788 1209 1857 οὕτω

200 1890 411 1977 σιωπήσομαί
423 1910 484 1957 σοι.

203 1998 210 2004 ’
283 1994 333 2056 39.
355 1993 448 2066 ΤΟΞ.
472 1987 618 2073 Τετάρτη
629 1987 691 2074 μὲν
704 1979 748 2073 ἦν
759 1983 865 2072 ἡμέρα
876 1992 934 2072 τῆς
948 1990 1060 2071 φιλίας
1070 1984 1208 2051 Δανδά-

198 2093 268 2175 μιδι
285 2089 340 2157 καὶ
357 2085 532 2174 Ἀμιζώκῃ,
555 2083 618 2170 ἀφ’
636 2079 679 2152 οὗ
693 2087 730 2153 τό
747 2083 900 2172 ἀλλήλων
917 2081 997 2171 αἷμα
1011 2085 1209 2152 συνεπεπώ-

198 2207 316 2256 κεσαν·
337 2179 423 2272 ἧκον
437 2185 474 2253 δὲ
487 2183 565 2272 ἡμῖν
581 2187 632 2253 ἐπὶ
646 2182 707 2270 τὴν
721 2185 834 2271 χώραν
845 2184 1064 2271 Σαυρομάται
1078 2189 1210 2269 μυρίοις

199 2292 260 2374 μὲν
281 2291 453 2369 ἱππεῦσιν,
479 2289 513 2351 οί
533 2285 622 2364 πεζοὶ
644 2283 680 2352 δὲ
703 2286 771 2369 τρὶς
788 2291 941 2352 τοσοῦτοι
966 2286 1209 2370 ἐπεληλυθέναι

199 2386 360 2468 ἐλέγοντο.
376 2377 428 2450 οἷα
439 2384 474 2451 δὲ
485 2379 525 2450 ού
534 2386 765 2468 προϊδομένοις
772 2379 834 2469 τὴν
843 2388 968 2468 ἔφοδον
978 2380 1210 2450 αύτώνέπεισ-

199 2483 356 2558 πεσόντες
373 2479 521 2558 ἅπαντας
536 2481 598 2567 μὲν
615 2485 790 2567 τρέπουσι,
813 2479 957 2559 πολλούς
973 2482 1009 2550 δὲ
1027 2488 1096 2548 τών
1111 2487 1209 2567 μαχί-

199 2606 273 2666 μων
289 2586 475 2664 κτείνουσι,
498 2577 577 2658 τούς
592 2581 629 2648 δὲ
651 2583 705 2648 καὶ
724 2586 846 2660 ζῶντας
860 2577 1046 2666 ἀπάγουσι,
1068 2579 1157 2666 πλὴν
1180 2589 1213 2646 εδ

197 2706 246 2758 τις
261 2685 351 2764 ἔφθη
367 2679 607 2765 διανηξάμενος
621 2685 668 2758 είς
680 2677 718 2747 τό
733 2682 839 2766 πέραν
852 2687 914 2747 τοῦ
929 2686 1099 2766 ποταμοῦ,
1123 2685 1210 2746 ἔνθα

196 2777 328 2865 ἡμῖντὸ
350 2776 453 2864 ἥμισυ
470 2785 532 2846 τοῦ
548 2781 775 2865 στρατοπέδου
796 2779 851 2846 καὶ
871 2783 970 2864 μέρος
989 2785 1057 2845 τών
1072 2775 1208 2864 άμαξών

196 2872 255 2965 ἦν·
286 2877 374 2946 οὕτω
390 2876 454 2964 γάρ
472 2880 709 2965 ἐσκηνώσαμεν
729 2877 820 2963 τότε,
845 2875 909 2945 οὐκ
924 2876 997 2945 οἶδα
1018 2874 1082 2944 ότι
1106 2877 1209 2957 δόξαν

196 2991 265 3056 τοῖς
286 2975 501 3062 ἀρχιπλάνοις
519 2974 632 3064 ἡμῶν,
660 2975 711 3045 ἐπ’
735 2975 925 3064 ἀμφοτέρας
944 2974 1003 3055 τάς
1021 2976 1125 3062 ὄχθας
1147 2983 1208 3042 τοῦ

201 3076 374 3153 Τανάϊδος.
415 3074 520 3155 εύθύς
543 3070 607 3144 οὖν
633 3075 655 3162 ἥ
675 3103 710 3144 τε
734 3084 806 3146 λεία
828 3077 1068 3162 περιηλαύνετο
1095 3076 1150 3143 καὶ
1167 3072 1208 3142 τά

127 3186 179 3240 548
199 3173 388 3259 αἰχμάλωτα
405 3183 572 3260 συνείχετο
588 3179 643 3244 καὶ
665 3174 723 3255 τάς
738 3174 864 3263 σκηνάς
878 3176 1061 3263 διήρπαζον
1077 3176 1132 3241 καὶ
1151 3171 1209 3250 τάς

197 3270 322 3356 ἁμάξας
339 3273 650 3361 κατελαμβάνοντο,
666 3273 877 3359 αὐτάνδρους
891 3273 949 3352 τάς
965 3279 1119 3351 πλείστας
1134 3270 1208 3340 άλι-

197 3357 369 3454 σκομίνας,
385 3374 439 3438 καὶ
452 3375 488 3440 ἐν
498 3371 687 3461 ὀφθαλμοῖς
700 3371 795 3460 ἡμῶν
806 3372 996 3462 ὑβρίζοντες
1010 3372 1068 3451 τάς
1080 3380 1208 3440 παλλα-
