2575 3842
191 157 252 220 ³68
549 161 853 220 AOYKIANOY

278 323 373 386 TIM.
401 323 441 386 Τί
457 317 540 404 φηςι
564 315 757 404 ἀπρονόητα
772 312 836 387 ούυ
849 326 952 386 ταῦτα
967 319 1124 403 ἅπαντα,

274 421 388 481 ΔΑΜ.
411 422 488 482 Ναί.

279 519 372 581 ΤΙΜ.
397 509 483 580 Οὐδ’
502 509 570 580 ὑπό
585 539 651 580 τινι
670 511 816 604 ἀραθεῷ
830 516 977 584 τάττεται
993 514 1097 602 ἡτῶν
1118 517 1218 586 όλωυ

190 613 371 696 ἐπιμέλειαι

274 729 388 790 ΔΑΜ.
412 720 472 790 Οὔ.

278 841 371 902 ΤΙΜ.
396 833 511 900 Πάυτα
527 835 563 902 δὲ
579 841 650 921 είκη
665 839 799 921 φέρεται
815 834 926 928 ἀλόγῳ
941 845 1046 926 φορᾷ;

275 939 389 1000 AAM:
411 938 488 1000 Ναί.

278 1036 372 1097 ΤΙΜ.
390 1027 463 1098 Εἶτ’
476 1028 653 1114 ἅνθρωποι
665 1040 769 1100 ταῦτα
780 1030 960 1111 ἀκούοντες
975 1030 1140 1117 ἀνέχεσθε
1153 1039 1210 1104 καί

192 1126 232 1197 ού
248 1129 464 1197 καταλεύσετε
481 1126 541 1196 τόν
558 1126 745 1216 ἀλιτήριονς

275 1246 389 1307 ΔΑΜ.
415 1245 456 1306 Τί
470 1237 548 1317 τούς
565 1236 769 1324 ἀνθρώπους
787 1237 838 1306 ἐπ’
861 1240 917 1326 ἐμὲ
933 1239 1153 1325 παροξύνεις,
1179 1237 1206 1308 ὦ

194 1338 384 1424 Τιμόκλεις;
411 1333 433 1423 ἢ
454 1344 503 1416 τίς
525 1334 573 1404 ἀν
596 1337 791 1423 ἀγανακτεῖς
811 1335 895 1420 ὑπὲρ
917 1345 985 1405 τῶν
1006 1345 1119 1423 θεῶν,
1150 1343 1206 1408 καί

190 1443 293 1503 ταῦτα
310 1437 447 1502 ἐκείνων
462 1433 573 1502 αὐτῶν
593 1433 655 1501 ούκ
673 1433 971 1521 ἀγανακτούντων;
999 1439 1032 1502 οἳ
1046 1463 1084 1522 γε
1098 1436 1203 1505 οὐδὲν

191 1531 304 1601 δεινόν
314 1538 539 1600 διατεθείκασί
547 1559 587 1618 με
597 1533 698 1601 πύλαι
710 1531 899 1618 ἀκούοντες,
917 1542 950 1602 εί
956 1559 993 1619 γε
1002 1531 1200 1603 ἀκούουσιν,

277 1651 371 1712 ΤΙΜ.
399 1640 573 1711 Ἀκούουσι
594 1643 676 1729 γάρ,
699 1636 725 1710 ό
747 1651 855 1730 Δᾶμι,
879 1641 1058 1729 ἀκούουσι,
1084 1655 1144 1712 καί
1166 1670 1201 1712 σε

189 1747 320 1827 μετίασί
331 1767 410 1811 ποτε
426 1743 535 1833 χρόνῳ
552 1740 704 1828 ὕστερον.

274 1861 324 1926 37.
349 1863 463 1925 ΔΑΜ.
486 1859 551 1924 Καὶ
571 1857 651 1925 πότε
673 1851 716 1924 ἀν
737 1858 857 1924 ἐκείνοι
879 1854 1000 1943 σχολὴν
1015 1853 1132 1942 ἀγοιευ
1149 1861 1188 1923 ἐπ

190 1959 261 2044 ἐμέ,
285 1963 444 2041 τοσαῦτα,
463 1951 506 2034 ὡς
521 1953 602 2041 φής,
624 1955 800 2042 πράγματα
819 1961 947 2039 ἔχοντες
965 1955 1019 2020 καί
1039 1950 1078 2020 τά
1102 1955 1141 2020 ἐν
1156 1960 1199 2042 τῷ

189 2056 302 2146 κόσμῳ
312 2053 432 2141 ἀπειρα
441 2051 477 2123 τό
489 2059 618 2141 πλῆθος
628 2051 710 2120 όυτα
720 2053 1013 2138 οἰκονομούμενοι,
1026 2049 1109 2118 ὥστε
1120 2049 1202 2118 ούδί

189 2155 228 2220 σέ
240 2176 291 2220 πω
306 2150 476 2239 ἠμύναντο
493 2144 540 2219 ἀν
555 2154 718 2239 ἐπιορκεῖς
729 2147 780 2218 ἀεὶ
792 2153 845 2217 καὶ
856 2156 924 2216 τῶν
940 2148 1067 2233 ἀλλων,
1085 2152 1142 2217 ’ίυα
1154 2148 1200 2235 μὴ

188 2253 242 2318 καί
257 2247 358 2328 αὐτός
368 2259 577 2337 βλασφημεῖν
588 2247 823 2337 ἀναγκάζωμαι
836 2244 926 2333 παρὰ
939 2245 977 2314 τὰ
991 2251 1198 2333 ξυγκείμενα.
1271 2278 1272 2303 ι

189 2355 294 2416 καίτοι
324 2347 385 2434 οὐχ
409 2347 476 2434 ὁρῶ
499 2348 617 2436 ἥντινα
638 2345 681 2416 ἀν
703 2346 807 2433 ἀλλην
830 2349 987 2426 ἐπίδειξιν
1008 2354 1065 2432 τῆς
1084 2343 1200 2413 αὐτῶν

120 2467 170 2524 685
189 2454 346 2532 προνοίας
363 2453 461 2531 μείζω
482 2449 664 2532 ἐξενεγκεῖν
685 2443 852 2533 ἠδύναντο
869 2439 891 2531 ἢ
908 2448 945 2511 σὲ
966 2444 1072 2512 κακόν
1087 2453 1200 2523 κακῶς

188 2547 426 2630 ἐπιτρίψαντες.
456 2541 539 2612 ἀλλά
555 2550 652 2631 δῆλοί
672 2551 756 2612 είσιυ
770 2542 1020 2630 ἀποδημοῦντες
1038 2541 1121 2629 ὑπὲρ
1138 2541 1199 2610 τόν

186 2637 347 2709 Ὠκεανόν
361 2651 439 2720 ίσως
450 2639 520 2730 μετ’
535 2640 709 2729 ἀμύμονας
722 2649 927 2730 Αἰθιοπῆας·
950 2648 1029 2720 ἔθος
1039 2648 1125 2728 γοῦν
1136 2641 1200 2709 αύ·

188 2755 255 2820 τοῖς
269 2747 415 2828 συνεχως
426 2741 511 2808 ίεύαι
526 2739 606 2825 παρ’
622 2737 745 2819 αύτούς
756 2739 836 2829 μετά
854 2747 948 2809 δαῖτα
962 2743 1017 2809 καί
1031 2738 1200 2827 αύτεπαγ·

188 2842 314 2925 γε’λτοις
331 2843 444 2908 ἐνίοτε.

270 2959 320 3021 38.
350 2960 443 3022 ΤΙΜ.
470 2960 511 3022 Τί
529 2952 612 3040 πρὸς
627 2953 794 3038 τοσαύτην
816 2947 1053 3037 ἀναισχυντίαν
1074 2963 1198 3040 είποιμι
1269 3010 1270 3015 ,

187 3049 246 3136 ἄν,
263 3042 415 3138 ύΔᾶμι;

271 3169 386 3230 ΔΑΜ.
408 3160 547 3247 Ἐκεῖνο,
566 3156 593 3229 σί
608 3162 798 3247 Τιμόκλεις,
816 3160 835 3229 ὂ
851 3164 953 3230 πύλαι
966 3161 1030 3248 ε’γά
1047 3164 1197 3233 ἐπόθουν

187 3253 331 3323 ἀκοῦσαί
337 3277 410 3342 σου,
421 3258 511 3337 ὅπως
520 3262 677 3344 ἐπείσθης
687 3270 819 3328 οίεσδαι
829 3259 1074 3346 προυοείντούς
1083 3263 1196 3342 θεούς.

274 3358 367 3417 ΤΙΜ.
386 3351 428 3419 Ἡ
440 3356 530 3432 τάξις
544 3355 606 3439 μὲν
620 3364 754 3438 πρῶτον
766 3365 834 3423 τῶν
849 3359 1039 3443 γινομένων
1054 3364 1196 3442 ἔπεισεν,

1267 3464 1270 3573 λ
