2575 3842
191 184 248 249 128
541 186 844 245 AOYKIANOP

187 342 271 427 πρός
289 341 485 430 Ἐπίκουρον
498 338 558 431 ἦν·
587 347 642 412 καὶ
659 345 747 429 μάλα
769 344 909 422 εἰκότως.
933 351 997 411 τίνι
1019 342 1084 430 γὰρ
1102 341 1191 431 ἀλλῳ

187 442 396 527 δικαιότερον
416 446 655 527 προσεπολέμει
677 443 757 527 γόης
774 441 953 527 ἅνθρωπος
975 445 1028 510 καὶ
1044 448 1192 529 τερατείᾳ

187 548 298 626 φίλος,
317 538 458 629 ἀληθείᾳ
472 540 507 607 δὲ
526 546 692 625 ἔχθιστος,
711 537 732 625 ή
747 538 930 630 Ἐπικούρῳ
942 538 1038 624 ἀνδρὶ
1051 538 1112 626 τήν
1124 539 1192 623 φῦ-

187 660 242 707 σιν
255 645 324 705 τῶν
334 638 539 723 πραγμάτων
550 638 780 723 καθεωρακότι
792 640 846 705 καὶ
857 639 949 727 μόνῳ
961 635 1021 723 τήν
1034 640 1069 703 ἐν
1081 632 1192 711 αὐτοῖς

187 734 351 822 ἀλήθειαν
364 736 482 815 είδότι;
498 741 532 802 οἱ
542 738 604 821 μέν
614 733 679 820 γάρ
691 734 774 821 ἀμφὶ
786 733 845 802 τόν
855 737 1019 802 Πλάτωνα
1036 736 1088 801 καὶ
1100 733 1193 819 Χρῦ-

188 856 313 902 σιππον
337 837 391 901 καί
410 835 620 918 Πυθαγόραν
642 841 734 919 φίλοι
755 836 808 900 καί
830 834 943 919 είρήνη
965 840 1085 919 βαθεῖα
1110 828 1193 914 πρὸς

188 938 335 1009 ἐκείνους
348 925 408 1017 ήυ·
431 928 448 997 ὁ
464 934 500 998 δὲ
514 930 670 1016 ἄτεγκτος
683 929 873 1014 Ἐπίκουρος
887 972 930 983 -
945 930 1033 999 οὕτω
1047 926 1112 1015 γάρ
1130 924 1193 993 αῦ-

187 1030 247 1099 τὸν
263 1028 432 1115 ὠνόμαζεν
445 1070 488 1079 -
504 1035 655 1114 ἔχθιστος
670 1033 820 1111 δικαίως,
843 1029 950 1095 πάντα
967 1035 1069 1094 ταῦτα
1086 1028 1122 1093 ἐν
1137 1027 1193 1110 γέ-

188 1139 268 1198 λωτι
284 1131 339 1196 καὶ
356 1132 474 1216 παιδιᾷ
484 1130 668 1212 τιθέμενος.
694 1125 745 1193 διὸ
760 1129 814 1193 καὶ
827 1124 1075 1212 τήνἎμαστριυ
1090 1125 1192 1207 ἐμίσει

188 1227 330 1312 μάλιστα
344 1235 412 1294 τῶν
428 1232 604 1293 Ποντικῶν
619 1226 768 1309 πόλεων,
785 1223 834 1291 ὅτι
852 1221 1008 1309 ήπίστατο
1023 1218 1101 1298 τοῦς
1118 1221 1193 1303 περὶ

189 1331 336 1394 Λέπιδον
350 1329 406 1394 καὶ
420 1324 541 1402 ἀλλους
557 1323 693 1410 ὁμοίους
708 1322 819 1401 αὐτοῖς
833 1320 976 1399 πολλοῦς
992 1320 1089 1398 ὄντας
1105 1321 1140 1386 ἐν
1152 1326 1193 1403 τῇ

190 1425 301 1491 πόλει·
329 1420 407 1489 οῦδὲ
428 1423 659 1512 ἐχρησμῴδησε
681 1422 813 1489 πάποτε
836 1419 1061 1508 Ἀμαστριανῷ
1078 1415 1192 1498 ἀνδρί·

190 1521 291 1590 ὁπότε
303 1522 339 1588 δὲ
353 1524 407 1588 καὶ
421 1520 601 1605 ἐτόλμησεν
614 1518 750 1610 ἀδελφῷ
764 1526 987 1605 συγκλητικοῦ
997 1520 1194 1605 χρησμῳδῆ-

190 1642 264 1704 σαι,
293 1621 531 1703 καταγέλαστος
557 1616 744 1704 ἀπήλλαξεν
770 1617 831 1704 οῦχ
859 1614 969 1703 εῦρῦν
992 1614 1068 1682 οὔτε
1094 1612 1194 1693 αὐτὸς

121 1736 173 1789 234
191 1718 383 1784 πλάσασθαι
394 1715 543 1802 χρησμόν
554 1714 663 1797 δεξιόν
675 1716 751 1783 οὔτε
761 1714 820 1783 τόν
833 1725 967 1802 ποιήσαι
979 1712 1062 1798 πρὸς
1073 1710 1193 1796 καιρὸν

190 1812 279 1904 αὐτῷ
291 1813 537 1898 δυνησόμενον·
549 1814 750 1903 μεμφομένῳ
761 1812 824 1899 γάρ
836 1810 926 1902 αὐτῷ
935 1812 1100 1898 στομάχου
1112 1808 1193 1876 ὀδό-

190 1936 254 1995 νην
279 1910 459 1992 προστάξαι
484 1912 689 1998 βουλόμενος
710 1910 805 1979 ὕειον
827 1912 915 1977 πόδα
941 1907 1020 1995 μετά
1047 1908 1193 1994 μαλάχης

190 2011 435 2093 ἐσκευασμένον
449 2011 575 2077 ἐσθίειν
590 2008 696 2088 οῦτως
711 2015 790 2095 ἔφη·

306 2108 474 2196 Μάλβακα
491 2115 644 2192 χοιρείων
659 2111 730 2193 ίερῇ
745 2114 903 2193 κυμίνευε
919 2106 1077 2195 σιπύδνῳ.

272 2213 324 2273 26.
345 2206 512 2282 Πολλάκις
523 2208 584 2291 μὲν
595 2200 669 2288 οῦν,
686 2204 729 2285 ὡς
741 2222 911 2291 προεῖπον,
928 2209 1028 2283 ἔδειξε
1040 2202 1100 2272 τδν
1111 2202 1194 2288 δρά-

190 2329 292 2373 κοντα
307 2318 374 2380 τοῖς
388 2305 567 2389 δεομένοις,
583 2302 642 2389 οῦχ
657 2302 748 2389 ὅλον,
763 2303 847 2372 ἀλλά
860 2303 920 2389 τήν
935 2301 1042 2387 οὐράν
1053 2303 1194 2389 μάλιστα

190 2405 244 2468 καὶ
264 2400 301 2468 τό
323 2400 403 2468 ἀλλο
426 2410 519 2486 σωμα
541 2401 793 2488 προβεβληκώς,
822 2400 884 2487 τήν
901 2399 1053 2488 κεφαλήν
1074 2404 1109 2468 δὲ
1126 2396 1193 2466 ὑπό

191 2498 320 2565 κόλπου
339 2496 484 2565 ἀθέατον
507 2500 693 2583 φυλάττων.
729 2500 890 2585 ἐθελήσας
907 2501 942 2567 δὲ
965 2503 1020 2567 καὶ
1036 2499 1194 2587 μειζόνως

191 2598 346 2679 ἐκπλῆξαι
357 2593 394 2662 τό
411 2604 540 2681 πλῆθος
552 2595 708 2683 ὑπέσχετο
724 2601 778 2665 καὶ
790 2605 955 2665 λαλοῦντα
970 2602 1121 2682 παρέξειν
1132 2595 1193 2661 τὸν

190 2692 291 2778 θεόν,
309 2690 413 2760 αῦτόν
425 2694 507 2761 ἀνευ
519 2692 696 2781 ὑποφήτου
707 2700 976 2786 χρησμῳδοῦντα.
1001 2694 1067 2763 εἶτα
1078 2690 1119 2761 οῦ
1132 2718 1194 2777 χα-

191 2799 297 2869 λεπάς
317 2791 474 2876 γεράνων
488 2790 644 2879 ἀρτηρίας
660 2798 812 2875 συνάψας
829 2799 883 2863 καὶ
899 2794 953 2863 διά
974 2803 1031 2881 τῆς
1049 2801 1194 2879 κεφαλῆς

190 2892 317 2974 ἐκείνης
329 2897 386 2975 τῆς
401 2898 673 2979 μεμηχανημένης
688 2893 771 2980 πρός
787 2893 964 2981 ὁμοιότατα
979 2899 1118 2975 διείρας,
1134 2890 1187 2958 ἀλ-

189 2992 251 3054 λὀυ
265 2984 355 3065 τινός
371 2992 497 3067 ἔξωθεν
513 2992 716 3077 ἐμβοῶντος,
733 2991 927 3079 ἀπεκρίνετο
944 2990 1027 3076 πρός
1037 2990 1096 3069 τάς
1111 2993 1195 3073 ἐρω-

120 3104 170 3158 235
188 3085 313 3171 τήσεις,
332 3093 388 3171 τῆς
404 3096 518 3175 φωνῆς
533 3088 589 3157 διά
600 3097 661 3157 τοῦ
675 3090 838 3159 ὀθονίνου
854 3097 983 3159 ἐκείνου
997 3089 1194 3175 Ἀσκληπιοῦ

188 3186 468 3271 προσπιπτούσης.
493 3191 673 3257 ἐκαλοῦντο
689 3191 725 3256 δὲ
737 3194 768 3256 οἱ
779 3192 919 3274 χρησμοὶ
933 3182 1026 3256 οῦτοι
1038 3187 1196 3272 αὐτόφω-

187 3307 257 3365 νοι,
280 3281 390 3350 καλοῦ
405 3291 508 3351 πᾶσιν
523 3288 670 3354 ἐδίδοντο
692 3286 771 3355 οὐδὲ
791 3286 929 3373 ἀνέδην,
954 3286 1038 3356 ἀλλά
1055 3300 1122 3365 τοῖς
1137 3284 1188 3352 εῦ·

187 3379 356 3462 παρόφοις
377 3383 431 3448 καὶ
449 3391 621 3463 πλουσίοις
641 3389 696 3453 καὶ
712 3387 967 3471 μεγαλοδώροις.
1000 3390 1049 3453 27.
1074 3383 1192 3471 ὁγοῦτ
