2575 3842
363 235 809 293 ιΚΑΡοΜΕΝιιιιιοε.
1027 233 1089 297 411

77 392 244 478 γυναικός
264 391 510 477 ἀναιρούμενον
527 395 580 459 καὶ
602 391 792 476 Ἀντίγονον
811 393 1007 478 μοιχεύοντα
1028 401 1090 460 τοῦ

78 497 162 559 υίοῦ
175 489 237 578 τὴν
252 505 395 578 γυναῖκα
407 492 461 557 καὶ
472 488 614 578 Ἀττάλῳ
625 488 686 556 τόν
696 485 774 556 υίδν
785 491 937 574 ἐγχέοντα
950 489 987 557 τὰ
1000 491 1090 575 φάρ-

79 614 202 674 μακον,
213 592 352 674 ἑτέρωθι
361 587 392 654 δ’
401 582 446 654 αὖ
459 585 623 672 Ἀρσάκην
634 586 824 672 φονεύοντα
833 584 871 652 τό
881 586 1025 671 γύναιον
1035 590 1089 654 καὶ

79 683 143 752 τόν
158 685 321 772 εὐνοῦχον
336 683 501 772 Ἀρβάκην
517 686 655 750 ἕλκοντα
672 680 709 750 τό
726 687 819 768 ξίφος
833 686 886 750 ἐπὶ
901 681 961 750 τόν
971 681 1091 768 Ἀρσά-

78 811 163 869 κην,
185 792 351 860 Σπατῖνος
367 784 403 850 δὲ
419 779 436 850 ὁ
454 785 574 867 Μῆδος
593 783 630 848 έκ
645 787 705 847 τοῦ
722 788 910 866 συμποσίου
926 778 1009 864 πρὸς
1023 788 1091 848 τῶν

77 880 368 965 δορυφορούντων
380 882 504 946 εἵλκετο
518 881 579 957 ἔξω
589 885 651 945 τοῦ
662 875 764 956 ποδός
776 879 894 969 σκύφφ
905 885 1018 968 χρυσῷ
1029 877 1091 964 τὴν

79 975 197 1061 ὀφρύν
211 979 462 1063 κατηλοημένος.
493 972 591 1061 ὅμοια
607 977 643 1042 δὲ
660 976 789 1054 τούτοις
804 978 840 1043 έν
854 983 894 1064 τῇ
906 975 1018 1063 Λιβύη
1036 976 1091 1042 καὶ

78 1073 172 1159 παρά
192 1076 347 1152 Σκύθαις
369 1077 424 1142 καὶ
439 1076 541 1162 Θρᾳξὶ
561 1074 744 1159 γιγνόμενα
765 1075 802 1140 ἐν
823 1085 891 1150 τοϊς
912 1080 1092 1160 βασιλείοις

77 1163 125 1256 ἦν
140 1169 235 1256 ὁρᾶν,
252 1172 477 1257 μοιχεύοντας,
493 1171 710 1257 φονεύοντας,
726 1173 1014 1258 ἐπιβουλεύοντας,
1031 1167 1092 1256 άρ-

80 1267 256 1354 τάξοντας,
273 1271 521 1354 ἐπιορκοῦντας,
539 1268 699 1352 δεδιότας,
717 1266 784 1335 ῦπὸ
796 1275 865 1334 τῶν
878 1270 1091 1336 οἰκειοτάτων

79 1369 354 1453 προδιδομένους.
386 1372 436 1435 16.
453 1369 508 1434 καὶ
524 1365 565 1434 τά
583 1368 645 1452 μὲν
663 1373 731 1432 τῶν
747 1369 912 1452 βασιλέων
931 1366 1091 1450 τοιαύτην
1179 1392 1181 1397 ’

81 1465 224 1550 παρέσχε
235 1491 291 1551 μοι
305 1463 367 1551 τὴν
381 1464 571 1552 διατριβήν,
589 1462 629 1530 τά
642 1465 679 1531 δὲ
689 1471 757 1531 τάν
772 1468 915 1532 ίδιωτων
929 1461 1017 1532 πολύ
1033 1491 1089 1550 γε-

81 1560 250 1646 λοιότερα·
273 1567 328 1631 καὶ
343 1560 407 1649 γάρ
422 1555 467 1629 αύ
477 1560 653 1640 κάκείνους
664 1561 795 1645 εἰόρων,
808 1560 1018 1649 Ἑρμόδωρον
1028 1564 1090 1648 μὲν

80 1655 142 1724 τόν
161 1657 389 1744 Ἐπικούρειον
411 1666 525 1744 χιλίων
554 1661 651 1727 ἕνεκα
677 1664 833 1747 δραχμῶν
857 1665 1089 1745 ἐπιορκοῦντα,

82 1749 142 1819 τόν
156 1752 310 1820 Στωϊκόν
327 1756 364 1821 δὲ
374 1753 578 1839 Ἀγαθοκλέα
590 1759 666 1839 περὶ
680 1763 806 1840 μισθοῦ
823 1763 869 1844 τῷ
887 1764 1021 1844 μαθητῇ
1036 1763 1090 1825 δι-

82 1853 282 1937 καζόμενον,
298 1859 458 1920 Κλεινίαν
475 1852 510 1920 δέ
523 1851 584 1919 τὸν
594 1853 720 1938 ῥήτορα
733 1856 768 1919 ἐκ
784 1860 845 1919 τοῦ
860 1851 1090 1939 Ἀσκληπιείου

82 1950 208 2034 φιάλην
221 1945 493 2035 ὑφαιρούμενον,
510 1946 571 2016 τόν
585 1949 621 2016 δὲ
635 1947 789 2027 Κυνικόν
797 1947 981 2034 Ἡρόφιλον
991 1954 1028 2018 έν
1044 1958 1089 2041 τῷ

81 2051 306 2136 χαμαιτυπείῳ
320 2046 541 2115 καθεύδοντα.
556 2053 590 2114 τί
596 2046 661 2132 γάρ
674 2043 718 2113 άν
727 2044 807 2125 τοῦς
817 2046 940 2127 άλλους
952 2052 1089 2134 λέγοιμι,

81 2141 160 2224 τοῦς
179 2151 480 2232 τοιχωρυχοῦντας,
502 2141 581 2221 τοῦς
603 2148 853 2230 δικαζομένους,
878 2144 956 2224 τούς
977 2149 1088 2211 δανεί-
1107 2163 1157 2218 771

83 2248 211 2329 ζοντας,
228 2241 307 2321 τοὺς
322 2239 558 2322 άπαιτοῦντας;
581 2240 667 2321 όλως
677 2242 741 2329 γάρ
756 2251 888 2329 ποικίλη
899 2246 954 2312 καὶ
965 2269 1090 2311 παντο-

83 2340 171 2426 δαπή
186 2365 235 2418 τις
248 2332 292 2426 ἦν
305 2337 327 2427 ἡ
342 2342 415 2408 θέα.

166 2444 312 2506 ETAIP.
340 2439 407 2504 Καὶ
428 2438 494 2524 μην
515 2438 705 2523 καὶταῦτα,
734 2431 761 2505 ά
780 2442 955 2524 Μένιππε,
982 2448 1090 2518 καλῶς

84 2534 145 2620 εἶχε
167 2538 291 2621 λέγειν·
319 2539 407 2603 ἔοικε
428 2533 493 2622 γάρ
509 2533 551 2603 ού
568 2536 630 2622 τὴν
652 2542 820 2620 τυχοῦσαν
840 2537 1014 2624 τερπωλήν
1036 2557 1090 2604 σοι

84 2640 319 2718 παρεσχῆσθαι.

169 2736 280 2796 ΜΕΝ.
302 2729 420 2796 Πάντα
439 2732 500 2814 μὲν
517 2735 588 2816 ἑξῆς
603 2736 768 2814 διελθεῖν,
790 2724 817 2797 ά
835 2732 986 2816 φιλότης,
1005 2728 1090 2796 άδύ-

86 2849 198 2911 νατον,
214 2823 302 2893 ὅπου
312 2851 349 2911 γε
360 2831 414 2895 καὶ
424 2826 509 2913 ὁράν
519 2827 604 2896 αὐτά
615 2836 716 2914 ἔργον
727 2822 786 2914 ἦν·
807 2825 848 2895 τά
860 2833 972 2914 μέντοι
983 2829 1090 2914 κεφά-

87 2935 160 2992 λαια
177 2929 245 2989 τῶν
259 2925 463 3010 πραγμάτων
477 2933 614 2993 τοιαῦτα
631 2929 784 3011 ἐφαίνετο
799 2919 854 2993 οἷά
871 2945 977 3012 φησιν
985 2923 1090 3011 Ὅμη-

86 3045 141 3108 ρος
155 3017 195 3088 τά
213 3020 266 3088 ἐπὶ
281 3027 339 3105 τῆς
354 3018 506 3101 άστιίδος·
534 3015 576 3090 ού
590 3023 652 3108 μὲν
665 3021 730 3108 γάρ
750 3015 837 3109 ἦσαν
853 3028 1017 3090 εἰλαπίναι
1034 3023 1089 3090 καὶ

84 3121 201 3207 γάμοι,
224 3119 363 3198 ἑτέρωθι
380 3118 417 3186 δέ
433 3120 628 3206 δικαστήρια
642 3123 697 3188 καὶ
712 3123 897 3206 ἐκκλησίαι,
921 3117 1001 3188 καθ’
1019 3122 1090 3187 ἓτε-

87 3241 145 3304 ρον
154 3215 190 3283 δὲ
200 3218 300 3302 μέρος
309 3220 393 3284 ἔθνε’
400 3243 459 3303 τις,
471 3221 507 3285 ἐν
518 3216 680 3304 γειτόνων
689 3219 726 3286 δὲ
736 3225 875 3286 πενθῶν
885 3217 984 3297 ἄλλος
994 3220 1091 3303 ἐφαί-

86 3338 173 3381 νετο·
202 3315 257 3381 καὶ
278 3311 334 3380 ὅτε
352 3313 412 3399 μέν
433 3317 466 3393 ἐς
487 3312 549 3400 τὴν
569 3312 712 3402 Γετικὴν
728 3315 968 3404 άποβλέψαιμι,
989 3323 1088 3382 πολε-

13 3421 15 3424 ’
87 3416 228 3496 μοῦντας
239 3407 282 3479 άν
294 3411 410 3496 έάρων
420 3408 499 3492 τούς
508 3414 624 3492 Γέτας·
640 3412 695 3481 ὅτε
706 3415 743 3482 δὲ
754 3421 937 3502 μεταβαίην
948 3416 1000 3482 ἐπὶ
1010 3409 1091 3489 τοῦς
1198 3434 1201 3443 ’
