2575 3842
509 185 605 244 ΕΡΩ
617 188 716 244 ΤΕΣ.
1060 183 1121 247 237

110 353 224 416 διαθεῑ
235 344 272 414 τὰ
286 353 390 433 σῶμα.
412 343 522 431 τυχῶν
535 342 567 411 δ’
581 342 735 431 εὐμαρῶς
745 345 868 413 τούτου
879 351 993 434 τρίτην
1004 361 1124 432 πεῖραν

109 443 226 530 ἐπάγει
254 444 453 529 φιλήματος,
484 441 547 510 οὐκ
569 439 674 522 εὐθὺς
695 450 891 530 περίεργον,
919 442 993 513 ἀλλ’
1017 443 1123 532 ήρέμα

109 549 200 628 χείλη
220 547 441 627 προσεγγίσας
460 550 618 627 χείλεσιν,
649 539 671 608 ἀ
691 539 811 628 πρλνή
835 550 959 623 ψαῦσαι
982 551 1123 629 τελείως,

110 639 252 727 ἀπέστη,
268 639 373 726 μηδὲν
387 639 549 717 ὑπονοίας
566 648 657 725 ίχνος
671 640 879 706 καταλιπων·
902 639 970 709 εἶτα
986 639 1070 728 πρὸς
1085 640 1122 710 τά

111 755 273 825 παρεῖκον
287 737 512 826 ἁρμοζόμενος
535 735 586 804 ἀεὶ
601 740 851 825 λιπαρεστέροις
870 739 932 825 μὲν
947 737 1125 826 ἀσπάσμα-

110 858 166 904 σιν
182 840 370 924 ἐντέτηκεν,
387 833 464 904 ἔσθ’
481 834 535 903 ὅτε
551 836 606 903 καὶ
623 836 826 904 διαστέλλων
841 835 947 926 ἡσυχῇ
957 834 995 904 τὸ
1006 837 1122 924 στόμα,

110 937 226 1002 τῶνδὲ
239 942 360 1019 χειρῶν
373 931 533 1020 οὐδεμίαν
544 941 702 1020 παρίησιν
714 931 838 1020 ἀρχήν·
858 939 895 1002 αί
902 934 967 1021 γὰρ
980 938 1124 1021 φανεραί

111 1028 193 1116 μετὰ
209 1037 276 1098 τῶν
288 1029 441 1117 ἐσθήτων
452 1032 650 1112 περιπλοκαί
664 1027 726 1115 τήν
740 1028 868 1116 ἡδονήν
882 1032 1122 1118 συνάπτουσιν,

111 1127 131 1217 ή
154 1128 295 1212 λάθριος
318 1126 429 1215 ὑγρῶς
449 1125 469 1214 ἡ
491 1125 581 1207 δεξιά
605 1125 689 1195 κατὰ
714 1129 844 1196 κόλπου
865 1133 952 1197 δῦσα
976 1129 1124 1216 μαστοὺς

111 1225 218 1315 βραχέι
233 1225 295 1315 τήν
311 1228 418 1313 φύσιν
438 1224 686 1313 ὑπεροιδῶντας
707 1229 824 1313 πιέζει,
850 1229 906 1296 καὶ
927 1229 1121 1316 σφριγῶσης
1142 1237 1191 1296 457

111 1328 254 1416 γαστρὸς
267 1329 457 1418 ἀμφιλαφές
470 1344 538 1408 τοῖς
550 1329 727 1407 δακτύλοις
738 1329 965 1414 ἐπιδράττεται
979 1328 1122 1417 ὁμαλῶς,

111 1425 193 1514 μετά
208 1435 306 1497 τοῦτο
323 1431 377 1496 καλ
394 1429 613 1515 πρωτόχνουν
629 1426 737 1505 ἀνθος
750 1425 845 1514 ήβης.
868 1430 922 1495 καὶ

209 1599 222 1610 ,
239 1546 272 1608 τί
283 1537 418 1627 τάρρητ’
436 1537 734 1626 ἀναμετρήσασθαί
745 1565 785 1626 με
802 1545 869 1620 δείς

111 1650 274 1736 τοσαύτης
287 1648 398 1736 τυχῶν
412 1653 560 1731 ἐξουσίας
571 1649 589 1716 ὁ
599 1656 682 1736 ἔρως
698 1654 906 1738 θερμοτέρου
920 1650 1011 1731 τινός
1022 1651 1123 1719 ἅπτε-

111 1773 166 1814 ται
187 1747 393 1833 πράγματος·
423 1746 480 1816 εἰτ’
505 1744 570 1815 ἀπό
589 1756 706 1834 μηρῶν
722 1749 1025 1835 προοιμιασάμενος
1041 1748 1123 1817 κατὰ

112 1844 172 1914 τὸν
195 1843 344 1932 κωμικὸν
365 1843 444 1914 αὐτὸ
467 1847 636 1927 ἐπάταξεν.
665 1852 714 1914 54.
736 1849 806 1932 ἐμοὶ
822 1845 883 1933 μὲν
901 1846 988 1915 οὕτω
1005 1853 1124 1916 παιδε-

113 1959 247 2028 ραστεῖν
263 1948 408 2030 γένοιτο·
432 1938 690 2032 μετεωρολέσχαι
705 1946 806 2013 δὲκαὶ
822 1943 895 2011 ὅσοι
910 1943 972 2031 τήν
983 1953 1124 2030 φιλοσο-

111 2049 190 2127 φίας
208 2040 320 2128 όφρὺν
342 2040 426 2128 ὑπὲρ
448 2040 571 2121 αὐτοὺς
592 2039 671 2122 τοὺς
693 2040 883 2128 κροτάφους
904 2038 1122 2130 ὑπερήρκασι,

111 2147 245 2226 σεμνῶν
265 2139 440 2228 ὀνομάτων
457 2139 669 2228 κομψεόμασι
685 2138 765 2219 τούς
785 2137 927 2226 ἀμαθεῖς
949 2144 1123 2225 ποιμαινέ-

111 2258 238 2306 τωσαν·
272 2237 426 2326 ἐρωτικὸς
440 2237 506 2326 γάρ
527 2231 589 2326 ήν,
614 2248 706 2324 είπερ
725 2265 789 2324 τις,
814 2240 869 2306 καὶ
889 2236 906 2306 ὁ
928 2237 1122 2322 Σωκράτης,

110 2339 164 2406 καὶ
174 2335 240 2405 ὑπὸ
252 2346 332 2425 μίαν
345 2337 551 2425 Ἀλκιβιάδης
561 2333 651 2427 αὐτῷ
659 2341 798 2422 χλανίδα
808 2338 935 2416 κλιθεὶς
943 2335 1006 2405 οὐκ
1018 2332 1122 2423 ἀπλήξ

110 2435 242 2523 ἀνέστη.
275 2438 328 2506 καὶ
344 2435 386 2525 μή
408 2438 604 2524 θαυμάσῃς
632 2431 795 2522 οὐδὲγάρ
816 2432 833 2502 ὁ
851 2435 1044 2522 Πάτροκλος
1060 2433 1119 2503 ὑπ’

106 2533 278 2621 Ἀχιλλέως
291 2534 440 2623 ήφαπάτο
457 2540 550 2624 μέχρι
566 2541 627 2603 τοῦ
640 2532 844 2623 καταντικρὺ
858 2538 1059 2634 καθέζεσθαι

240 2650 396 2735 δέγμενος
407 2652 588 2734 Αἰακίδην,
607 2644 708 2715 δπότε
721 2646 849 2734 λήξειεν
861 2645 993 2736 ἀείδων,

111 2766 185 2835 ἀλλ’
203 2761 246 2852 ήν
264 2769 392 2852 καὶτῆς
414 2771 552 2836 ἐκείνων
575 2770 688 2853 φιλίας
702 2779 827 2852 μεσίτις
843 2762 966 2850 ἡδονή·
994 2767 1122 2832 στένων

112 2873 199 2953 γοῦν
213 2863 378 2952 Ἀχιλλεύς
394 2863 453 2934 τόν
470 2863 670 2950 Πατρόκλου
685 2865 838 2932 θάνατον
853 2861 1038 2952 ἀπαμιεύτφ
1056 2864 1122 2929 πά-

111 2975 168 3034 θει
183 2962 266 3050 πρὸς
279 2962 342 3050 τήν
357 2963 521 3050 ἀλήθειαν
537 2961 721 3050 ἀπερράχη,

238 3085 354 3163 μηρῶν
369 3102 404 3143 τε
419 3083 486 3142 τῶν
502 3083 572 3143 σῶν
588 3071 742 3164 εὐσέβησ’
761 3073 894 3160 ὁμιλίαν

239 3183 372 3244 κλαίων.

110 3292 189 3368 τούς
205 3317 243 3375 χε
266 3287 333 3376 μήν
347 3287 612 3375 ὀνομαζομένους
628 3284 707 3372 παρ’
721 3285 855 3370 Ἕλλησι
871 3281 1045 3371 κωμαστάς
1059 3283 1119 3355 οὐ·
1139 3309 1190 3365 458

110 3385 167 3457 δέν
179 3385 252 3457 ἀλλ’
267 3383 287 3474 ή
301 3386 422 3474 δήλους
433 3384 571 3474 ἐραστάς
585 3390 716 3471 νομίζω.
738 3383 819 3469 τάχα
831 3381 931 3469 φήσει
944 3410 992 3462 τις
1003 3385 1121 3473 αἰσχρά
