2575 3842
327 219 455 276 ΖΕΥΣ
474 219 870 279 ΕΛΕΓΧΟΜΕΝΟΣ.
1041 222 1104 285 339

176 383 279 448 KYN.
304 372 500 458 Ἀπόκριναί
513 403 569 460 μοι
590 376 676 461 πρός
697 404 772 444 τινα
790 377 831 446 οὐ
853 380 999 467 χαλεπῆν
1018 386 1088 467 έροι

89 494 195 560 τησιν.

175 579 300 639 ΖΕΥΣ.
326 571 443 656 Μικρά
457 597 496 656 γε
512 568 554 649 οὸς
565 569 702 656 ἀληθῶς
715 571 736 658 ῆ
750 571 828 659 εὐχῆ
842 578 896 642 καὶ
911 579 1084 663 πρόχειρος

90 666 175 735 ὥστε
193 668 298 751 ἐράτα
316 666 424 734 ὁπόσα
442 663 485 734 ἀν
500 670 626 756 ἐθέλῃς.

174 773 278 833 KYN.
298 763 384 832 ’1ὁού
400 773 519 848 ταῦτα,
538 760 565 832 οὸ
582 773 665 834 Ζεῦ·
688 765 838 854 ἀνέγνως
847 762 916 855 Ιγάρ
931 776 1035 856 δῆλον
1051 770 1102 838 ότι

90 866 145 931 καὶ
160 862 202 930 οὐ
219 861 259 931 τά
269 861 415 948 Ὁμῆρου
430 864 486 930 καὶ
495 859 654 930 Ἡσιόδου
665 865 847 950 ποιῆματα·
872 869 941 936 ελπὸ
956 861 1020 935 οὖν
1034 895 1100 953 μοι,

91 967 121 1027 εί
136 959 248 1046 ἀληθῆ
266 963 333 1027 ἐστι
348 958 388 1026 τά
408 961 483 1045 περὶ
499 968 556 1045 τῆς
572 965 782 1048 Εἱμαρμένης
801 969 855 1032 καλ
872 972 941 1032 τῶν
956 972 1101 1048 Μοιρῶν

89 1054 112 1122 εἳ
126 1059 247 1124 έκεῖυοι
262 1058 554 1146 έρραψῳὸῆκασιν,
573 1056 707 1142 ἀφυκτα
719 1057 805 1127 εἶναι
816 1059 925 1130 ὁπόσα
943 1059 986 1129 ἀν
1001 1055 1098 1130 αὗται
1118 1077 1168 1133 627

90 1155 272 1239 ἐπινῆσοισι
288 1157 470 1242 γεινομένῳ
487 1154 621 1242 ἑκάστῳ.

173 1258 298 1318 ΖΕΥΣ.
324 1253 388 1318 Καὶ
404 1251 495 1317 πάνυ
511 1249 624 1336 ἀληθῆ
637 1259 755 1320 ταῦτα·
777 1252 881 1322 οὐδὲν
897 1256 960 1342 γάρ
976 1260 1065 1326 ἐστιν
1081 1255 1100 1324 ὁ

88 1374 120 1414 τι
134 1346 178 1433 μῆ
196 1352 232 1416 αλ
241 1355 369 1434 Μοῖραι
383 1348 631 1433 διατάττουσιν,
648 1347 732 1417 ἀλλά
744 1352 854 1419 πάντα
870 1350 976 1420 ὁπόσα
987 1363 1101 1439 γίγνε-

4 1503 6 1518 ,
90 1472 159 1530 ται,
177 1443 243 1513 ὑπό
259 1453 305 1537 τῳ
320 1446 450 1514 τούτων
466 1443 618 1537 ἀτράκτῳ
636 1450 849 1535 στρεφόμενα
866 1448 972 1529 εὐθὺς
988 1453 1021 1531 ἐξ
1037 1450 1100 1535 ἀρ-

91 1554 147 1634 χῆς
163 1549 302 1614 ἕκαστον
317 1549 605 1632 ἐπικεκλωσμένην
622 1553 688 1633 ἔχει
702 1549 763 1634 τῆν
780 1547 965 1636 ἀπόβασιν,
989 1553 1044 1618 καὶ
1058 1548 1099 1618 οὐ

94 1646 186 1729 θέμις
198 1645 305 1722 άλλιος
318 1649 486 1729 γενέσθαι.

174 1749 203 1809 2.
230 1750 329 1809 KYN.
352 1743 488 1811 Οὐκοῦν
502 1741 629 1811 ὁπόταν
643 1742 662 1811 ὁ
677 1742 928 1833 αιἰτὸςὌμηρος
944 1749 981 1815 ἐν
999 1748 1098 1837 ἑτέρῳ

91 1845 182 1926 μέρει
198 1849 255 1926 τῆς
271 1844 434 1928 ποιήσεως
449 1845 537 1929 λέγη,

189 1936 232 2024 μῆ
249 1941 303 2006 καὶ
318 1936 402 2024 ὑπὲρ
416 1953 537 2024 μοῖραν
551 1939 658 2025 δόμον
670 1938 781 2017 ’Ἁῖὸος
799 1945 998 2024 εἰσαφίκηαι,

92 2036 199 2103 καὶτὰ
216 2044 367 2122 τοιαῦτα,
384 2048 498 2122 ληρεῖν
516 2035 640 2122 ὁηλαὸῆ
657 2039 812 2124 φήσομεν
828 2038 901 2104 τότε
915 2035 1035 2117 αὐτόν;

176 2140 300 2200 ΖΕΥΣ.
325 2137 389 2202 Καὶ
403 2132 507 2219 μόλοι·
531 2133 631 2202 ούὸὁν
648 2135 713 2220 γάρ
730 2131 774 2200 ἀν
790 2132 880 2202 οὕτω
892 2137 1021 2219 γένοιτο
1039 2138 1100 2214 ἔξω

90 2237 153 2298 τοῦ
165 2230 274 2316 νόμον
287 2237 354 2298 τῶν
369 2236 528 2317 Μοιρῶν,
545 2229 646 2299 οὐδὲν
663 2229 748 2311 ὑπὲρ
766 2228 802 2298 τὸ
821 2237 923 2297 λίνον.
955 2236 988 2299 ολ
1001 2255 1099 2316 ποιη-

90 2330 142 2396 ταὶ
158 2331 193 2395 ὁὸ
207 2325 315 2396 ὁπόσα
336 2329 398 2414 μὲν
413 2323 456 2394 ἀν
476 2331 511 2396 ἐκ
526 2336 593 2396 τῶν
608 2335 761 2396 Μουσῶν
776 2328 988 2413 κατεχόμενοι
1010 2327 1099 2417 ᾄδοι-

91 2446 163 2509 σιν,
184 2424 295 2511 ἀληθῆ
317 2426 420 2492 ταῦτά
442 2427 547 2492 ἐστιν·
569 2421 696 2492 ὁπόταν
719 2427 756 2495 δὲ
770 2422 903 2509 ἀφιᾶσιν
924 2420 1048 2502 αὐτοὸς
1066 2428 1101 2491 αἱ

90 2527 167 2590 θεαὶ
185 2525 240 2590 καὶ
261 2521 343 2590 καθ’
361 2521 485 2602 αὑτοὺς
506 2530 642 2609 ποιῶσι,
670 2523 744 2592 τότε
763 2521 804 2610 όῆ
820 2525 875 2591 καὶ
893 2523 1099 2608 σφάλλονται

92 2621 146 2685 καὶ
160 2617 342 2712 ὑπεναντία
357 2635 424 2698 τοῖς
439 2622 603 2705 πρότερον
617 2627 769 2702 διεξίασι·
793 2625 849 2690 καὶ
864 2621 1054 2708 ξυγγνώμη,
1072 2624 1101 2686 εἰ

93 2715 270 2800 ἅνθρωποι
287 2715 380 2795 ὅντες
395 2716 556 2803 ἀγνοοῦσι
576 2718 718 2803 τάληθὲς
733 2718 941 2797 ἀπελθόντος
956 2722 1098 2802 ἐκείνου,

93 2810 113 2878 ὃ
128 2815 208 2889 τέως
222 2811 332 2897 παρὸν
348 2817 534 2904 ἐρραψῴδει
549 2813 596 2881 δι’
614 2813 736 2881 αὐτῶν.

177 2917 280 2977 KYN.
293 2908 389 2979 Ἀλλά
400 2919 498 2980 τοῦτο
511 2914 573 2999 μὲν
582 2911 670 2979 οὗτοι
682 2914 843 2998 φήσομεν.
860 2920 907 2981 έτι
919 2917 954 2980 ὁὸ
963 2911 1098 2981 κάκεῖνό
1116 2932 1168 2987 θλθ

92 3036 148 3095 μοι
163 3006 357 3091 ἀπόκριναι·
382 3009 422 3077 οὐ
436 3025 523 3096 τρεῖς
537 3017 573 3079 αλ
582 3016 714 3096 Μοῖραί
725 3017 803 3095 ελσι,
819 3009 951 3078 Κλωθώ
964 3013 1017 3077 καὶ
1028 3011 1100 3077 Λά-

92 3126 178 3193 χεσις
193 3106 433 3192 καῖ”Ατροποςς

176 3215 301 3277 ΖΕΥΣ.
322 3207 422 3274 Πάνυ
439 3207 500 3292 μὲν
515 3197 588 3274 οὖν.

177 3313 207 3374 3.
226 3313 329 3374 KYN.
347 3303 390 3374 ‘H
398 3307 592 3391 Εἱμαρμένη
607 3314 724 3374 τοίνυν
734 3309 790 3374 καὶ
804 3303 825 3392 ῆ
841 3305 930 3392 Τόχη
943 3347 980 3357 -
993 3313 1100 3374 πολυ-

93 3414 258 3492 νριῖληιοι
277 3402 341 3492 γὰρ
359 3405 450 3472 πάνυ
468 3408 522 3472 καὶ
538 3396 635 3473 αὗται
655 3445 691 3457 -
708 3412 795 3483 τίνες
815 3401 891 3473 πότ’
913 3406 975 3474 ελσῖ
994 3405 1048 3471 καὶ
1070 3411 1102 3472 τλ

894 3509 962 3572 22*
