2575 3842
175 208 236 271 116
533 207 827 267 ΛΟΤΚΙΑΝΟΤ

173 396 203 435 τι
218 368 341 437 παθών
356 365 590 452 ἀπολογήσαιτ’
610 363 653 433 ἀν
669 368 723 433 καὶ
738 363 822 448 ὑπὲρ
838 364 948 451 ἡμῶν·
979 366 1179 451 Τιλλιβόρου

173 473 258 550 γοῦν
267 473 327 532 τοῦ
337 470 460 552 λῃστοῦ
471 460 622 540 κάκεῖνος
631 470 707 549 βίον
717 459 907 547 ἀναγράψαι
917 460 1054 545 ἠξίωσεν
1065 486 1071 499 ·
1086 457 1178 544 ἡμεῖς

174 563 210 629 δέ
225 561 312 631 πολὺ
328 560 496 646 ὠμοτέρου
516 568 638 647 λῃστοῦ
656 560 790 644 μνήμην
805 558 1030 644 ποιησόμεθα,
1052 555 1119 644 ὅσφ
1134 555 1177 640 μὴ

173 662 210 726 ἐν
224 658 320 737 ὕλαις
334 661 388 725 καλ
399 661 435 724 ἐν
447 656 576 741 ὄρεσιν,
593 654 669 723 ἀλλ’
688 659 724 723 ἐν
739 657 876 724 πόλεσιν
891 648 987 731 οὗτος
1003 654 1178 739 ἐλῄστευεν

173 753 214 824 οὐ
233 762 369 822 Μυσίαν
386 754 493 839 μόνην
509 751 588 821 οὐδὲ
604 752 764 839 τηνἽδην
778 754 985 838 κατατρέχων
996 749 1073 818 οὐδὲ
1085 748 1178 834 ὀλίγα

172 860 228 937 τῆς
243 850 351 929 Ἀσίας
366 854 448 936 μέρη
464 849 503 916 τά
519 851 700 935 ἐρημότερα
712 856 896 935 λεηλατῶν,
914 848 996 916 ἀλλά
1012 854 1123 914 πᾶσαν
1135 844 1178 922 ὡς

173 954 277 1016 εἰπεῖν
297 946 358 1033 τὴν
375 945 540 1041 Ῥωμαίων
561 944 667 1031 ἀρχὴν
691 947 858 1032 ἐμπλήσας
874 954 931 1029 τῆς
951 951 1099 1033 λῃστείας
1121 951 1177 1027 τῆς

173 1043 288 1111 αὑτοῦ.

256 1146 286 1207 3.
307 1140 479 1226 Πρότερον
496 1145 534 1208 δέ
548 1161 600 1206 σοι
619 1138 723 1208 αὐτόν
739 1139 924 1225 ὑπογράψω
940 1148 984 1228 τῷ
997 1141 1084 1229 λόγῳ
1097 1136 1178 1221 πρὸς

172 1238 208 1306 τδ
226 1238 423 1325 ὁμοιότατον
439 1240 586 1320 είκάσας,
605 1236 649 1315 ὡς
664 1234 706 1304 ἀν
724 1238 891 1323 δύνωμαι,
906 1243 1012 1303 καίτοι
1028 1236 1072 1322 μη
1088 1237 1177 1301 πάνυ

103 1354 155 1407 210
173 1336 336 1422 γραφικός
359 1364 408 1414 τις
424 1334 488 1403 ών·
520 1334 557 1403 τό
575 1333 640 1421 γὰρ
663 1334 702 1420 δὴ
727 1343 838 1420 σώμα,
865 1338 921 1401 ἵνα
942 1357 994 1401 σοι
1010 1336 1064 1401 καὶ
1080 1340 1177 1400 τοῦτο

172 1439 281 1518 δείξω,
309 1437 409 1519 μέγας
428 1460 463 1501 τε
485 1428 528 1519 ἦν
544 1436 598 1501 καὶ
622 1431 722 1512 καλός
744 1438 828 1500 ίδεῖν
848 1435 902 1500 καῖ
923 1430 1112 1515 θεοπρεπὴς
1134 1427 1178 1506 ὡς

172 1532 324 1618 ἀληθῶς,
339 1529 458 1608 λευκός
473 1530 535 1617 την
549 1530 670 1616 χρόαν,
691 1526 728 1596 τό
744 1533 874 1614 γένειον
890 1529 930 1597 οὐ
948 1532 1039 1597 πάνυ
1053 1530 1176 1610 λάσιος,

120 1667 125 1675 ’
173 1632 281 1716 κόμην
296 1630 357 1716 τὴν
372 1631 433 1715 μέν
448 1635 551 1714 ίδίαν,
569 1627 631 1715 τὴν
649 1628 684 1693 δέ
700 1631 753 1694 καὶ
769 1628 958 1711 πρόσθετον
974 1620 1177 1710 ἐπικείμενος

173 1722 212 1795 εὖ
232 1730 321 1814 μάλα
343 1732 540 1814 εἰκασμένην
555 1730 609 1795 καὶ
631 1724 710 1803 τοὺς
732 1723 876 1803 πολλοὺς
894 1724 944 1792 ὅτι
964 1720 1008 1810 ἦν
1024 1723 1176 1809 ἀλλοτρία

174 1835 373 1911 λεληθυῖαν·
397 1824 567 1912 ὀφθαλμοὶ
583 1822 669 1892 πολὺ
683 1822 719 1891 τό
735 1821 861 1909 γοργόν
877 1828 930 1890 καὶ
949 1829 1069 1890 ἔνθεον
1086 1827 1178 1906 διεμ-

174 1929 365 2009 φαίνοντες,
389 1924 533 2009 φώνημα
554 1921 690 2008 ἥδιστόν
709 1948 744 1989 τε
767 1920 835 2005 ἅμα
855 1924 909 1987 καὶ
930 1920 1175 2005 λαμπρότατον·

174 2024 227 2088 καὶ
245 2019 330 2097 ὅλως
351 2018 544 2106 οὐδαμόθεν
564 2018 717 2107 μωμητός
740 2012 780 2104 ἦν
799 2018 903 2084 ταῦτά
920 2043 965 2103 γε.
999 2022 1028 2084 4.
1048 2016 1178 2084 τοιόσδε

173 2123 235 2205 μὲν
256 2118 318 2206 τὴν
342 2121 493 2207 μορφήν·
524 2117 650 2206 ἡψυχὴ
675 2118 783 2185 δὲκαὶ
805 2114 826 2203 ἡ
849 2117 984 2201 γνώμη,
1010 2114 1176 2196 ἀλεξίκακε

168 2215 339 2303 Ἡράκλεις
358 2222 492 2285 καλΖεύ
511 2217 713 2299 ἀποτρόπαιε
734 2218 788 2281 καὶ
802 2213 1008 2300 Διόσκουροι
1025 2223 1176 2300 σωτῆρες,

172 2322 340 2399 πολεμίοις
355 2318 408 2382 καὶ
422 2318 553 2400 ἐχθροῖς
568 2318 714 2398 ἐντυχεῖν
735 2316 864 2396 γένοιτο
887 2316 939 2378 καὶ
958 2310 1000 2398 μὴ
1019 2315 1178 2397 συγγενέ-

172 2422 252 2479 σθαι
274 2412 414 2501 τοιοότφ
435 2419 514 2478 τινί·
548 2414 679 2478 συνέσει
703 2408 765 2495 μέν
789 2407 930 2494 γὰρκαὶ
953 2408 1101 2499 ἀγχινοίᾳ
1124 2413 1178 2477 καὶ

173 2509 346 2593 δριμύτητι
368 2510 527 2593 πόμπολυ
546 2518 614 2575 τών
635 2507 747 2575 ἀλλων
770 2510 918 2593 διέφερε,
946 2512 1001 2577 καὶ
1016 2508 1054 2576 τό
1069 2535 1104 2575 τε
1119 2533 1178 2573 πε-

128 2676 131 2682 ,
173 2614 307 2692 ριέργον
319 2610 374 2675 καλ
390 2605 534 2692 εὐμαθὲς
548 2609 601 2674 καλ
616 2602 828 2692 μνημονικόν
844 2608 897 2672 καὶ
913 2603 995 2689 πρὸς
1010 2604 1049 2672 τά
1064 2604 1177 2690 μαθή-

171 2729 256 2789 ματα
274 2700 397 2789 εὐφυὲς
409 2705 517 2771 πάντα
532 2712 633 2771 ταῦτα
650 2707 682 2781 ἐς
697 2700 887 2789 ὑπερβολὴν
898 2706 1017 2771 ἕκαστα
1031 2701 1177 2789 ὑπῆρχεν

171 2801 278 2890 αὐτῷ·
300 2805 414 2889 ἐχρῆτο
427 2806 461 2871 δὲ
474 2802 586 2881 αὐτοῖς
597 2806 628 2880 ές
639 2801 675 2870 τό
688 2810 868 2887 χείριστον·
892 2805 946 2870 καὶ
958 2802 1084 2887 όργανα
1097 2808 1177 2867 ταῦ-

171 2929 210 2969 τα
224 2916 362 2987 γενναῖα
377 2899 629 2988 ὑποβεβλημένα
642 2908 726 2986 ἔχων
741 2900 860 2968 αὐτίκα
875 2902 962 2987 μάλα
977 2908 1044 2967 τών
1056 2903 1107 2967 ἐπὶ
1119 2926 1179 2966 κα-

102 3021 152 3074 211
173 3006 228 3087 κίμ
249 2998 435 3085 διαβοήτων
458 2996 637 3082 ἀκρότατος
661 3000 865 3088 ἀπετελέσθη
891 3000 974 3084 ὑπὲρ
993 2998 1072 3077 τοὺς
1092 3002 1179 3080 Κέρ-

171 3120 299 3181 κωπας,
319 3094 403 3179 ὑπὲρ
418 3096 477 3163 τόν
488 3097 688 3185 Εὐρύβατον
700 3096 721 3187 ἢ
734 3100 945 3183 Φρυνώνδαν
956 3095 977 3184 ἢ
989 3097 1178 3181 Ἀριστόδη-

170 3221 235 3281 μον
254 3190 276 3280 ἢ
293 3196 504 3280 Σώστρατον.
537 3194 637 3275 αότός
653 3198 715 3283 μέν
730 3198 794 3285 γάρ
815 3207 860 3289 τῷ
880 3206 1019 3287 γαμβρῷ
1033 3195 1179 3263 Ῥουτιλ-

170 3299 274 3379 λιανῷ
301 3318 380 3360 ποτε
407 3295 550 3380 γράφων
580 3300 634 3363 καλ
659 3294 699 3363 τά
730 3297 931 3382 μετριώτατα
960 3295 1044 3378 ὑπὲρ
1072 3292 1178 3361 αὑτοῦ

170 3392 276 3472 λέγων
290 3391 479 3481 Πυθαγόρᾳ
502 3391 616 3477 ὅμοιος
632 3392 716 3462 εἶναι
733 3392 834 3481 ἠξίου.
871 3392 943 3463 ἀλλ’
959 3398 1054 3471 ἵλεως
1075 3395 1137 3479 μὲν
1159 3390 1177 3458 ό
