2575 3842
172 145 231 208 198
532 141 829 202 AOYKIANOP

171 308 405 390 ἐπικαθῆσθαι.
430 307 478 372 11.
498 307 677 385 τοιγαροῦν
692 304 747 368 καλ
758 299 945 385 Ἀθηναίων
960 299 980 367 ὅ
996 327 1030 367 τε
1045 300 1178 385 σύμπας

171 406 273 487 δῆμος
289 403 343 468 καλ
367 404 399 468 oc
417 401 454 466 έν
476 402 561 466 τέλει
581 395 763 483 ὑπερφυῶς
782 399 973 483 ἐθαύμαζον
997 395 1102 466 αύτόν
1122 399 1177 465 καὶ

170 502 339 566 διετέλουν
351 496 394 576 άς
405 521 479 564 τινα
491 501 558 562 τῶν
569 496 769 579 κρειττόνων
779 495 1053 582 προσβλέποντες.
1070 502 1177 564 καίτοι

170 601 206 664 έν
228 593 310 684 ἀρχή
331 595 537 680 προσέκρουε
558 606 626 670 τοῖς
646 601 779 670 πολλοῖς
799 590 910 658 αύτολν
936 594 991 660 καὶ
1018 607 1113 679 μῖσος
1135 590 1177 660 ού

169 706 264 778 μεῖον
279 699 338 758 τοῦ
352 691 576 776 [Σωκράτους]
593 687 682 773 παρὰ
694 705 762 767 τοῖς
777 689 943 775 πλήθεσιν
954 690 1112 776 ἐκτήσατο
1125 693 1181 758 έπί

101 802 153 857 380
171 817 204 858 τε
219 799 260 878 τῇ
275 795 441 878 παρρησία
457 790 510 855 καὶ
521 790 711 876 ἐλευθερίᾳ,
728 794 786 856 καί
794 813 881 865 τινες
892 786 944 854 ἐπ’
961 785 1066 856 αύτόν
1077 793 1176 855 συνέ-

170 907 296 973 στησαν
305 886 437 952 ’Ἀνυτοι
449 887 504 952 καλ
511 887 658 970 Μέλητοι
671 883 710 967 τά
722 883 805 952 αύτά
817 893 1080 971 κατηγοροῦντες
1091 883 1176 966 άπερ

170 984 327 1053 κάκείνου
354 990 387 1051 οί
407 985 497 1066 τότε,
525 981 576 1050 ὅτι
598 981 675 1050 ούτε
701 986 800 1051 θύων
822 983 924 1068 ὤφθη
944 983 1076 1050 ποίποτε
1100 981 1177 1049 ούτε

171 1083 302 1168 ἐμυήθη
313 1081 416 1168 μόνος
428 1078 587 1148 ἁπάντων
600 1095 670 1158 ταῖς
682 1078 907 1159 Ἐλευσινίαις·
923 1080 1007 1162 πρὸς
1019 1079 1104 1164 ἅπερ
1116 1077 1177 1146 άν-

171 1185 287 1264 ὃρείως
302 1179 390 1264 μάλα
402 1179 700 1265 στεφανωσάμενος
711 1182 765 1248 καὶ
776 1180 930 1263 καθαρὸν
947 1178 1078 1265 ίμάτιον
1094 1176 1178 1244 άνα-

170 1274 284 1364 λαβὼν
296 1279 350 1343 καὶ
366 1274 547 1362 παρελθών
564 1283 608 1355 είς
624 1275 686 1362 τὴν
700 1281 876 1361 ἐκκλησίαν
890 1274 929 1343 τά
946 1276 1008 1362 μὲν
1019 1278 1176 1360 ἐμμελῶς,

170 1372 210 1440 τά
222 1375 259 1440 δὲ
271 1377 324 1440 καί
335 1375 537 1459 τραχύτερον
552 1371 573 1458 ή
585 1371 668 1441 κατά
683 1372 744 1459 τήν
756 1377 876 1441 ἑαυτοῦ
891 1380 1084 1462 πρραίρεσιν
1095 1369 1177 1439 άπε-

171 1471 350 1556 λογήσατο·
385 1468 469 1554 πρὸς
492 1473 554 1556 μὲν
574 1469 638 1556 γάρ
658 1469 694 1538 τὸ
717 1471 761 1557 μή
782 1474 961 1539 τεθυκέναι
985 1470 1118 1538 πεόποτε
1138 1478 1178 1557 τῇ

168 1564 312 1655 Ἀθηνᾷ,
339 1564 400 1652 Μή
416 1568 628 1653 θαυμάσητε,
649 1573 729 1654 ἔφη,
754 1561 917 1651 οἷάνθρες
934 1565 1122 1651 Ἀθηναῖοι,
1150 1569 1174 1631 ελ

172 1662 216 1749 μή
235 1664 400 1746 πρότερον
420 1661 503 1753 αὐτῇ
519 1671 641 1750 ἔθυσα,
666 1664 744 1732 οὐδὲ
759 1662 824 1750 γάρ
841 1670 972 1732 δεῖσθαι
989 1662 1095 1749 αὐτήν
1109 1670 1174 1728 τῶν

173 1759 252 1847 παρ’
273 1763 354 1847 ἐμοῦ
370 1770 503 1830 θυσιῶν
523 1761 770 1851 ὑπελάμβανον.
799 1761 882 1846 πρὸς
898 1764 934 1831 δὲ
950 1765 1114 1848 θάτερον,
1139 1758 1174 1828 τὰ

171 1865 240 1926 τῶν
255 1868 462 1946 μυστηρίων,
478 1862 603 1946 ταύτην
621 1867 684 1947 ἔφη
700 1867 786 1946 ἔχειν
800 1866 908 1928 αίτίαν
920 1868 981 1928 τοῦ
998 1857 1041 1945 μή
1056 1883 1170 1926 κοινω-

172 1962 271 2041 νῆσαι
290 1963 384 2041 σφίσι
401 1964 458 2044 τῆς
473 1966 618 2044 τελετῆς,
637 1957 704 2044 ὅτι,
725 1956 768 2023 άν
781 1983 816 2024 τε
831 1966 943 2043 φαῦλα
957 1949 978 2044 ᾖ
992 1953 1032 2022 τά
1050 1955 1178 2040 μυστή-

173 2079 238 2139 ρια,
251 2053 292 2120 ού
304 2056 503 2142 σιωπήσεται
515 2056 597 2142 πρὸς
608 2056 687 2135 τούς
698 2059 834 2142 μηδέπω
844 2059 1085 2141 μεμυημένους,
1101 2054 1177 2121 ἀλλ’

171 2149 348 2235 ἀποτρέψει
364 2151 486 2232 αύτούς
500 2162 567 2222 τῶν
585 2151 725 2241 ὀργίων,
743 2153 785 2221 άν
799 2179 834 2220 τε
847 2153 950 2237 καλά,
974 2159 1077 2219 πᾶσιν
1092 2149 1176 2218 αὐτὰ

171 2251 402 2335 έξαγορεύσειν
418 2250 483 2319 ὑπὸ
499 2258 771 2338 φιλανθρωπίας
795 2250 878 2319 ὥστε
889 2249 968 2329 τούς
979 2249 1177 2337 Ἀθηναίονς

170 2345 233 2433 ήδη
251 2353 369 2425 λίθους
382 2347 433 2416 ἐπ’
448 2348 552 2417 αύτόν
567 2355 603 2417 έν
616 2365 690 2418 ταῖν
700 2363 811 2434 χεροῖν
827 2355 961 2434 ἔχοντας
973 2349 1100 2433 πράους
1115 2347 1178 2416 αύ-

171 2452 217 2532 τῷ
233 2446 288 2511 καὶ
301 2449 397 2524 ἵλεως
415 2449 574 2532 γενέσθαι
590 2446 708 2516 αὐτίκα
729 2450 783 2515 καὶ
797 2447 834 2515 τὸ
850 2447 908 2515 ἀπ’
928 2453 1059 2516 ἐκείνου
1075 2447 1177 2535 ἀρξα-

172 2545 294 2628 μένους
311 2551 410 2628 τιμαν
424 2548 478 2613 καὶ
492 2550 659 2614 αἰδεῖσθαι
675 2548 729 2614 καὶ
743 2543 783 2612 τά
794 2555 965 2614 τελευταῖα
981 2547 1176 2633 θαυμάζειν,

171 2648 277 2709 καίτοι
294 2639 398 2721 εύθύς
416 2645 452 2710 έν
463 2641 546 2730 ἀρχῇ
560 2652 627 2711 τῶν
638 2641 978 2732 πρόςαύτούςλύγων
989 2649 1176 2734 τραχυτέρῳ

172 2741 330 2826 ἐχρήσατο
342 2750 388 2831 τῷ
402 2749 579 2832 προοιμίῳ·
594 2741 733 2829 ’Ἄνδρες
743 2744 818 2829 γάρ,
836 2751 910 2831 ἔφη,
922 2742 1104 2832 Ἀθηναῖοι,
1120 2745 1178 2829 ἐμὲ

171 2841 233 2926 μὲν
244 2837 386 2924 ὁρῶντες
398 2843 672 2928 ἐστεφανωμένον
682 2840 775 2926 ὑμεῖς
785 2839 849 2928 ήδη
861 2841 945 2929 κάμὲ
955 2845 1176 2928 καταθύσατε,

170 2936 207 3004 τὸ
223 2935 288 3023 γάρ
302 2938 466 3024 πρότερον
481 2935 543 3005 ούκ
558 2941 817 3025 ἐκαλλιερήσατε.

102 3051 152 3104 681
257 3041 305 3103 12.
328 3036 497 3122 Βούλομαι
514 3037 549 3103 δὲ
564 3042 636 3105 ἔνια
653 3040 867 3122 παραθέσθαι
881 3044 948 3104 τῶν
965 3036 1128 3123 εὐστόχως
1142 3063 1176 3104 τε

171 3133 238 3218 ἅμα
249 3137 304 3203 καὶ
316 3133 451 3213 ἀστείως
462 3132 521 3202 ὑπ’
533 3134 638 3202 αύτοῦ
650 3140 866 3223 λελεγμένων,
883 3135 1049 3220 ἄρξασθαι
1064 3136 1100 3203 δὲ
1111 3134 1177 3204 άπό

170 3239 372 3318 Φαβωρίνου
387 3232 491 3303 καλὸν
508 3236 563 3301 καὶ
579 3226 627 3301 ὦν
641 3233 725 3320 πρὸς
739 3239 867 3303 ἐκεῖνον
879 3233 979 3301 εἶπεν.

172 3337 367 3420 Φαβωρῖνος
384 3333 531 3411 άκούσας
546 3332 637 3412 τινος
653 3333 695 3412 ὡς
707 3337 743 3401 έν
756 3339 873 3419 γέλωτι
889 3347 1017 3401 ποιοῖτο
1034 3331 1093 3411 τάς
1103 3330 1177 3420 ὁμι-
