2575 3842
312 215 532 275 ΟΝΕΙΡΟΣ
549 217 575 268 Η
596 212 911 271 ΑΛΕΚΤΡῬΩΝ.
1054 209 1115 273 391

105 381 233 456 ἔξαινες
249 378 302 442 καὶ
319 374 447 461 κρόκην
461 379 601 458 κατῆγες
619 373 675 438 καὶ
690 373 900 453 ἐγυναικίζου
924 374 957 449 ἐς
974 371 1011 439 τό
1028 377 1118 440 ε’ται-

105 472 220 557 ρικόν;

192 577 323 638 ΑΛΕΚ.
346 570 463 637 Πάντα
481 575 584 636 ταῦτα
606 569 744 635 ἐποίουν
761 564 803 634 οὐ
820 566 940 652 μόνος,
965 564 1118 634 ἀλλὰκαὶ

110 676 280 754 Τειρεσίας
293 666 357 753 πρὸ
377 671 459 754 ἐμοῦ
473 671 527 736 καὶ
544 664 711 736 δἘλάτου
725 681 801 744 παῖς
815 664 833 734 ό
848 667 1011 752 Καινεύς,
1035 665 1118 734 ὥστε

107 765 215 834 ὁπόσα
237 763 280 832 ἀν
306 764 507 854 ἀποσκώψῃς
527 769 559 844 ἐς
582 765 638 852 ἐμὲ
658 767 713 833 καὶ
735 767 767 843 ἐς
793 768 940 843 ίκείνους
961 763 1117 833 ἀποσκά-

106 880 171 943 ψας
189 870 256 952 ἔσῃ.

10 949 12 974 ⁴
195 968 291 1028 MIK.
326 967 368 1028 Τί
382 954 461 1038 οὖνς
482 962 622 1044 πότερος
644 959 661 1028 ὁ
687 966 759 1047 βίος
779 957 884 1045 ἡδίων
906 981 959 1026 σοι
978 954 1037 1046 ἦν,
1062 958 1117 1027 ὅτε

105 1057 191 1144 ἀνὴρ
206 1051 297 1144 ἦσθα
312 1054 333 1144 ἢ
349 1057 403 1125 ὅτε
418 1079 455 1125 σε
471 1066 636 1144 Περικλῆς
654 1056 797 1137 άόπυιευς

190 1163 323 1224 ΑΛΕΚ.
340 1155 439 1245 Ὁρᾷς
459 1155 532 1224 οἷον
548 1165 647 1226 τοῦτο
669 1154 857 1243 ήράτησας,
880 1154 959 1223 οὐδὲ
975 1163 1020 1245 τῷ
1041 1163 1115 1222 Τει-

104 1261 198 1342 ρεσίῃ
214 1263 486 1341 συνενεγκοῦσαν
501 1253 563 1341 την
578 1253 774 1337 ἀπόκρισιυ;

190 1359 289 1420 ΜΙΚ,
310 1350 407 1421 Ἀλλά
422 1349 488 1420 κάν
503 1353 545 1420 σι)
564 1352 609 1439 μη
628 1362 737 1439 εἴπῃς,
759 1357 882 1428 ἱκανῶς
898 1347 916 1418 ὁ
931 1349 1116 1437 Εὐριπίδης

105 1453 249 1537 διέκρινε
273 1449 310 1518 τό
339 1459 511 1537 τοιοῦτον,
545 1449 649 1518 εἰπάν
676 1447 721 1528 ὡς
740 1451 810 1534 τρίς
832 1445 877 1517 ἀν
899 1451 1012 1518 ἐθέλοι
1033 1448 1112 1532 παρ’
1135 1469 1185 1523 732

105 1546 226 1616 ἀσπίδα
242 1558 359 1636 στῆναι
376 1546 398 1636 ἢ
414 1549 500 1629 ἅπαξ
514 1565 631 1618 τεκεῖν.

189 1654 321 1715 ΑΛΕΚ.
346 1651 411 1715 Καὶ
430 1647 497 1734 μὴν
519 1648 702 1736 ἀναμνήσω
722 1667 775 1734 σε,
801 1653 972 1734 Μίκυλλε,
998 1646 1061 1714 οὐκ
1083 1650 1116 1726 ἐς

104 1740 238 1828 μακράν
260 1741 466 1811 ωδινοῦσαν·
499 1753 557 1834 ἔσῃ
573 1749 636 1833 γάρ
653 1744 741 1831 γυνη
762 1749 816 1812 καί
837 1745 881 1813 σὺ
903 1749 941 1812 ἐν
954 1753 1061 1834 πολλῇ
1076 1752 1116 1833 τῇ

106 1839 250 1929 περιόδῳ
265 1839 433 1920 πολλάκις.

189 1945 289 2005 ΜΙΚ.
315 1935 388 2005 Οὐκ
404 1938 550 2027 ἀπάγξῃ,
566 1933 593 2007 ὦ
607 1937 818 2024 ἀλεκτρυών,
839 1938 988 2016 ἅπαντας
1002 1939 1115 2024 οίόμε-

8 2063 9 2066 ’
108 2060 164 2113 νος
179 2043 368 2122 Μιλησίους
386 2034 409 2124 ἢ
424 2045 574 2123 Σαμίους
595 2037 694 2116 εἶναι;
715 2035 752 2104 σδ
771 2045 857 2122 γοῦν
873 2057 955 2122 φασι
970 2038 1026 2102 καί
1040 2043 1115 2102 Πυ-

106 2137 260 2221 θαγόραν
280 2135 360 2203 ὅντα
383 2135 445 2222 τὴν
466 2135 559 2221 άραν
581 2135 735 2223 λαμπρόν
755 2137 915 2212 πολλάκις
937 2133 1114 2200 Ἀσπασίαν

103 2240 263 2321 γενέσθαι
278 2243 323 2326 τῷ
337 2240 503 2326 τυράννῳ.
515 2278 556 2290 -
570 2244 620 2305 20.
640 2244 697 2314 Τίς
711 2237 747 2304 δὲ
764 2235 805 2323 δη
819 2233 901 2322 μετὰ
916 2233 978 2320 τὴν
992 2231 1114 2299 ’Λοπα-

104 2340 181 2400 σίαυ
196 2331 282 2421 ἀνὴρ
297 2330 320 2420 ἢ
336 2334 422 2421 γυνη
440 2329 541 2415 αὖθις
557 2334 746 2423 ἀυεφάυηςς

187 2439 319 2500 ΑΛΕΚ.
336 2431 374 2502 ‘0
389 2445 547 2514 κυνίσκος
563 2438 705 2523 Κράτης.

187 2537 287 2599 MIK.
308 2527 351 2599 Ὦ
372 2536 548 2619 Διοσκόρω
576 2545 633 2622 τῆς
654 2534 905 2620 ἀνομοιότητος,
932 2535 965 2612 ἐξ
986 2536 1115 2616 ἑταίρας

105 2628 297 2715 φιλόσοφος.
625 2637 626 2644 '

187 2735 319 2797 ΑΑΕΚ.
344 2731 424 2798 Εἶτα
444 2734 617 2818 βασιλεύς,
640 2730 708 2799 εἶτα
724 2735 826 2817 πένης
840 2733 896 2799 καὶ
909 2729 979 2817 μετ’
1000 2730 1114 2815 ὀλίγον

106 2826 288 2912 σατράπης,
306 2825 373 2895 εἶτα
388 2833 489 2908 ἵππος
500 2835 554 2898 καὶ
569 2828 700 2907 κολοιός
712 2833 766 2896 καὶ
782 2829 945 2915 βάτραχος
959 2831 1015 2895 καὶ
1031 2828 1113 2896 ἀλλα

104 2931 222 3010 μυρία·
244 2924 375 3010 μακρόν
390 2925 422 2994 δ’
442 2924 485 2994 ἀν
500 2932 629 3013 γεύοιτο
644 2928 961 3012 καταριθμήσασθαι
977 2929 1112 2994 ἕκαστα·

103 3021 143 3089 τά
163 3031 335 3091 τελευταῖα
357 3024 394 3093 δὲ
420 3023 615 3108 ἀλεκτρυών
637 3027 816 3109 πολλάκις,
844 3024 956 3111 ἥσθην
977 3026 1041 3110 γάρ
1068 3033 1113 3115 τῷ

103 3121 243 3212 τοιούτῳ
257 3128 334 3212 βίῳ,
356 3125 410 3191 καί
430 3123 520 3209 παρὰ
538 3132 673 3203 πολλοῖς
688 3122 802 3202 ἀλλοις
817 3124 1001 3204 δουλεύσας
1015 3135 1113 3214 βασιρ
1132 3139 1182 3194 733

103 3227 195 3289 λεῦσι
209 3224 263 3289 καὶ
278 3224 396 3307 πένησι
412 3224 467 3289 καὶ
483 3229 656 3301 πλουσίοις
671 3222 710 3290 τά
725 3233 896 3291 τελευταῖα
911 3226 967 3291 καὶ
982 3225 1035 3292 σοὶ
1048 3231 1113 3291 νῦν

7 3347 8 3350 ’
103 3319 235 3405 σύνειμι
248 3326 440 3404 καταγελῶν
455 3317 615 3405 ὁσημέραι
628 3330 691 3389 σοῦ
702 3326 933 3409 ποτνιωμένου
945 3328 999 3393 καὶ
1010 3324 1114 3410 οίμά-

7 3509 9 3514 ,
104 3423 214 3497 ζοντος
228 3420 280 3487 ίπὶ
294 3427 333 3506 τῇ
348 3427 444 3511 πενίᾳ
459 3423 512 3488 καὶ
525 3418 603 3500 τούς
613 3430 796 3502 πλουσίους
808 3423 1039 3509 θαυμάζοντος
1051 3421 1110 3492 ἀπ’
