2575 3842
209 152 271 215 104
566 154 861 212 ΛΟΥΚΙΑΝΟΤ

209 320 283 401 φοί,
305 315 360 381 καλ
379 310 468 403 παρά
491 318 572 378 πάσι
588 312 650 397 μὲν
665 324 732 388 τοῖς
743 308 877 397 Ἕλλησι
893 319 1041 391 τοιοῦτος
1061 312 1213 399 ιἰπολαμ-

208 413 373 500 βάνεσθαι
389 402 602 495 ὁποίόςείμι,
626 405 710 477 ἀλλά
724 406 769 495 μῆ
791 406 908 477 ὁποῖον
926 407 947 496 ῆ
969 408 1059 496 παρά
1076 418 1143 478 τῶν
1157 438 1212 495 μι-

208 512 362 579 σούντων
383 512 437 577 καλ
455 508 681 594 φθονούντων
702 508 795 595 φῆμη
818 522 887 587 ταῖς
906 516 974 576 τῶν
995 506 1212 594 ἀγνοούντων

208 608 322 684 ἀκοαίς
336 609 589 690 παραδέδωκεν,
611 601 684 670 ἀντὶ
700 612 767 671 τάν
788 604 924 672 πάντων
939 602 1141 691 ἀλλαξαίμην
1158 603 1210 689 ἀν,

209 707 350 794 μάλιστα
370 705 406 771 δὲ
422 700 502 787 παρ’
524 700 621 787 ὑμῖν,
644 700 713 789 ὅσῳ
730 705 815 786 ίεροί
828 704 865 770 ιε’
884 705 955 770 ἐστε
977 705 1032 770 καὶ
1051 702 1211 787 πάρεδροι

140 813 190 867 188
209 811 269 871 τοῦ
283 810 421 871 Πυθίου
436 803 491 868 καὶ
510 800 617 885 μόνον
638 797 680 866 οὐ
702 798 853 866 σύνοικοι
874 802 929 866 καλ
951 795 1136 885 ὁμωρόφιοι
1151 804 1212 867 τοῦ

208 908 302 969 θεοῦ.
325 896 471 985 ἡγοῦμαι
481 896 562 982 γάρ,
581 902 611 963 εί
620 893 701 981 ὑμῖν
712 893 984 983 ἀπολογησαίμην
998 898 1051 965 καλ
1065 903 1211 980 πείσαιμι

207 998 316 1084 μάτην
331 993 419 1083 άμδς
430 992 652 1082 ὑπειλῆφθαι,
669 996 802 1071 καὶτοῖς
815 992 925 1072 ἀλλοις
941 993 1043 1061 άπασι
1058 991 1102 1061 δι’
1116 991 1211 1079 ὑμῶν

207 1092 494 1179 ἀπολελογημένος
510 1098 656 1159 ἔσεσθαι.
680 1099 770 1159 καλῶ
783 1093 819 1159 δὲ
833 1083 881 1159 ἀν
898 1095 961 1177 ἐρῶ
976 1088 1134 1169 τὸνθεόν
1149 1088 1213 1157 αύ-

207 1187 267 1257 τόν
288 1189 458 1275 μάρτυρα,
482 1183 523 1255 όν
544 1185 607 1255 ούκ
628 1194 677 1255 ἔνι
702 1187 743 1274 δῆ
760 1212 827 1255 που
847 1194 1134 1274 παραλογίσασθαι
1157 1188 1213 1254 καὶ

208 1291 327 1366 ψευδεῖ
334 1285 422 1375 λόγῳ
436 1299 657 1372 παραγαγεῖν·
680 1283 884 1372 ἀνθρώπους
898 1288 959 1371 μέν
973 1284 1036 1372 γάρ
1049 1295 1127 1363 ἴσως
1139 1288 1212 1364 ἐξα·

208 1391 350 1469 πατῆσαι
365 1384 501 1473 ῥηίδιον,
516 1381 603 1451 θεόν
617 1387 670 1467 δέ,
687 1387 741 1452 καλ
755 1384 896 1469 μάλιστα
911 1391 1078 1467 τοιοῦτον,
1096 1387 1212 1449 διαλα-

208 1494 284 1550 θεῖν
296 1479 472 1548 ἀδύνατον.
489 1487 518 1548 2.
532 1478 596 1566 ἐγὼ
608 1480 672 1567 γάρ
684 1479 726 1549 οὐ
736 1489 803 1548 τῶν
814 1480 955 1568 ἀφανῶν
967 1484 1003 1549 ἐν
1015 1479 1210 1567 Ἀκράγανιι

209 1579 272 1663 ἀν,
295 1575 369 1645 ἀλλ’
386 1583 417 1644 εί
428 1584 486 1645 καί
501 1603 550 1656 τις
564 1576 663 1657 ἀλλος
683 1572 722 1645 εύ
737 1577 882 1664 γεγονώς
896 1580 950 1647 καὶ
966 1582 1102 1664 τραφεὶς
1117 1580 1211 1644 ἐλευ-

208 1682 330 1759 θερίως
346 1678 400 1743 καὶ
421 1680 552 1765 παιδεία
571 1676 819 1765 προσεσχηκώς,
844 1674 894 1744 ἀεὶ
910 1677 1077 1743 διετέλουν
1093 1681 1132 1762 τῆ
1150 1677 1211 1759 μὲν

208 1773 302 1839 πόλει
314 1770 494 1857 δημοτικόν
506 1772 650 1859 ἐμαυτόν
661 1776 829 1860 παρέχων,
845 1788 912 1851 τοῖς
923 1777 959 1841 δὲ
971 1780 1210 1866 συμπολιτευο-

208 1872 319 1954 μένοις
333 1872 461 1955 ἐπιεικῆ
480 1872 535 1938 καλ
550 1873 699 1957 με’τριον,
722 1879 833 1958 βίαιον
849 1873 885 1940 δέ
900 1868 921 1957 ῆ
939 1868 1056 1939 σκαιόν
1073 1864 1094 1955 ῆ
1113 1866 1211 1956 ὑβρι-
1285 1900 1286 1904 ’

207 1963 322 2031 στικδν
336 1961 702 2051 ῆαύθὲκαστονούδελς
713 1967 813 2036 ούδὲν
824 1970 975 2037 ἐπεκάλει
989 1993 1054 2054 μου
1068 1973 1113 2056 τῷ
1125 1990 1209 2047 προ·
1283 1960 1285 1989 ¹

207 2064 290 2151 τέρφ
305 2063 419 2153 ἐκείνω
433 2070 504 2154 βίῳ.
528 2062 637 2151 ἐπειδὴ
653 2064 689 2132 δὲ
700 2064 813 2148 ἑάρων
825 2063 901 2143 τοὺς
912 2062 1070 2132 τάναντία
1080 2088 1137 2148 μοι
1148 2085 1210 2127 πο-

207 2161 440 2245 λιτευομίνους
449 2163 727 2248 ἐπιβουλεύοντας
738 2167 791 2232 καὶ
801 2167 833 2244 ἐξ
842 2162 988 2241 ἅπαντος
997 2164 1123 2249 τρόπον
1133 2159 1211 2227 ἀνε-

206 2267 277 2326 λείν
296 2283 337 2343 με
354 2264 585 2343 ζητοῦντας-
605 2262 740 2350 διῆρητο
757 2266 793 2330 δὲ
814 2261 909 2349 ἡμῶν
929 2260 1002 2329 τότε
1018 2259 1038 2347 ῆ
1060 2260 1154 2336 πόλις
1169 2300 1211 2310 -

207 2362 287 2439 μίαν
297 2355 423 2440 ταύτην
434 2354 613 2445 ἀποφυγῆν
625 2362 679 2427 καλ
690 2359 876 2445 ἀσφάλειαν
887 2357 1055 2446 εὕρισκον,
1071 2354 1132 2444 τὴν
1148 2353 1211 2421 αύ-

141 2467 190 2521 189
209 2450 270 2538 τὴν
284 2450 352 2537 ἀμα
368 2456 423 2521 καὶ
437 2463 477 2543 τῆ
497 2456 589 2523 πόλει
610 2466 793 2546 σωτηρίαν,
820 2465 851 2527 εί
865 2460 1060 2545 ἐπιθέμενος
1073 2463 1112 2544 τῆ
1128 2453 1212 2543 ἀρχῆ

208 2552 356 2628 ἐκείνους
369 2551 430 2636 μὲν
441 2549 666 2641 ἀναστείλαιμι
678 2559 733 2624 καλ
744 2556 907 2643 παύσαιμι
923 2555 1210 2643 ἐπιβουλεύοντας,

207 2646 269 2735 τῆν
282 2649 382 2716 πόλιν
397 2650 433 2717 δέ
448 2666 635 2738 σωφρονεῖν
653 2655 953 2742 καταναγκάσαιμι·
975 2656 1029 2722 καλ
1042 2647 1128 2738 ῆσαν
1144 2649 1210 2736 γάρ

156 2814 162 2819 ,
207 2743 270 2812 ούιι
285 2743 390 2831 ὀλίγοι
405 2754 508 2814 ταῦτα
524 2751 754 2838 ἐπαινοῦντες,
771 2752 891 2838 ἀνδρες
902 2754 1027 2839 μέτριοι
1043 2754 1095 2818 καὶ
1112 2759 1211 2836 φιλο-

207 2843 356 2928 πόλιδες,
374 2850 409 2911 οί
420 2847 474 2913 καὶ
485 2843 547 2931 τῆν
558 2850 695 2934 γνώμην
706 2849 828 2939 ᾔδεσαν
838 2850 900 2938 τῆν
912 2849 994 2938 ἐμῆν
1005 2853 1058 2918 καὶ
1071 2857 1127 2936 τῆς
1139 2853 1210 2916 ἐπι-

206 2942 382 3028 χειρήσεως
397 2942 459 3029 τῆν
475 2941 635 3032 ἀνάγκην.
665 2950 793 3029 τούτοις
809 2964 1071 3037 συναγωνισταῖς
1085 2948 1210 3035 χρησά-
1276 2984 1279 3013 ι

206 3066 305 3125 μενος
319 3043 440 3129 ῥᾳδίως
454 3043 615 3131 ἐκράτησα
629 3054 686 3133 τῆς
700 3048 936 3135 ἐπιχειρήσεως.
959 3057 988 3116 3.
1004 3045 1210 3115 τούντεῦθεν
1278 3044 1279 3128 λ

206 3141 240 3206 οί
253 3140 315 3223 μὲν
331 3135 442 3207 ούκίτι
457 3142 651 3229 ἐτάραττον,
667 3144 740 3215 ἀλλ’
756 3144 945 3234 ύπῆκονον,
964 3144 1027 3231 ἐγώ
1044 3147 1080 3214 δὲ
1093 3140 1208 3232 ῆρχον,
1277 3182 1278 3201 ι

205 3234 225 3321 ῆ
243 3235 337 3313 πόλις
353 3238 390 3305 δέ
405 3235 619 3321 ἀστασίαστος
636 3236 688 3329 ῆν.
718 3242 848 3332 σφαγάς
869 3240 940 3332 δὲῆ
961 3244 1087 3323 ἐλάσεις
1106 3242 1128 3331 ῆ
1149 3250 1211 3330 δη-

205 3334 338 3417 μεύσεις
358 3333 437 3404 οὐδὲ
457 3336 538 3405 κατά
566 3349 633 3410 τῶν
654 3345 980 3431 ἐπιβεβουλευκότων
1000 3343 1209 3431 εἰργαζόμην,

1273 3534 1276 3651 ι
