2575 3842
188 194 299 252 ΠΩΣ
316 197 404 253 ΛΕ]
424 195 674 255 ΙΣΤΟΡΙΑΝ
693 197 1025 255 ΣΥΓΓΡΑΦΕΙΝ.
1068 194 1110 258 23

15 341 18 356 ’
103 381 151 433 τις
170 353 375 438 θεραπεύοι,
397 361 454 439 τῆς
469 361 538 420 τῶν
556 352 811 421 κολακευόντων
825 360 957 440 μερίδος
978 355 1111 433 εἰκότως

102 449 146 519 ἀν
167 459 363 537 νομισθείη,
380 449 441 530 οὓς
457 452 559 520 πάλαι
576 450 596 538 ἡ
618 455 745 537 ίστορία
760 454 814 518 καὶ
835 455 867 530 ἐξ
888 450 988 538 ἀρχῆς
1005 449 1110 529 εὐθυς

103 548 326 635 ἀπέστραπτο,
339 546 379 614 ού
391 562 486 634 μείου
496 545 517 634 ἦ
529 547 741 634 κομμωτικὴν
751 547 772 634 ἡ
783 548 999 636 γυμναστική.
1020 548 1111 616 Ἀλε-

103 645 251 730 ξάνδρου
265 651 352 730 γοῦν
368 645 534 712 καὶτοῦτο
549 641 903 730 ἀπομνημονεύουσιν,
923 643 960 722 ὅς
966 642 1107 727 ,Ἡδέως
1123 662 1158 714 5ο

104 743 163 827 ἀν,
181 748 264 827 ἐφη,
280 739 363 825 πρός
379 737 493 825 ὀλίγον
510 737 685 826 ἀνεβίουν,
702 733 728 806 ῶ
742 740 960 826 Ὀνησίκριτε,
977 738 1110 807 ἀποθα-

103 841 185 924 νῶν,
197 838 241 916 ῶς
250 841 393 924 μάθοιμι
404 837 493 917 ὅπως
502 847 605 906 ταῦτα
616 844 650 906 οί
656 837 832 925 ἀνθρωποι
841 841 914 908 τότε
924 839 1109 925 ἀναγιγνῶ-

103 957 255 1004 σκουσιν.
286 942 316 1004 εί
329 937 364 1004 δὲ
381 946 445 1002 νύν
462 934 546 1004 αάτά
562 939 736 1003 ἐπαινοῦσι
752 938 808 1003 καὶ
823 934 1041 1020 ἀσπάζονται,
1064 933 1108 1021 μὴ

102 1035 298 1121 θαυμάσης·
321 1043 447 1102 οίονται
464 1033 528 1120 γάρ
543 1031 585 1100 ού
600 1041 707 1124 μικρῷ
722 1061 787 1100 τινι
801 1042 846 1123 τῷ
862 1036 988 1102 δελέατι
1002 1033 1109 1121 τούτῳ

102 1131 312 1200 ἀνασπάσειν
333 1133 469 1210 ἕκαστος
495 1131 557 1217 την
582 1129 661 1216 παρ’
683 1129 778 1218 ἡμῶν
801 1130 947 1198 εὔνοιαν.
978 1129 1108 1218 Ὁμήρῳ

101 1237 207 1316 γοῦν,
223 1234 329 1296 καίτοι
344 1227 427 1312 πρός
441 1228 479 1297 τό
490 1233 647 1315 μυθῶδες
657 1227 697 1296 τά
713 1238 848 1297 πλείστα
863 1228 1109 1315 συγγεγραφότι

102 1327 190 1412 ὑπὲρ
206 1333 268 1394 τοῦ
282 1324 466 1412 Ἀχιλλέως,
480 1326 544 1412 ἤδη
557 1329 615 1394 καὶ
631 1326 799 1393 πιστεύειν
813 1327 900 1404 τινὲς
913 1323 1108 1411 ὑπάγονται,

102 1425 212 1512 μόνον
227 1431 325 1492 τοῦτο
341 1431 386 1502 είς
403 1422 574 1503 ἀπόδειξιν
588 1430 645 1508 τῆς
661 1421 820 1508 ἀληθείας
834 1428 917 1509 μέγα
932 1423 1109 1508 τεκμήριον

101 1525 287 1607 τνθέμενοι,
297 1521 346 1590 ότι
358 1519 402 1607 μὴ
414 1523 487 1607 περὶ
500 1527 620 1601 ζῶντος
632 1527 793 1607 ἔγραφεν·
805 1519 849 1609 ού
858 1518 922 1606 γάρ
933 1517 1110 1605 εὑρίσκου-

102 1641 160 1688 σιν
177 1613 312 1698 ούτινος
327 1623 424 1688 ἕνεκα
442 1616 592 1698 ἐφεύδετ’
609 1617 662 1685 ἀν.

188 1724 240 1786 41.
267 1725 423 1795 Τοιοῦτος
439 1711 503 1783 οὖν
516 1742 572 1801 μοι
587 1712 603 1782 ὁ
621 1713 834 1802 συγγραφεύς
852 1721 950 1799 ἔστω,
971 1711 1109 1798 ἀφοβος,

101 1815 295 1900 ἀδέκαστος,
312 1817 500 1900 ἐλεύθερος,
515 1821 698 1900 παρρησίας
709 1817 764 1883 καὶ
775 1812 933 1899 ἀληθείας
943 1819 1050 1898 φίλος,
1066 1807 1110 1886 ῶς

102 1913 120 1982 ὁ
134 1913 282 1998 κωμικός
297 1934 395 1999 φησι,
419 1912 458 1980 τὰ
474 1919 559 1978 σῦκα
575 1919 677 1996 σῦκα,
698 1910 759 1997 τὴν
775 1912 910 1996 σκάφην
924 1911 960 1977 δέ
975 1909 1109 1994 σκάφην

101 2011 299 2097 ὀνομάσων,
322 2036 363 2077 ου
352 2007 466 2096 ’μίσει
480 2007 557 2077 ούδε
572 2016 667 2097 φιλία
682 2035 713 2075 τι
728 2013 839 2092 νέμων
854 2005 932 2072 οὐδὲ
949 2004 1101 2090 φειδόμε-
1122 2020 1158 2071 55

102 2135 162 2188 νος
181 2136 202 2194 η
189 2104 361 2175 ”ἐλεῶν
340 2135 360 2194 η
377 2103 652 2200 αἰσχυνόμενος
631 2133 652 2191 η
670 2104 945 2188 δυσωπούμενος,
969 2111 1039 2176 ίσος
1056 2104 1109 2165 δι-

15 2267 17 2276 ,
101 2207 243 2291 καστης,
266 2204 387 2284 εύνους
406 2205 530 2272 άπασιν
547 2203 656 2289 ἀχρι
644 2231 705 2272 του
726 2230 770 2289 μη
787 2205 918 2289 θατέρφ
934 2197 1109 2281 ἀπονεῖμαι

100 2315 221 2373 πλεῖον
239 2310 300 2370 τοῦ
322 2307 472 2389 δέοντος,
495 2305 623 2384 ξένοςέ
624 2330 643 2369 υ
664 2315 731 2378 τοῖς
751 2304 891 2418 βιβλίοις
907 2299 960 2364 καλ
981 2293 1108 2379 ἀπολις,

102 2403 307 2488 αὐτόνομος,
324 2399 554 2526 ἀβασίλευτος,
577 2399 618 2468 ού
633 2429 664 2468 τι
659 2393 798 2489 ’τῷδε”
777 2423 845 2486 η
814 2402 897 2463 τῶδε
914 2397 1000 2474 δόξει
1017 2402 1109 2479 λογι-

103 2504 256 2587 ζόμενος,
270 2497 354 2568 ἀλλά
370 2507 403 2567 τί
417 2503 599 2583 πέπρακται
614 2501 729 2582 λέγων.
752 2493 832 2563 42st
819 2521 837 2561 ο
852 2493 883 2561 δ
900 2487 963 2562 οὖν
974 2503 1109 2562 Θονκυ-

103 2604 198 2686 δίδης
220 2592 260 2666 εὖ
280 2599 368 2684 μάλα
384 2626 462 2667 τουτ
466 2597 714 2685 ’ἐνομοθέτησε
730 2597 785 2661 καὶ
802 2590 1005 2679 διέκρινεν’
987 2616 1109 2680 αρετην

102 2703 158 2767 καὶ
175 2705 295 2766 κακίαν
313 2698 564 2783 συγγραφικήν,
587 2695 676 2780 ὁρῶν
692 2694 832 2778 μάλιστα
854 2691 1109 2776 θαυμαζόμενον

103 2796 163 2866 τόν
172 2793 410 2880 Ἡρόδοτον,”
388 2820 462 2879 αχρι
477 2820 538 2860 του
524 2796 602 2861 καὶ
614 2793 757 2868 Μούσας
770 2797 937 2875 κληθηναι
953 2787 1058 2855 αὐτοῦ
1069 2783 1108 2852 τά

103 2904 233 3022 βιβλία·
257 2921 362 2980 κτημα
376 2895 441 2979 γάρ
456 2913 538 2978 φησι
552 2900 679 2978 μᾶλλον
695 2893 727 2968 ἐς
738 2887 789 2956 ἀεὶ
803 2889 1010 2972 συγγράφειν
1025 2883 1108 2968 ἥπερ

103 3000 136 3074 ἐς
148 2993 186 3062 τό
205 2991 315 3078 παρόν
330 2991 519 3080 ἀγώνισμα,
537 2995 591 3059 καὶ
606 3017 650 3076 μη
667 3016 704 3056 το
693 2989 878 3110 μυθῶδες
893 2983 1108 3067 ἀσπάζεσθαι,

103 3090 189 3161 ἀλλὰ
210 3117 273 3177 την
293 3088 457 3176 ἀληθειαν
483 3098 550 3157 τῶν
571 3089 802 3175 γεγενημένων
827 3082 1019 3150 ἀπολείπειν
1042 3095 1110 3159 τοῖς

103 3191 257 3276 ὕστερον.
288 3192 343 3257 καλ
363 3187 528 3276 ἐπάγει
494 3215 530 3256 το
547 3189 708 3274 χρήσιμον
725 3179 812 3250 καλό
833 3179 966 3258 τέλος’
946 3206 988 3245 αν
1004 3206 1052 3257 τις
1070 3173 1109 3246 εύ

104 3295 244 3376 φρονῶν
255 3286 418 3356 ὑπόθοιτο
429 3283 619 3372 ίστορίας,’
599 3312 641 3364 ως
654 3293 687 3351 εί
693 3307 772 3348 ποτε
783 3307 837 3348 και
826 3273 949 3358 αὖθις
958 3277 997 3346 τά
1009 3277 1106 3364 ὅμοια
1124 3296 1158 3350 56

104 3388 301 3474 καταλάβοι,
318 3393 440 3474 ἔχοιεν,
459 3392 557 3472 φησί,
581 3381 664 3468 πρὸς
679 3378 719 3449 τά
735 3381 1009 3465 προγεγραμμένα
1025 3379 1110 3446 ἀπο-
