2575 3842
343 188 471 244 ΖΕΤΣ
488 188 880 254 ΕΛΕΓΧΟΜΕΝΟΣ.
1054 186 1115 249 341

106 343 281 431 εὐχόμενοι
299 349 458 432 γενέσθαι
477 343 557 430 ἡμῖν
577 343 658 427 παρ’
679 341 775 431 ὐμῶν
797 344 947 433 τάγαθά;
969 346 1029 433 οὐχ
1046 346 1116 433 ὁρῶ

106 442 171 530 γάρ
187 443 207 509 ὅ
220 471 251 512 τι
263 441 307 510 ἀν
318 441 570 527 ἀπολαύσαιμεν
581 450 638 528 τῆς
650 445 833 527 ἐπιμελείας
844 444 981 532 ταύτης,
997 453 1027 514 εί
1035 448 1117 531 μήτε

42 611 50 625 ‚
105 548 175 608 τῶν
193 541 334 625 φαύλων
350 538 541 623 ἀποτροπὰς
559 536 719 623 εὑρέσθαι
736 538 883 608 δυνατόν
897 543 978 628 ἡμῖν
994 548 1029 610 ἐκ
1049 550 1117 610 τῶν

106 638 214 724 εὐχῶν
231 641 312 725 μήτε
330 637 464 724 ἀγαθοῦ
481 664 571 717 τινος
586 639 773 706 θεοσδότου
788 642 962 724 ἐπιτυχεῖν.

191 743 219 804 6.
235 745 362 805 ΖΕΥΣ.
380 735 464 804 Οἶδα
479 734 563 804 ὅθεν
575 759 628 802 σοι
636 735 677 802 τὰ
687 738 798 822 κομψά
809 743 912 803 ταῦτα
924 737 1116 823 ἐρωτήματά

106 839 191 921 ἐστι,
209 832 298 916 παρὰ
318 842 385 902 τῶν
402 836 599 921 καταράτων
614 842 798 921 σοφιστῶν,
815 842 850 904 οἳ
860 835 943 922 μηδὲ
957 850 1117 922 προνοεῖν

106 930 192 1018 ἡμᾶς
212 941 280 1000 τῶν
302 931 496 1019 ἀνθρώπων
514 941 634 1019 φασίν·
669 937 789 1001 ἐκεῖνοι
811 941 897 1020 γοῦν
918 930 957 1000 τά
979 939 1116 1000 τοιαῦτα

109 1034 273 1116 ἐρωτῶσιν
290 1028 349 1098 ὑπ’
372 1029 539 1119 ἀσεβείας,
565 1029 805 1117 ἀποτρέποντες
821 1033 876 1099 καὶ
896 1029 975 1109 τούς
995 1029 1116 1108 ἀλλους

106 1127 209 1195 θύειν
226 1129 281 1196 καὶ
302 1129 459 1214 εύχεσθαι
477 1129 521 1209 ῶς
539 1136 663 1198 εἰκαῖον
680 1128 737 1197 όν·
764 1127 850 1216 ἡμᾶς
866 1127 931 1215 γάρ
954 1127 1025 1195 οὐτ’
1045 1133 1117 1196 ε’πι-

106 1233 282 1312 μελείσθαι
295 1235 364 1294 τῶν
380 1231 617 1316 πραττομένων
631 1227 712 1314 παρ’
724 1226 805 1314 ὑμῖν
816 1224 896 1295 οὐθ’
909 1227 995 1307 ὅλως
1007 1256 1039 1295 τι
1055 1227 1118 1294 δύ-

106 1333 233 1392 νασθαι
248 1323 332 1409 πρός
343 1324 382 1395 τά
399 1331 435 1395 ἐν
449 1335 488 1416 τῇ
501 1334 543 1416 γη
555 1328 739 1412 πράγματα.
763 1323 851 1412 πλὴν
865 1322 908 1392 ού
921 1325 1121 1412 χαιρήσουσί

105 1449 144 1509 γε
159 1420 198 1491 τά
214 1434 349 1494 τοιαῦτα
368 1427 553 1507 διεξιόντες.

193 1531 295 1592 KYN.
319 1523 370 1592 Οὐ
388 1524 433 1611 μά
455 1524 515 1593 τόν
529 1533 586 1612 της
603 1532 766 1602 Κλωθοῦς
787 1523 968 1608 ἀτραπτον,
992 1514 1116 1606 ῶΖεύ,

108 1617 169 1704 οὐχ
187 1619 245 1688 ὑπ’
270 1626 407 1689 ἐκείνων
425 1621 640 1702 ἀναπεισθεις
655 1625 759 1692 ταύτά
785 1644 822 1691 σε
841 1620 1013 1709 ἠρώτησα,
1040 1619 1058 1687 ὁ
1080 1621 1115 1687 δὲ
1134 1630 1183 1684 631

111 1715 207 1800 λόγος
224 1716 325 1796 αὐτός
342 1716 480 1787 οὐκοῖδ’
496 1720 585 1798 ὅπως
600 1719 679 1806 ἡμῖν
693 1720 820 1806 προσῶν
837 1725 870 1801 ἐς
885 1729 983 1788 τούτο
999 1717 1115 1805 ἀπέβη,

113 1813 263 1898 περιττάς
282 1815 365 1884 εἶναι
383 1814 440 1896 τάς
458 1826 589 1895 θυσίας.
614 1812 716 1896 αὖθις
731 1817 780 1904 δ’,
800 1825 829 1886 εί
843 1823 949 1903 δοκεῖ,
965 1816 1019 1886 διά
1032 1825 1117 1904 βρα-

23 1999 26 2004 ¹
109 1915 193 1998 χέων
210 1911 372 2000 ἐρήσομαί
383 1935 436 2001 σε,
454 1912 496 1982 σύ
514 1917 548 1982 δὲ
564 1911 607 2000 μὴ
621 1911 767 2002 ὀκνήσης
782 1915 1046 2001 ἀποκρίνασθαι,
1062 1918 1117 1983 καὶ

110 2008 200 2088 ὅπως
213 2007 462 2096 ἀσφαλέστερον
480 2010 656 2098 ἀποκρίνῃ.

194 2119 318 2178 ΖΕΥΣ.
339 2111 477 2200 Ἐρῶτα,
494 2123 527 2181 εἴ
538 2133 591 2180 σοι
607 2107 706 2196 σχολὴ
724 2108 764 2176 τά
780 2119 915 2177 τοιαῦτα
930 2120 1052 2196 ληρεῖν.

195 2213 223 2276 7.
245 2217 349 2278 KYN.
368 2212 486 2278 Πάντα
503 2209 569 2296 φης
584 2213 619 2277 ἐκ
638 2217 706 2277 τῶν
724 2217 865 2294 Μοιρῶν
879 2218 1074 2296 γίγνεσθαι;

194 2316 319 2378 ΖΕΥΣ.
343 2313 432 2396 Φημὶ
447 2311 519 2395 γάρ.

193 2415 296 2476 ΚΤΝ.
316 2407 405 2496 Ὑμῖν
426 2413 460 2477 δὲ
479 2406 625 2477 δυνατόν
646 2407 819 2478 ἀλλάττειν
836 2415 938 2478 ταῦτα
959 2411 1013 2477 καὶ
1034 2407 1118 2477 ἀνα-

110 2505 274 2588 πλύθειν;

195 2612 319 2672 ΖΕΥΣ.
345 2604 517 2692 Οὐδαμῶς.

9 2779 10 2796 ¹
195 2707 297 2768 KYN.
321 2704 442 2771 Βούλει
465 2699 529 2772 οὐν
545 2707 700 2792 ἐπαγάγω
722 2707 776 2773 καὶ
796 2703 833 2771 ιδ
855 2703 935 2790 μετὰ
958 2711 1071 2789 τοῦτο,
1096 2701 1118 2790 ἢ

9 2813 10 2816 ’
112 2795 583 2884 δῆλον,κάνμὴείπωαύτό;

10 2901 11 2914 ’
195 2905 320 2967 ΖΕΥΣ.
340 2907 457 2985 Δῆλον
471 2905 541 2987 μέν.
566 2906 599 2970 οί
612 2905 650 2968 δι’
662 2926 701 2985 γε
719 2898 862 2976 θύοντες
876 2896 918 2965 οὐ
935 2905 991 2984 τῆς
1010 2903 1119 2983 χρείας

112 2998 208 3064 ἕνεκα
235 2995 384 3064 θύουσιν
407 2999 577 3068 ἀντίδοσίν
603 3026 678 3066 τινα
705 2999 902 3085 ποιούμενοι
928 3000 983 3065 καὶ
1007 2995 1118 3078 ῶσπερ

113 3094 298 3182 ὠνούμενοι
314 3094 445 3183 τάγαθά
461 3096 541 3182 παρ’
559 3097 669 3185 ἡμῶν,
688 3094 771 3168 ἀλλά
785 3104 944 3183 τιμῶντες
959 3093 1067 3172 άλλως
1081 3091 1116 3161 τδ

112 3199 249 3283 βέλτιον.

195 3302 298 3364 KYN.
316 3291 447 3363 Ἱκανόν
462 3302 577 3379 τοῦτο,
594 3301 624 3362 εί
636 3297 690 3363 καὶ
706 3293 748 3362 σύ
765 3293 830 3381 φὴς
842 3296 894 3362 ἐπὶ
906 3293 1024 3380 μηδενὶ
1037 3319 1119 3378 χρη-

113 3401 195 3485 σίμῳ
215 3402 392 3480 γίγνεσθαι
409 3391 467 3472 τάς
488 3401 627 3481 θυσίας,
651 3392 893 3482 εὐγνωμοσύνη
915 3397 953 3461 δι’
971 3419 1037 3460 τινι
1051 3398 1118 3459 τῶν
