2575 3842
162 193 203 256 68
504 145 820 248 ΙΛΟΤΚΙΑΝΟΤ

163 377 222 437 κης
237 377 293 436 μοι
311 352 494 434 γενομένου
506 345 695 435 ἀνῃρέθην,
710 350 765 414 καὶ
782 353 848 414 νῦν
865 351 929 432 είμι
945 349 981 414 έν
994 352 1034 434 τῇ
1045 347 1168 414 Μακά-

163 474 233 532 ρων
247 447 338 537 νήσφ
360 446 451 512 πάνυ
465 452 637 530 μετανοῶν
655 446 707 511 ἐπὶ
726 451 772 532 τῷ
793 451 985 510 καταλιπεῖν
1000 439 1061 527 την
1078 440 1168 528 παρὰ

162 547 214 611 σοὶ
231 547 361 610 δίαιταν
381 543 435 609 καὶ
449 541 510 627 τὴν
528 539 593 607 ὑπό
610 547 674 607 σοῦ
690 542 951 625 προτεινομένην
966 539 1167 608 ἀθανασίαν.

161 639 205 728 ἢν
225 633 290 708 οῦν
309 648 429 724 καιροῦ
453 641 622 726 λάβωμαι,
643 637 792 725 ἀποδράς
813 638 971 726 ἀφίξομαι
991 638 1076 723 πρός
1096 644 1168 705 σε·ί

161 747 265 808 ταῦτα
281 739 343 824 μὲν
359 737 480 823 ἐδήλου
494 735 514 823 ἡ
533 737 705 822 ἐπιστολή,
723 737 777 804 καὶ
793 740 867 822 περὶ
882 738 995 823 ἡμῶν,
1011 737 1102 823 ὅπως
1116 743 1167 817 ξε-

162 844 344 921 νισθῶμεν.
366 841 415 902 36.
433 833 497 922 έγῶ
513 837 549 903 δὲ
565 831 745 919 προελθὼν
760 832 873 919 ὀλίγον
888 833 952 902 άπὸ
967 843 1023 920 τῆς
1039 846 1168 905 θαλατ-

161 959 220 1019 της
235 926 337 1016 εὗρον
357 930 393 999 τό
411 933 574 1018 σπήλαιον
588 940 742 999 τοιοῦτον
758 929 831 999 οἷον
843 931 986 1018 ’Όμηρος
1006 931 1091 1020 εἶπε,
1113 938 1168 1000 καί

162 1027 270 1114 αῦτην
287 1036 606 1115 ταλασιουργοῦσαν.
631 1027 676 1107 ῶς
690 1028 726 1096 δέ
740 1028 802 1115 την
813 1029 988 1114 ἐπιστολὴν
1002 1036 1099 1117 έλαβε
1112 1035 1168 1098 καί

163 1131 350 1211 ἐπελέξατο,
380 1133 494 1211 πρῶτα
514 1128 575 1212 μέν
602 1129 654 1193 έπὶ
676 1124 762 1194 πολι)
787 1127 967 1212 ἐδάκρυεν,
993 1134 1103 1195 ἔπειτα
1131 1131 1167 1194 δέ

163 1223 341 1309 παρεκάλει
360 1222 445 1310 ἡμᾶς
469 1225 520 1291 ἐπὶ
538 1228 627 1312 ξενίᾳ
648 1227 703 1290 καὶ
720 1229 822 1291 εἱστία
843 1232 1000 1311 λαμπρῶς
1022 1228 1076 1292 καὶ
1092 1251 1167 1309 περι

163 1328 223 1388 τοῦ
252 1319 433 1398 Ὀδυσσέως
462 1320 672 1387 ἐπυνθάνετο
696 1324 750 1388 καὶ
777 1324 851 1406 περὶ
879 1331 936 1408 τῆς
959 1323 1165 1409 Πηνελόπης,

164 1419 260 1488 ὁποία
272 1444 306 1485 τε
319 1429 368 1503 εῖη
379 1417 440 1504 τὴν
452 1418 530 1498 ὄψιν
542 1421 596 1486 καὶ
608 1425 638 1486 εί
647 1420 810 1506 σαόφρων,
826 1420 978 1506 καθάπερ
991 1420 1167 1497 Ὀόυσσεῦς

164 1517 266 1584 πάλαι
282 1517 355 1600 περὶ
376 1513 477 1601 αὐτῆς
492 1517 668 1602 ἐκόμπαζε·
697 1520 750 1584 καὶ
770 1515 863 1602 ἡμεῖς
876 1526 1012 1585 τοιαῦτα
1029 1517 1167 1599 άπειιρι-

164 1617 312 1701 νάμεθα,
331 1618 363 1693 ἐξ
380 1606 428 1681 ῶν
444 1615 614 1700 εἰκάζομεν
629 1613 871 1702 εὐφρανεῖσθαι
888 1615 1001 1702 αὐτήν.
1021 1616 1094 1683 τότε
1105 1615 1165 1700 μὲν

164 1707 228 1780 οὖν
248 1711 452 1790 ἀπελθόντες
475 1714 526 1779 ἐπὶ
550 1710 611 1798 την
633 1721 720 1778 ναῦν
742 1721 883 1798 πλησίον
905 1718 955 1782 ἐπὶ
978 1722 1035 1800 τῆς
1054 1711 1165 1799 ἠιόνος

164 1809 398 1894 ἐκοιμήθημεν.
410 1814 459 1878 37.
470 1812 578 1878 ἕωθεν
588 1811 623 1878 δὲ
632 1809 827 1896 ἀνηγόμεθα
837 1812 1064 1895 σφοδρότερον
1075 1836 1156 1877 κατι-

164 1912 259 1988 όντος
275 1916 335 1976 τοῦ
357 1909 556 1995 πνεύματος·
586 1913 639 1978 καὶ
658 1908 697 1995 δὴ
714 1913 947 1996 χειμασθέντες
962 1908 1084 1995 ἡμέρας
1104 1909 1164 1974 δύο

163 2017 203 2096 τῇ
212 2014 304 2096 τρίτη
315 2014 550 2094 περιπίπτομεν
560 2022 627 2085 τοῖς
637 2014 1015 2093 Κολοκυνθοπειραταῖς.
1030 2003 1167 2089 άνθρω-

165 2131 221 2173 ποι
232 2107 270 2172 δέ
279 2111 362 2172 είσιν
372 2098 463 2173 οὗτοι
476 2105 584 2191 άγριοι
594 2109 629 2172 έκ
639 2112 706 2171 τῶν
715 2112 856 2190 πλησίον
865 2103 978 2190 νήσων
986 2103 1167 2191 ληστεάον-

96 2234 148 2288 132
166 2231 218 2282 τες
232 2202 309 2281 τοῦς
325 2207 582 2288 παραπλέοντας.
604 2201 642 2268 τά
655 2212 752 2270 πλοῖα
764 2205 800 2270 δέ
812 2209 922 2288 έχουσι
933 2203 1058 2288 μεγάλα
1070 2211 1164 2268 κολο-

164 2305 312 2371 κύνθινα
327 2300 363 2368 τό
382 2308 484 2385 μῆκος
499 2300 629 2386 πήχεων
643 2300 816 2385 ἑξήκοντα·
839 2300 974 2368 ἐπειδάν
989 2300 1053 2388 γάρ
1066 2300 1167 2385 ξηρά-

164 2423 246 2467 νωσι
260 2397 320 2484 τὴν
335 2399 566 2481 κολόκυνθαν,
585 2399 799 2477 κοιλάναντες
814 2396 919 2484 αὐτὴν
933 2403 987 2466 καὶ
1004 2400 1168 2478 ἐξελόντες

164 2499 226 2584 τὴν
239 2495 438 2582 ἐντεριώνην
454 2498 668 2581 ἐμπλέουσιν,
690 2501 790 2573 ἱστοῖς
806 2498 866 2582 μέν
884 2498 1047 2583 χρώμενοι
1064 2506 1167 2564 καλα-

163 2605 287 2684 μίνοις,
310 2593 383 2661 άντὶ
399 2596 433 2660 δὲ
453 2600 509 2677 τῆς
527 2590 652 2678 ὀθόνης
668 2601 713 2684 τῶ
735 2595 851 2684 φύλλῳ
868 2603 924 2680 της
946 2597 1165 2680 κολοκύνθης.

163 2693 409 2781 προσβαλόντες
424 2685 487 2758 οὖν
503 2687 581 2776 ἡμῖν
597 2691 662 2758 άπό
681 2694 742 2760 δύο
764 2695 992 2779 πληρωμάτων
1007 2695 1166 2778 ἐμάχοντο

162 2797 216 2863 καὶ
244 2789 388 2868 πολλοὺς
413 2791 711 2881 κατετραυμάτιζον
736 2792 914 2878 βάλλοντες
937 2800 983 2879 τῷ
1008 2795 1167 2877 σπέρματι

162 2902 230 2961 τῶν
242 2898 472 2959 κολοκυνθῶν.
503 2887 705 2974 άγχωμάλως
726 2887 763 2955 δὲ
783 2892 835 2956 ἐπὶ
852 2888 938 2957 πολῦ
954 2897 1165 2975 ναυμαχοῦν-

162 3017 216 3069 τες
230 2992 304 3073 περὶ
325 2995 532 3074 μεσημβρίαν
550 2993 681 3072 εῖῦομεν
702 2987 844 3054 κατόπιν
864 2995 932 3055 τῶν
946 2995 1167 3056 Κολοκυνθο-

164 3096 328 3172 πειρατῶν
345 3089 591 3171 προσπλέοντας
603 3081 682 3163 τούς
696 3085 946 3169 Καρυοναύτας.
969 3089 1120 3171 πολέμιοι
1131 3084 1167 3151 δὲ

164 3181 250 3273 ἦσαν
271 3184 440 3269 ἀλληλοις,
466 3181 509 3262 ῶς
532 3187 675 3263 ἔδειξαν·
702 3187 770 3251 ἐπεὶ
792 3183 855 3270 γάρ
878 3187 998 3250 ἐκεῖνοι
1019 3183 1166 3270 ᾔσθοντο

165 3281 287 3360 αὐτοῦς
303 3283 472 3364 ἐπιόντας,
487 3280 657 3366 ἡμῶνμέν
670 3279 902 3368 ὠλιγώρησαν,
917 3282 1118 3367 τραπόμενοι
1131 3282 1166 3347 δὲ

165 3379 218 3450 ἐπ’
235 3385 381 3457 ἐκείνους
397 3380 615 3464 ἐναυμάχουν.
645 3382 694 3446 38.
712 3376 804 3463 ἡμεῖς
818 3381 854 3447 δέ
869 3382 906 3446 έν
922 3381 1069 3468 τοσούτῳ
1087 3379 1167 3447 έπά-
