2575 3842
210 185 318 242 ΠΩΣ
337 187 426 243 Am
445 186 686 257 ΙΣΤΟΡΙΑΝ
705 184 1040 244 ΣῬΓΓΡΑΦΕΙΝ.
1084 182 1124 245 13

115 349 223 410 ταῦτα
240 340 302 412 οῦκ
319 341 392 411 οἰδα
409 352 500 427 εἴτις
516 339 560 411 άν
578 337 617 412 εὖ
632 351 771 431 φρονῶν
784 342 970 429 ἀνάσχοιτο.
1002 350 1052 413 21
1070 348 1124 412 καὶ

114 439 186 527 μῆν
201 437 335 522 κάκείνο
346 445 497 526 λεκτέον,
502 439 554 522 οῦ
566 440 688 528 μικρὸν
698 441 756 509 όν·
778 438 844 508 ὑπὸ
857 439 921 557 γάρ
932 467 994 510 του
980 447 1124 528 κομιδῆ

110 535 305 616 Ἀττικὸς
276 565 358 606 ειναι
371 566 424 607 και
414 534 715 625 άποκεκαθάρθαι
726 538 788 625 τῆν
802 537 921 624 φωνην
936 537 1012 617 ἐς
979 566 1015 607 το
1027 538 1123 626 ἀκρι-

116 639 280 716 δέστατον
291 629 487 722 ἠξίωσεν
444 663 542 714 ουτος
557 639 611 704 καὶ
632 635 672 704 τά
691 634 836 721 ὀνόματα
851 643 1067 722 μεταποιῆσαι
1083 635 1123 703 τά

118 741 282 819 Ρωμαίων
298 761 351 802 και
341 735 585 820 μετεγγράψαι
598 732 678 812 ές
644 760 681 814 το
692 732 902 818 Ελληνικόν,
919 729 963 810 ὡς
975 731 1124 818 Κρόνιον

117 835 180 919 μὲν
192 842 426 916 Σατουρνῖνον
437 837 558 919 λέγειν,
575 832 723 920 Φρόντιν
734 831 841 900 δὲτδν
852 831 1047 917 Φρόντωνα,
1066 838 1124 898 Τι-

116 931 236 1000 τάνιου
252 932 288 1000 δὲ
302 929 361 1000 τόν
382 928 537 1013 Τιτιανὸν
554 931 609 998 καὶ
623 927 707 1010 ἄλλα
727 936 839 1018 πολλῷ
853 928 1053 1013 γελοιότερα.
1077 932 1123 994 ἔτι
1157 987 1161 997 ,

116 1025 136 1094 ὁ
158 1025 260 1106 αὐτὸς
281 1021 378 1107 οὗτος
397 1030 472 1111 περὶ
493 1035 549 1115 τῆς
568 1033 782 1113 Σευηριανοῦ
805 1031 959 1110 τελευτῆς
979 1031 1124 1112 ἔγραψεν
1160 1023 1163 1027 ’

117 1125 163 1205 ὡς
180 1154 211 1194 οι
203 1127 291 1212 μὲν
309 1125 437 1196 660st
415 1153 557 1206 απαντες
574 1125 842 1245 ἐξηπάτηνταιί
809 1150 826 1191 ο
841 1124 956 1243 όμενοι
970 1127 1057 1241 ξίφει
1070 1149 1123 1190 τε-

115 1224 246 1292 θνάναι
257 1222 376 1310 αὐτόν,
395 1222 564 1296 ἀποθάνοι
579 1221 642 1294 δὲ
626 1251 644 1291 ο
656 1221 742 1308 ἀνὴρ
753 1219 898 1292 σιτίων’
879 1216 1122 1307 αποσχόμευος

116 1329 240 1390 τοῦτον
258 1321 322 1408 γάρ
338 1321 429 1412 αάτφ
416 1321 653 1392 ἀλυπότατον
670 1319 763 1398 δόξαι
786 1316 846 1386 τόν
865 1319 1031 1387 θάνατον·
1060 1316 1123 1384 οῦκ

113 1408 249 1498 είδσδς”
230 1445 281 1487 οτι
295 1447 331 1488 το
321 1419 414 1538 μὲν
431 1421 540 1498 πάθος
556 1423 662 1488 ἐκεῖνο
683 1425 751 1484 πάν
765 1425 867 1503 τριῶν
882 1413 1002 1501 οἴματ’
986 1422 1120 1501 ημερῦυ
1136 1431 1170 1485 30

114 1513 309 1602 ἐγένετο,’
290 1517 441 1586 απόσιτοι
456 1519 492 1584 δὲ
506 1520 591 1597 καῖ’
574 1543 607 1595 ες
621 1515 767 1603 εβδόμην
780 1519 977 1599 διαρκοῦσιν
993 1539 1024 1590 οι
1017 1517 1122 1600 ’πολ-

113 1620 188 1696 λοί,
210 1610 348 1694 ἕκτος
318 1640 333 1680 ε
360 1613 404 1736 μῆ
422 1612 519 1684 τοῦδ
536 1612 702 1700 ὑπολάβοι
716 1639 782 1698 τις,
805 1609 850 1692 ὡς
861 1609 997 1697 Ὀσρόης
1011 1636 1060 1689 τις
1075 1613 1122 1677 εί-

119 1711 232 1797 στήκει
253 1715 459 1798 περιμένων,
480 1709 543 1780 ἔστ’
566 1709 609 1778 άν
623 1708 833 1798 Σευηριανὸς
848 1717 934 1798 λιμῷ
949 1707 1121 1794 άπόληται,

118 1810 174 1876 καὶ
191 1807 249 1876 διὰ
262 1817 361 1877 τοῦτο
377 1805 439 1876 οῦκ
455 1813 553 1896 ἐπῆγε
571 1809 624 1877 διά
639 1819 697 1896 τῆς
712 1810 863 1928 ἑβδόμης.

202 1911 253 1974 22.
280 1904 365 1986 Τους
376 1909 411 1974 δε
422 1908 476 1976 και
487 1922 668 1992 ποιητικοις
679 1906 853 1993 ονομασιν,
869 1899 985 1974 άκαλδ
998 1911 1121 1987 Φίλων,

104 2007 154 2070 λέν
169 2007 298 2092 ἱστορία
312 2009 502 2089 χρωμένους
512 2004 660 2073 που””’δ
638 2032 682 2072 αν
693 2033 742 2083 τις
752 2016 845 2121 θείη,
863 2003 941 2084 τοῦς
954 2008 1121 2090 λέγοντας,

117 2101 308 2186 ,,έλίλιξε
274 2097 365 2188 μευῆ
378 2103 523 2188 μηχανή,
539 2102 575 2170 τό
585 2117 689 2188 τεῖχος
701 2105 737 2171 δὲ
748 2099 853 2169 πεσόν
863 2102 1014 2186 μεγάλως
1025 2099 1123 2166 ἐδού-

115 2207 242 2286 πησε,“
268 2203 323 2270 καὶ
343 2201 443 2269 πάλιν
463 2204 500 2268 ἐν
521 2203 619 2292 ἑτέρῳ
643 2204 736 2286 μέρει
757 2208 815 2286 τῆς
838 2207 940 2284 καλῆς
963 2203 1123 2282 ἱστορίας·

115 2297 272 2385 ,ξἘδεσσα
292 2301 354 2384 μὲν
376 2297 416 2386 66
433 2299 520 2368 οὕτω
540 2315 608 2379 τοῖς
623 2299 738 2378 ὅπλοις
756 2312 1048 2386 περιεσμαραγεῑτρ
1068 2295 1123 2362 καὶ

116 2395 234 2482 ὄτοβος
248 2389 292 2482 ἦν
305 2400 360 2464 καὶ
376 2398 519 2486 κόναβος
534 2397 664 2466 ἅπαντα
685 2401 834 2483 ἐκείνα,“
850 2399 904 2464 καὶ
922 2394 964 2482 ,,ὁ
981 2416 1123 2516 στρατη-

116 2493 177 2580 γός
192 2488 449 2584 ἐμερμήριζεν
422 2522 448 2562 ω
469 2496 580 2612 τρόπω
595 2497 737 2581 μάλιστα
746 2495 963 2618 προσαγάγοι
980 2493 1063 2582 πρὸς
1083 2491 1119 2561 τό

115 2605 247 2677 τεῦχος.
232 2599 253 2632 “
276 2590 344 2710 εἶτρι
355 2591 530 2677 μεταξῦ’
489 2620 594 2694 ουτως
610 2594 753 2681 εῦτελῆ’
738 2596 884 2714 ονόματα
896 2623 950 2670 και
939 2591 1120 2712 δημοτικά

115 2692 170 2758 καὶ
191 2679 338 2776 πτωχικά
361 2689 467 2761 πολλὰ
496 2685 780 2780 παρενεβέβυστο,
806 2721 843 2762 το
837 2689 1119 2780 ’,,ἐπε’στειλενὸ

116 2789 404 2907 στρατρπεδάργης
419 2797 464 2880 τῦ
481 2799 626 2882 κυρίφ,“
643 2819 698 2860 και
693 2797 771 2877 ’,,οί
785 2802 980 2878 στρατιῶται
995 2790 1122 2878 ῆγόρα-

115 2891 172 2966 ζον
191 2884 232 2954 τά
251 2858 489 2976 ἐγχρῄζοντά,“
510 2896 567 2956 καί
587 2889 673 2976 „666
695 2893 889 2975 λελουμένοι
903 2892 979 2974 περὶ
999 2886 1122 2966 αὐτοῦς

114 2988 327 3072 ἐγίγνοντο,“
344 2985 453 3056 καὶτὰ
469 2995 621 3056 τοιαῦτα·
651 2987 733 3054 ὥστε
748 2985 786 3053 τδ
804 2994 938 3072 πρᾶγμα
954 2985 1060 3064 ἐοικός
1074 2987 1120 3055 εί-
1136 3000 1166 3054 31

114 3109 170 3152 ναι
185 3090 345 3176 τραγροδςῦ
364 3086 425 3153 τόν
440 3088 554 3171 ἕτερον
569 3087 631 3173 μὲν
651 3088 739 3154 πόδα
755 3085 807 3154 ἐπ’
823 3087 969 3173 ἐμβάτου
990 3086 1122 3172 ὑψηλοῦ

114 3184 281 3270 βεβηκότι,
295 3182 441 3270 θάτερον
453 3186 488 3252 δὲ
498 3186 654 3274 σανδάλῳ
664 3182 905 3274 ὑποδεδεμένῳ,
928 3189 978 3250 23.
990 3187 1044 3251 καὶ
1055 3181 1123 3270 μὴν

113 3283 168 3351 καὶ
181 3281 304 3360 ἅλλους
316 3287 399 3361 ίδοις
415 3279 458 3351 άν
468 3281 507 3351 τά
520 3285 581 3369 μὲν
595 3289 753 3369 προοίμια
769 3281 902 3369 λαμπρά
913 3283 970 3352 καὶ
983 3285 1122 3369 τραγικά

113 3383 166 3450 καί
177 3387 224 3459 είς
233 3379 425 3468 ὑπερβολὴν
434 3381 544 3468 μακρά
557 3385 825 3469 συγγράφοντας,
837 3381 882 3464 ὡς
891 3385 1020 3452 ἐλπίσαι
1032 3394 1122 3452 θαυ-
