2575 3842
184 198 245 261 318
527 200 849 276 [Λοναικσοτ]

184 365 241 444 τῆς
258 356 516 445 εὐγνωμοσύνης
530 357 592 445 τὴν
606 363 668 444 μὲν
683 356 910 437 ἀπολύσαντες
922 363 955 437 ές
967 357 1026 425 τόν
1041 365 1198 444 κρημνόν

185 454 273 521 κάτω
291 451 426 541 ἀφῆκαν
442 453 485 533 όις
498 449 542 542 ἦν
557 458 593 522 έν
609 463 657 545 τῷ
671 458 798 541 δεσμῷ,
818 453 880 542 τὴν
895 456 931 523 δὲ
947 459 1123 539 παρθένον
1142 462 1199 524 έν-

186 557 246 620 δον
268 555 469 639 κατέδησαν,
496 553 563 621 εἶτα
585 557 777 636 ἐδείπνουν,
804 558 858 622 καὶ
879 556 978 633 πότος
998 549 1039 642 ἦν
1056 557 1199 640 μακρός.

184 661 233 723 25.
251 653 315 722 κάν
334 656 441 746 τούτῳ
455 654 519 742 ἤδη
537 658 612 742 περὶ
632 665 689 740 τῆς
705 656 806 741 κόρης
824 661 1011 743 διελέγοντο
1032 653 1117 739 πρὸς
1135 653 1199 723 άλ-

184 752 320 837 λήλους·
344 759 386 819 Τί
397 759 576 838 ποιοῦμεν,
592 758 656 838 έφη
670 779 719 830 τις
732 751 861 836 αὐτῶν,
876 753 938 839 την
953 755 1129 837 δραπέτιν;
1159 756 1201 818 Τί

185 850 220 916 δέ
236 847 336 934 ἀλλο,
356 847 445 916 εἶπεν
460 852 585 935 ἕτερος,
602 847 623 936 ἢ
640 859 680 937 τῇ
693 856 775 937 γραῒ
787 852 891 939 ταότη
905 851 994 918 κάτω
1010 853 1194 932 έπιρρίψω-

184 973 247 1032 μεν
264 945 387 1032 αῦτήν,
411 944 622 1033 ἀφελομένην
636 949 698 1032 μὲν
717 946 803 1034 ἡμεῖς
817 951 966 1035 χρήματα
987 943 1093 1014 πολλά
1110 945 1197 1014 ὅσον

185 1043 236 1114 ἐπ’
255 1043 355 1133 αὐτῇ,
371 1049 425 1113 καλ
440 1050 635 1129 προδοῦσαν
649 1043 729 1132 ἡμῖν
743 1045 824 1114 όλον
840 1046 877 1112 τό
893 1046 1126 1133 έργαστηριον;
1157 1038 1196 1111 εῦ

116 1157 168 1216 594
188 1155 255 1212 λ’στε
269 1144 351 1229 γάρ,
370 1136 397 1211 ὦ
412 1150 519 1228 φίλοι,
536 1143 587 1212 ότι
603 1143 688 1229 αὕτη
705 1149 734 1211 εί
746 1151 814 1210 τῶν
826 1153 912 1212 οίκοι
924 1143 1098 1226 ἐδράξατο,
1113 1142 1195 1210 οὐδὲ

187 1238 231 1320 εἷς
247 1239 290 1308 ἀν
311 1240 406 1328 ἡμῶν
423 1247 488 1324 ξῦν
508 1239 719 1311 ὑπελείπετο·
747 1243 870 1320 πάντες
890 1240 954 1327 γάρ
969 1237 1012 1306 ἀν
1032 1242 1194 1325 ἑάλωμεν,

185 1347 252 1406 τῶν
263 1343 394 1425 ἐχθρῶν
403 1343 438 1408 ἐκ
448 1348 660 1426 παρασκευῆς
670 1339 749 1427 ἡμῖν
760 1340 996 1407 ἐπιπεσόντων.
1009 1338 1093 1406 ὥστε
1105 1337 1193 1423 ἀμυ-

186 1435 324 1520 νάμεθα
342 1441 402 1521 μὲν
419 1434 480 1522 τὴν
498 1431 674 1522 πολεμίαν·
702 1435 785 1505 ἀλλά
803 1435 847 1523 μὴ
866 1436 954 1504 οὕτω
971 1440 1093 1526 ῥᾳδίως
1108 1434 1194 1502 ἀπο-

187 1536 359 1619 θνησκέτω
374 1539 522 1600 πεσοῦσα
540 1535 592 1600 ἐπὶ
605 1541 667 1601 τοῦ
681 1542 798 1621 λίθου,
814 1536 967 1604 θάνατον
983 1537 1020 1602 δὲ
1033 1531 1118 1620 αὐτῇ
1133 1531 1194 1599 τόν

186 1627 420 1714 άλγεινότατον
436 1632 490 1698 καὶ
507 1632 716 1715 μακρότατον
737 1632 923 1718 ἐξεύρωμεν
944 1635 999 1699 καῖ
1019 1630 1109 1711 ὅστις
1129 1629 1195 1697 αι’·-

186 1723 247 1810 τὴν
265 1724 375 1814 χρόνῳ
396 1729 448 1793 καὶ
472 1727 610 1818 βασάνῳ
632 1731 782 1814 φυλάξας
804 1729 946 1815 ὕστερον
967 1728 1091 1796 ἀπολεῖ.
1125 1729 1194 1796 εἶτα

186 1822 321 1908 ἐζήτουν
340 1823 508 1911 θάνατον,
535 1834 591 1893 καί
604 1853 653 1904 τις
673 1825 780 1912 εἶπεν,
808 1825 891 1894 Οἶδα
908 1826 958 1895 ὅτι
976 1827 1195 1894 ἐπαινέσεσθε

185 1918 222 1988 τό
239 1920 508 2009 ἀρχιτεκτόνημα.
529 1921 588 1991 τόν
606 1925 689 1992 ὄνον
703 1929 756 1993 δεῖ
770 1924 954 1993 ἀπολέσθαι
970 1922 1118 2010 ὀκνηρόν
1133 1923 1195 1990 όν-

184 2049 240 2108 τα,
256 2028 322 2088 νῦν
337 2021 373 2088 δέ
388 2023 443 2090 καλ
458 2023 566 2108 χωλόν
580 2023 665 2092 εἶναι
682 2025 909 2111 ψευδόμενον,
926 2022 1059 2110 καὶμὴν
1070 2028 1196 2110 καὶτῆς

186 2127 296 2207 φυγῆς
311 2127 368 2205 της
381 2125 556 2206 παρθένου
570 2124 756 2207 γενόμενον
768 2121 937 2208 ὑπηρέτην
950 2124 1006 2191 καὶ
1017 2121 1194 2190 διάκονον·

185 2226 305 2286 τοῦτον
329 2212 393 2286 οῦν
424 2223 533 2288 ἕωθεν
557 2221 809 2306 ἀποσφάξαντες
834 2219 1048 2306 ἀνατέμωμεν
1073 2222 1109 2287 ἐκ
1133 2228 1193 2306 τῆς

184 2314 326 2403 γαστρός
341 2319 394 2384 καὶ
410 2315 449 2383 τά
468 2317 529 2403 μὲν
551 2324 671 2404 ἔγκατα
685 2319 793 2387 πάντα
807 2323 867 2398 ἔξω
883 2320 1052 2404 βάλωμεν,
1074 2314 1135 2402 την
1158 2317 1194 2384 δὲ

185 2412 320 2500 ἀγαθὴν
334 2415 460 2501 ταύτην
480 2420 654 2502 παρθένον
668 2425 713 2507 τῷ
729 2416 797 2506 όνηι
813 2419 1105 2501 έγκατοικίσωμεν,
1129 2414 1194 2501 τὴν

185 2514 247 2599 μὲν
265 2510 414 2597 κεφαλὴν
430 2517 490 2592 ἔξω
506 2521 566 2581 τοῦ
587 2512 671 2581 όνου
685 2515 881 2601 πρόχειρον,
907 2513 951 2593 ὡς
967 2512 1010 2582 ἀν
1025 2513 1069 2601 μὴ
1086 2513 1196 2593 εῦθῦς

186 2611 401 2697 ἀποπνιγείη,
423 2608 459 2677 τό
482 2612 518 2679 δὲ
535 2612 616 2682 άλλο
639 2620 733 2698 σῶμα
750 2621 818 2681 πάν
834 2618 933 2682 ἔνδον
948 2614 1194 2700 κρυπτόμενον,

187 2709 230 2790 ὡς
246 2706 289 2778 ἀν
306 2707 411 2796 αὐτην
426 2715 668 2798 κατακειμένην
684 2706 722 2779 εὖ
737 2713 825 2798 μάλα
840 2713 1072 2797 συρράψαντες
1086 2714 1195 2795 ῥίψω-

185 2836 247 2897 μεν
262 2814 322 2889 έξω
333 2807 434 2895 άμφω
446 2816 549 2877 ταῦτα
560 2824 627 2889 τοῖς
638 2821 731 2897 γυυί,
747 2818 871 2888 καινῶς
882 2817 980 2876 τοῦτο
992 2811 1196 2895 ἐσκευασμέ-

185 2935 247 2975 νον
263 2905 408 2991 άριστον.
434 2921 585 2975 σκοπεῖτε
600 2911 651 2993 δέ,
669 2901 696 2974 ό
711 2914 821 2993 φίλοι,
837 2914 893 2993 τῆς
907 2907 1059 2993 βασάνου
1073 2904 1110 2974 τδ
1123 2911 1195 2975 δει-

185 3005 264 3092 νόν,
287 3013 422 3090 πρῶτον
437 3006 498 3093 μὲν
512 3004 549 3073 τό
565 3013 674 3094 νεκρῷ
691 3004 759 3096 όνφ
775 3021 961 3089 συνοικεῖν,
987 3004 1054 3072 εἶτα
1068 3009 1196 3090 θέρους

186 3104 257 3194 ὥρη
279 3105 475 3194 θερμοτάτην
495 3102 577 3193 ἡλίῳ
598 3107 635 3171 έν
658 3106 770 3190 κτήνει
791 3114 1016 3184 καθεψεῖσθαι
1037 3105 1091 3171 καὶ
1108 3113 1197 3195 λιμῷ

116 3220 166 3273 595
188 3199 237 3268 ἀεὶ
257 3208 420 3270 κτείνοντι
437 3199 668 3287 ἀποθνήσκειν
692 3205 746 3270 καὶ
768 3204 851 3289 μηδὲ
874 3201 995 3288 ἑαυτὴν
1015 3199 1196 3281 ἀποπνῖξαι

185 3305 285 3383 ἔχειν·
308 3298 348 3367 τά
363 3298 500 3386 μὲνγὰρ
512 3298 586 3368 ἀλλ’
601 3297 663 3367 ὅσα
674 3308 819 3368 πείσεται
833 3302 1024 3386 σηπομένου
1036 3306 1097 3364 τοῦ
1109 3297 1197 3366 ὅνου

185 3402 224 3482 τῇ
238 3420 273 3462 τε
290 3394 375 3484 ὀδμῇ
388 3397 443 3464 καὶ
456 3410 524 3474 τοῖς
539 3396 683 3483 σκάληξι
695 3402 890 3483 πεφυρμένη
903 3400 946 3464 έῦ
959 3398 1078 3482 λέγειν.
1099 3398 1197 3476 τέλος
