2575 3842
392 217 623 275 ΛΟΤΚΙΟΣ
640 221 668 272 Η
690 217 831 277 ΟΝΟΣ.
1055 214 1117 277 317

108 388 178 446 λων
199 374 302 444 είπῦν
319 373 403 443 εἶναι
428 371 552 442 τδῦπδ
575 380 692 459 γραίας
713 373 840 444 ἁλῶναι
861 384 985 464 ἔσυρον
999 375 1116 463 αὐτήν,

107 471 128 561 ἡ
147 475 182 540 δὲ
198 470 276 558 μάλ’
294 469 478 559 ἀνέκραγεν
496 475 638 540 ἔνδοθεν
653 471 716 558 τήν
732 477 906 562 παρθένον
920 476 981 564 τήν
999 477 1118 562 αἰχμά-

109 579 233 639 λωτον·
255 569 276 657 ή
292 570 328 638 δὲ
342 575 579 654 προσελθοῦσα
591 571 647 638 καί
664 575 783 638 ἰδοῦσα
797 581 908 659 γραῦν
925 579 1022 659 δίκην
1033 580 1118 662 Δίρ-

108 694 168 751 κης
185 669 218 746 ἐξ
233 665 317 734 ὄνου
332 664 482 753 ἡμμένην
496 673 601 755 τολμᾷ
615 665 767 753 τόλμημα
781 685 939 754 γενναῖον
955 673 1009 738 καὶ
1021 667 1115 749 ἀξιον
1134 681 1185 735 592

109 762 381 850 ἀπουενοημένον
401 771 598 832 νεανίσκου·
630 762 786 856 ἀναπηδᾷ
805 767 870 854 γὰρ
893 772 939 845 είς
962 770 1033 852 ε’μέ,
1063 768 1117 834 καὶ

108 861 330 928 έπικαθίσασά
348 887 404 947 μοι
424 859 566 948 ήλαυνε·
593 858 685 947 κάγώ
701 871 748 950 τῷ
766 890 802 931 τε
819 870 915 952 ἔρωτι
935 873 992 950 τής
1007 870 1116 950 φυγῆς

107 963 162 1029 καὶ
182 967 223 1048 τῇ
244 967 300 1047 τής
325 959 427 1045 κόρης
448 963 578 1048 σπονδή
599 966 728 1045 ἔφυγον
748 964 854 1028 ἵππου
872 963 1003 1052 δρόμῳ·
1036 960 1055 1046 ή
1080 962 1116 1028 δὲ

109 1064 213 1144 γραῦς
229 1053 335 1124 ὀπίσω
349 1053 571 1124 ἀπελέλειπτο.
593 1055 664 1142 ἡδὲ
678 1061 848 1143 παρθένος
863 1072 931 1136 τοις
945 1059 1007 1143 μὲν
1023 1067 1117 1132 θεοῖς

109 1153 226 1239 ηὔχετο
242 1161 347 1221 σῦσαι
359 1151 465 1240 αύτήν
475 1161 516 1240 τῇ
528 1161 636 1242 φυγή·
659 1152 743 1239 πρὸς
755 1155 790 1222 δέ
805 1157 863 1241 ἐμέ
868 1152 952 1240 ,Ἤν
967 1180 1024 1239 με,
1040 1159 1115 1240 ἔφη,

108 1264 245 1343 νομίσῃς
259 1251 342 1338 πρὸς
357 1253 417 1322 τὸν
431 1259 570 1340 πατέρα,
592 1247 619 1321 ἀ
636 1257 716 1323 καλὲ
731 1255 791 1340 σύ,
808 1256 991 1340 ἐλεύθερον
1006 1256 1067 1340 μέν
1079 1277 1116 1324 σε
1221 1315 1227 1326 ,

108 1349 232 1430 παντός
246 1357 347 1438 ἐργον
363 1350 499 1438 ἀφήσω,
521 1359 652 1438 κριθῶν
670 1353 705 1421 δὲ
718 1356 876 1439 μέδιμνος
891 1358 982 1420 ἔσται
996 1373 1048 1419 σοι
1060 1351 1113 1439 ἐφ’

109 1451 246 1537 ἑκάστης
259 1448 383 1536 ήμέρας
397 1450 434 1517 τδ
451 1448 597 1537 ἀριστον.
620 1447 685 1537 ἐγοδ
703 1450 740 1518 δὲ
754 1453 809 1518 καὶ
819 1447 898 1528 τοῦς
913 1465 1028 1535 φονεῖς
1038 1449 1117 1528 τοῦς

108 1553 255 1634 ἐμαυτοῦ
275 1551 479 1634 φευξόμενος
498 1552 553 1616 καὶ
569 1547 698 1634 πολλὴν
718 1551 915 1631 ἐπικουρίαν
935 1549 989 1615 καὶ
1009 1557 1116 1635 θερα-

108 1652 204 1714 πείαν
222 1647 258 1712 ἐκ
272 1653 330 1730 τῆς
344 1643 575 1732 ἀνασωθείσης
585 1648 657 1731 ἐμοὶ
672 1647 774 1732 κόρης
790 1650 928 1727 ἐλπίζων
940 1653 1041 1714 ἐθεον
1054 1651 1115 1713 τοῦ

107 1742 294 1826 τραύματος
311 1740 485 1829 ἀμελήσας.
514 1747 564 1810 24.
585 1745 656 1810 ἐπεὶ
675 1744 712 1810 δέ
725 1742 852 1829 ήκομεν
872 1749 958 1811 ἔνθα
976 1746 1114 1829 ἐσχίζετο

109 1845 228 1924 τριπλῆ
247 1835 340 1924 ὁδός,
367 1844 402 1907 οί
419 1843 570 1924 πολέμιοι
592 1838 680 1925 ήμάς
698 1840 1014 1926 καταλαμβάνουσιν
1031 1839 1115 1907 ἀνα-

109 1947 307 2028 στρέφοντες
317 1945 373 2012 καὶ
382 1943 562 2030 πόρρωθεν
572 1939 678 2020 εὐθύς
687 1939 771 2027 πρὸς
781 1939 843 2026 τήν
854 1940 998 2026 σελήνην
1010 1945 1115 2025 ἐγνω-

95 2031 173 2128 ,ἴσαν
181 2036 259 2116 τούς
269 2043 440 2126 δυστυχεῖς
451 2039 678 2127 αἰχμαλώτους
688 2041 741 2105 καὶ
751 2037 1021 2123 προσδραμόντες
1032 2044 1116 2120 λαμ-

108 2137 272 2225 βάνονταί
285 2163 353 2223 μου
369 2141 422 2207 καὶ
437 2143 609 2225 λέγουσιν,
621 2131 661 2204 Ὦ
679 2137 762 2223 καλή
777 2132 910 2220 κάγαθή
927 2131 970 2200 σῦ
987 2135 1115 2214 παρθέ-

5 2293 6 2296 ¹
108 2264 182 2322 νος,
206 2250 266 2304 πολ
283 2242 425 2323 βαδίζεις
445 2235 551 2326 ἀωρίᾳ
571 2243 774 2322 ταλαίπωρες
798 2231 876 2301 οὐδὲ
896 2229 936 2299 τά
960 2232 1115 2317 δαιμόνια

108 2339 275 2416 δέδοικας;
301 2333 385 2405 ἀλλά
400 2341 501 2422 δεῦρο
522 2345 573 2404 ῦθι
590 2334 673 2422 πρὸς
691 2332 794 2421 ἡμᾶς,
814 2331 907 2419 ἡμεῖς
924 2351 961 2398 σε
981 2344 1048 2408 τοῖς
1065 2335 1116 2397 οἰ-

108 2442 209 2513 κείοις
223 2432 459 2523 ἀποδώσομεν,
485 2436 675 2522 σαρδόνιον
694 2440 856 2520 γελῶντες
876 2437 1007 2517 ἔλεγον,
1031 2426 1116 2515 κάμὲ

108 2531 373 2619 ἀποστρέψαντες
390 2531 502 2604 εἷλκον
518 2533 631 2604 ὀπίσω.
663 2529 754 2618 κάγώ
775 2532 851 2615 περὶ
866 2538 926 2599 τοῦ
943 2526 1046 2607 ποδὸς
1060 2530 1114 2596 καὶ
1133 2536 1183 2592 593

109 2641 169 2698 τοῦ
182 2633 367 2718 τραύματος
380 2632 606 2721 ἀναμνησθεὶς
617 2631 798 2717 ἐχόλενον·
820 2634 854 2697 οί
862 2633 909 2712 δέ,
925 2636 1013 2714 Νῦν,
1031 2634 1114 2714 ἔφα-

109 2752 189 2814 σαν,
211 2729 315 2814 χωλός
331 2729 387 2799 ὅτε
404 2731 662 2816 ἀποδιδράσκων
679 2732 841 2809 ἑάλωκας;
864 2726 938 2796 ἀλλ’
956 2727 1012 2794 ὅτε
1028 2728 1114 2813 φεύ-

108 2853 180 2914 γειν
194 2829 302 2895 ἐδόκει
322 2848 390 2913 σοι,
411 2827 573 2913 ὑγιαίνων
587 2831 694 2894 ἵππου
714 2825 878 2913 ὠκύτερος
892 2829 945 2894 καὶ
966 2823 1115 2901 πετεινός

107 2919 207 3012 ήσθα.
229 2941 297 3004 τοῖς
308 2924 344 2993 δὲ
354 2927 466 3010 λόγοις
475 2926 605 3004 τούτοις
616 2923 654 2992 τδ
668 2927 768 3004 ξύλον
780 2929 905 3009 εἵπετο,
922 2927 976 2991 καὶ
984 2923 1047 3010 ήδη
1060 2925 1114 2990 ἔλ-

107 3051 166 3103 κος
181 3031 226 3116 τῷ
248 3031 343 3112 μηρῷ
364 3021 452 3109 εἶχον
472 3024 750 3110 νουθετούμενος.
778 3026 847 3092 ἐπεὶ
863 3024 898 3091 δὲ
915 3033 992 3091 εἴστι
1013 3023 1114 3089 πάλιν

107 3123 373 3210 ἀνεστρέψαμεν,
398 3120 461 3209 τήν
482 3123 543 3208 μὲν
564 3131 674 3209 γραῦν
695 3122 838 3210 εὕρομεν
859 3125 895 3191 ἐκ
915 3130 973 3208 τῆς
994 3125 1115 3207 πέτρας

107 3225 319 3309 κρεμαμένην
335 3224 371 3290 ἐν
385 3227 552 3311 καλωδίῳ·
574 3227 709 3290 δείσασα
723 3223 804 3309 γάρ,
822 3216 894 3289 οἷον
911 3220 1013 3304 εἰκός,
1035 3216 1115 3296 τούς

108 3315 269 3400 δεσπότδις
291 3322 343 3388 ἐπὶ
367 3329 407 3408 τῇ
435 3330 491 3408 τῆς
518 3323 693 3407 παρθένου
719 3327 810 3410 φυγή
837 3326 969 3410 κρημνᾷ
993 3315 1114 3405 ἑαυτήν

107 3424 272 3504 σφίγξασα
284 3424 320 3488 έκ
331 3427 392 3488 τοῦ
402 3422 576 3509 τραχήλου.
599 3424 633 3488 οί
642 3419 678 3488 δὲ
690 3418 751 3508 τήν
761 3427 872 3507 γραῦν
879 3417 1115 3506 θαυμάσαντες
