2575 3842
332 199 464 258 ΖΕΥΣ
484 201 880 260 ΕΛΕΓΧΟΜΕΝΟΣ.
1047 197 1110 261 347

2 417 9 451 2
100 363 200 424 αὐτα·
229 364 287 425 καί
299 384 355 444 μοι
371 355 552 444 ἀπόκριναί
570 386 600 426 τι
618 361 673 427 καὶ
694 357 779 445 ὑπὲρ
797 364 943 428 ἐκείνου·
972 359 1030 440 σδς
1043 359 1108 447 νάρ

3 513 9 550 ,
100 452 173 533 υίὸς
191 453 275 524 εἶναι
290 460 428 542 λέγεται.

183 563 309 623 ΖΕΥΣ.
338 562 378 622 Τί
391 554 422 621 δ’
440 552 545 622 αὐτὸν
562 557 702 643 ἐρωτᾷς,
722 549 929 638 οὐΚυνίσκες

184 659 286 721 ΚΥΝ.
313 659 413 732 Τίνας
429 655 558 733 κολάζει
572 653 728 739 μάλιστα;

3 823 4 840 2
182 760 308 820 ΖΕΥΣ.
336 749 423 830 Τούς
437 750 607 839 πονηροὺς
622 753 766 840 δηλαδή,
785 749 859 821 ολον
872 750 1110 839 ἀνδροφόνους

99 851 153 917 καὶ
168 850 372 934 ἱεροσύλους.
1180 853 1182 857 ’

182 955 285 1016 ΚΥΝ.
311 955 410 1028 Τίνας
425 951 460 1017 δέ
474 948 564 1036 παρὰ
579 948 658 1029 τούς
674 949 786 1037 ἥρωας
800 948 1002 1036 ἀποπέμπω

182 1054 308 1114 ΖΕΥΣ.
336 1046 422 1125 Τοὺς
441 1045 594 1134 ἀγαθούς
608 1073 643 1116 τε
659 1050 714 1116 καλ
734 1047 848 1128 ὁσίους
867 1051 923 1117 καὶ
937 1047 1009 1117 κατ’
1028 1047 1101 1135 ἀρε-

98 1141 159 1228 τὴν
173 1145 385 1230 βεβιωκότας.

183 1249 286 1309 ΚΥΝ.
314 1249 411 1322 Τίνος
427 1245 541 1329 ἕνεκα,
559 1238 585 1311 οὐ
599 1251 683 1325 Ζεῦ;

182 1349 307 1409 ΖΕΥΣ.
329 1343 427 1410 Λιότι
442 1348 476 1410 ολ
490 1344 551 1429 μὲν
562 1351 673 1429 τιμῆς,
690 1349 724 1411 οί
739 1344 775 1410 δὲ
792 1341 959 1420 κολάσεως
975 1340 1070 1421 ἀξιοι.

181 1445 285 1506 ΚΥΝ.
306 1445 350 1508 Εί
363 1443 401 1507 δέ
415 1465 464 1517 τις
480 1437 643 1506 ἀκούσιόν
656 1465 688 1507 τι
703 1436 818 1507 δεινδν
833 1440 1025 1526 ἐργάσαιτο,
1047 1465 1105 1507 κο-

98 1535 255 1615 λάζεσθαι
270 1540 324 1604 καλ
339 1544 460 1604 τοῦτον
473 1542 613 1618 δικαιοῖς

181 1641 306 1701 ΖΕΥΣ.
333 1633 505 1719 Οὐδαμῶς.

183 1737 286 1798 ΚΥΝ.
317 1729 402 1798 Οὐδ’
423 1731 488 1814 ἀρα
510 1743 543 1800 εί
561 1760 610 1810 τις
632 1733 724 1800 ἀκων
747 1761 777 1800 τι
800 1732 934 1818 ἀγαθὸν
956 1737 1105 1819 ἔδρασεν,

99 1822 178 1895 οὐδὲ
192 1835 313 1897 τοῦτον
326 1835 425 1913 τιμᾶν
442 1827 613 1909 ἀξιώσειεν
629 1829 689 1911 ἀν;

182 1931 307 1993 ΖΕΥΣ.
333 1923 385 1993 Οὐ
402 1924 466 2012 φάρ
485 1919 557 1994 οὐν.

181 2030 283 2091 ΚΥΝ.
307 2021 439 2091 Οὐδένα
454 2031 586 2108 τοίνυν,
605 2017 631 2091 ὦ
646 2029 728 2111 Ζεύ,
742 2022 822 2093 οὐτε
837 2029 937 2108 τιμᾶν
953 2021 1030 2089 οὔτε
1047 2048 1107 2089 κο-

96 2122 207 2222 λάζειν
223 2121 313 2212 αὐτῷ
328 2115 499 2210 προσήκει.

180 2229 307 2290 ΖΕΥΣ.
328 2229 406 2301 Πῶς
420 2221 556 2304 οὐδένας

181 2329 285 2389 ΚΥΝ.
307 2319 377 2390 Ὅτι
401 2321 502 2390 οὐδέν
524 2323 657 2404 ἑκόντες
678 2330 712 2394 οί
732 2322 910 2409 ἀνθρωττοι
930 2328 1104 2407 ποιοῦμεν,

96 2417 180 2487 ἀλλά
200 2447 267 2488 τινι
286 2417 417 2509 ἀνάγκη
438 2421 577 2512 ἀφύκτφ
592 2427 862 2511 κεκελευσμένοι,
887 2431 920 2489 ελ
935 2447 974 2506 γε
994 2417 1105 2506 ἀληθῆ

96 2520 207 2586 έκεῖνά
218 2522 285 2587 ἐστι
296 2518 336 2588 τά
348 2527 541 2607 ἔμπροσθεν
551 2520 799 2612 ὡμολογημένα,
810 2520 856 2601 ὥς
865 2519 885 2608 ἦ
894 2528 1008 2604 Μοῖρα
1018 2520 1106 2587 κάν-

96 2641 164 2683 των
178 2623 279 2684 αίτία·
302 2621 358 2688 καλ
371 2617 415 2705 ἢν
428 2621 557 2710 φονεύη
568 2649 626 2708 τις,
644 2625 754 2708 ἐκείνη
766 2617 886 2706 έστλνὴ
899 2619 1104 2705 φονεύουσα,

97 2715 152 2781 καὶ
166 2710 210 2798 ἢν
225 2719 397 2805 ἱεροσυλῇ,
416 2724 703 2807 προστεταγμένον
718 2717 809 2811 αὐτῷ
824 2724 895 2808 δρᾷ.
920 2717 1003 2784 ὥστε
1021 2727 1054 2785 ελ
1066 2743 1104 2802 γε
1124 2741 1172 2796 541

96 2809 136 2878 τά
149 2815 260 2879 δίκαια
273 2810 291 2879 ὁ
303 2822 421 2894 Μίνως
432 2819 576 2899 δικάζειν
588 2822 718 2903 μέλλοι,
734 2816 797 2903 τὴν
806 2819 1022 2902 Εἱμαρμένην
1032 2813 1106 2882 ἀντὶ

96 2917 157 2978 τοῦ
174 2912 333 2998 Σισύφου
350 2914 525 2984 κολάσεται
543 2919 598 2985 καὶ
613 2914 674 3001 τὴν
690 2923 827 2998 Μοῖραν
841 2912 915 2981 ἀντὶ
935 2921 996 2981 τοῦ
1016 2921 1047 2980 Τ
1044 2941 1106 2980 αν-

96 3010 209 3078 τάλου.
231 3018 265 3078 τί
281 3009 345 3099 γὰρ
367 3015 487 3082 ἐκείνοι
501 3012 663 3101 ἠδίκησαν
683 3015 875 3090 πεισθέντες
889 3026 957 3090 τοῖς
971 3012 1106 3098 έιιιτάμ-

96 3128 216 3194 μασιν;

182 3213 230 3275 19.
257 3217 384 3278 ΖΕΥΣ.
417 3209 536 3280 οὐκέτ’
566 3209 644 3280 οὐδ’
670 3209 916 3298 ἀποκρίνεσθαί
936 3231 988 3278 σοι
1012 3208 1105 3290 ἀξιον

96 3314 232 3374 τοιαῦτα
247 3311 428 3391 ἐρωτῶντι·
449 3309 582 3394 θρασὺς
601 3311 666 3398 γὰρ
685 3309 714 3379 ελ
731 3312 786 3378 καλ
801 3309 970 3398 σοφιστής.
994 3314 1053 3378 καί
1067 3328 1104 3378 σε

96 3401 209 3490 ἀπειμι
224 3403 287 3492 ἤδη
304 3408 502 3477 καταλιπών.
