2575 3842
185 180 248 244 280
539 181 847 238 AOYKIANOY

185 342 247 427 τήν
263 338 416 426 ἀνάγκην
430 346 492 406 τοῦ
504 337 617 457 γάμον
628 335 775 424 ἀκριβῶς
786 335 913 416 είδάς”
894 360 1029 407 εκαστα
1053 349 1199 410 Μασσα-

186 436 304 523 λιάτης
319 438 355 505 δε
365 440 421 504 καὶ
433 434 532 513 αὐτὸς
545 439 598 521 ήυ.
623 434 835 520 Μενεκράτει
850 436 930 523 γάρ,
946 442 1073 527 ἔφη,
1042 447 1088 506 τιό
1098 444 1198 525 πατρὶ

187 544 243 621 τῆς
258 535 459 621 δυσμόρφου
474 534 595 619 ταύτης
607 537 733 653 φίλος
713 561 756 621 ην
767 562 784 600 ο
773 531 984 623 Ζηνόθεμις
994 546 1196 607 πλουτοῦντι

186 659 242 701 και
231 630 452 722 τιμωμένῳ(
439 632 597 717 ομότιμος
607 630 665 698 ἀίν.
682 633 791 722 χρόυφ
803 631 866 701 δὲ’
849 659 868 700 ο
878 635 1127 722 Μενεκράτης’
1108 663 1197 724 αφη

187 736 271 817 ρέθη
286 729 347 817 τήν
359 727 478 798 ούσίαυ
489 733 526 797 ἐκ
538 728 765 816 καταδίκης,”
744 754 863 817 οτεπερ
875 733 962 800 καλ”
940 759 1056 819 ατιμος
1065 736 1196 818 ἐγένετο

186 826 253 896 ὑπὸ
268 835 337 896 τῶν
352 831 531 907 ἑξακοσίων
552 854 596 905 ως
611 825 872 913 ἀποφηνάμενος
886 830 1026 916 γνώμην
1045 830 1197 916 παράνο-

186 953 259 1012 μον.
291 925 380 994 οὕτω
398 928 435 994 δὲ
455 929 489 993 οί
509 932 751 993 Μασσαλιῶται
771 926 970 1013 κολάζομεν,
993 935 1074 1014 ἔφη,
1097 939 1131 996 εί
1149 956 1199 1007 τις

117 1035 170 1090 634
188 1024 367 1110 παράνομα
378 1023 547 1109 γράψειεν.
571 1027 721 1091 ἐλυπεῖτο
737 1016 802 1090 ούν
817 1021 1065 1112 ὁΜενεκράτης
1078 1029 1134 1095 καλ
1146 1029 1198 1093 ἐπὶ

186 1129 227 1210 τῇ
241 1126 400 1209 καταδίκη
415 1124 469 1190 καὶ
487 1123 557 1190 ἐπεὶ
576 1125 612 1190 ἐκ
633 1127 797 1189 πλουσίου
817 1124 919 1208 πένης
935 1126 990 1191 καὶ
1011 1129 1043 1204 ἐξ
1059 1125 1198 1204 ἐνδόξου

188 1218 305 1300 ἀδοξος
316 1222 353 1288 έν
366 1219 465 1310 όλίγφ
478 1223 625 1307 ἐγένετο·
641 1221 783 1306 μάλιστα
793 1221 829 1288 δέ
841 1220 944 1290 αύτδυ
953 1220 1031 1308 ήνία
1041 1225 1197 1310 θυγάτηρ

188 1317 272 1405 αὕτη
287 1321 445 1405 ἐπίγαμος
460 1317 523 1406 ήδη
538 1317 829 1397 ὀκτωκαιδεκαέτις
844 1313 946 1405 οὖσα,
961 1317 1006 1407 ἢν
1021 1319 1099 1389 ούδὲ
1116 1317 1197 1407 μετά

188 1418 295 1503 πάσης
316 1424 373 1502 τής
395 1414 510 1494 οὐσίας
537 1424 598 1484 τοῦ
619 1417 762 1502 πατρός,
791 1415 835 1501 ἣν
856 1416 920 1502 πρό
943 1425 1001 1504 τής
1021 1423 1198 1504 καταδίκης

188 1515 356 1599 ἐκέκτητο,
380 1511 520 1599 ἠξίωσεν
536 1512 579 1581 ἀν
601 1539 650 1591 τις
670 1520 738 1580 τῶν
759 1538 798 1597 γε
818 1511 948 1598 ἀγενῶν
968 1516 1023 1582 καλ
1043 1515 1199 1601 πενήτων

187 1615 309 1700 ῥᾳδίως
325 1618 532 1697 παραλαβεῖν
549 1609 656 1689 οὕτως
672 1614 897 1696 κακοδαίμονα
913 1605 1020 1679 οὖσαν
1032 1613 1094 1698 τήν
1108 1610 1198 1692 ὅφιν.

188 1713 316 1794 ἐλέγετο
332 1710 367 1776 δὲ
383 1711 439 1777 καὶ
452 1715 670 1778 καταπίπτειν
681 1707 765 1796 πρὸς
779 1708 841 1795 τήν
855 1711 1000 1797 σελήνην
1013 1709 1197 1796 αὐξανομέ-

188 1835 262 1895 νην.
294 1813 345 1876 25.
364 1806 408 1888 ὡς
425 1811 582 1877 δὲταῦτα
597 1807 682 1896 πρὸς
701 1805 762 1876 τόν
777 1809 971 1894 Ζηνόθεμιν
991 1806 1198 1895 ἀπωδύρετο,

188 1904 328 1992 Θάρρει,
350 1911 430 1993 ἔφη,
458 1900 484 1974 ὦ
502 1909 732 1993 Μενέκρατες,
756 1903 833 1971 οὔτε
852 1903 919 1991 γάρ
934 1903 1113 1991 ἀπορήσεις
1130 1914 1199 1973 τῶν

188 2002 380 2090 ἀναγκαίων
396 2009 450 2074 καλ
463 2003 484 2091 ἡ
498 2007 653 2091 θυγάτηρ
669 2024 732 2071 σου
746 2002 841 2082 ἀξιον
856 2005 1047 2088 τοῦγένους
1063 2001 1198 2089 εὑρήσει

187 2110 355 2190 νυμφίον·
384 2107 558 2173 καὶταῦτα
576 2103 643 2190 ἀμα
665 2100 796 2181 διεξιών
816 2102 1001 2187 λαβόμενος
1018 2098 1123 2168 αὐτόν
1141 2108 1200 2187 τής

188 2209 297 2283 δεξιάς
310 2197 393 2289 ήγεν
409 2209 454 2282 είς
467 2203 529 2289 τήν
546 2211 656 2272 οἰκίαν
668 2204 724 2269 καὶ
737 2201 799 2286 τήν
814 2226 848 2267 τε
864 2197 984 2267 ούσίαν
997 2198 1126 2285 πολλήν
1137 2193 1200 2265 ού-
1286 2268 1287 2287 χ

188 2324 252 2370 σαν
269 2305 419 2388 ἐνείματο
436 2301 518 2387 πρὸς
535 2301 638 2370 αύτόν
655 2303 709 2368 καὶ
726 2304 864 2366 δεῖπνον
878 2306 1201 2384 παρασκευασθῆναι
1286 2316 1287 2365 4

188 2399 347 2478 κελεύσας
365 2405 467 2468 είστία
478 2399 556 2479 τούς
569 2409 688 2486 φίλους
702 2402 756 2467 καὶ
770 2398 831 2466 τόν
842 2399 1083 2483 Μενεκράτην,
1100 2395 1144 2475 ὡς
1157 2397 1199 2481 δή
1286 2408 1287 2473 ἴ

189 2525 263 2566 τινα
274 2507 341 2566 τῶν
353 2502 493 2584 ἑταίρων
503 2498 667 2576 πεπεικάς
681 2496 867 2584 ὑποστῆναι
880 2505 938 2583 τῆς
948 2497 1052 2581 κόρης
1064 2493 1125 2563 τόν
1135 2496 1200 2581 γά-

189 2623 263 2682 μον.
287 2598 356 2663 ἐπεὶ
372 2597 408 2663 δὲ
424 2599 634 2682 ἐδεδείπνητο
650 2595 763 2674 αύτοῖς
776 2598 831 2663 καὶ
843 2600 1000 2663 ἔσπεισαν
1014 2611 1081 2674 τοῖς
1094 2605 1197 2679 θεοῖς,

178 2697 337 2762 Ιἐνταῦθα
350 2691 390 2780 δή
404 2691 529 2781 μεστήν
540 2694 629 2786 αύτῷ
644 2693 706 2782 τήν
719 2696 846 2780 φιάλην
856 2701 1048 2779 προτείνας,
1063 2698 1198 2777 Δέδεξο,

190 2793 296 2876 εἶπεν,
323 2787 593 2878 ύΜενέκρατες,
617 2791 707 2876 παρά
722 2801 783 2860 τοῦ
801 2800 956 2879 γαμβροῦ
977 2791 1039 2878 τήν
1060 2801 1200 2877 φιλοτη-

189 2901 280 2961 σίαν·
302 2891 421 2978 άξομαι
438 2890 503 2978 γάρ
521 2889 584 2978 ἐγιδ
599 2893 745 2979 τήμερον
759 2891 821 2978 τήν
832 2890 896 2978 σήν
909 2893 1080 2978 θυγατέρα
1092 2894 1200 2957 Κυδι-

189 2993 313 3078 μάχην·
337 2989 398 3076 τὴυ
413 3005 534 3076 προῖκα
550 2992 585 3057 δὲ
600 2992 703 3058 πάλαι
720 3000 856 3077 είληφα,
872 2991 1018 3058 τάλαντα
1034 2995 1131 3057 πέντε
1145 2991 1199 3056 καὶ

190 3101 304 3159 εἴκοσι.
332 3099 393 3157 τοῦ
407 3094 452 3178 δέ,
465 3091 602 3177 Ἄπαγε,
618 3094 783 3175 λέγοντος,
798 3089 842 3176 μή
855 3092 898 3156 σύ
912 3117 962 3176 γε,
978 3083 1200 3174 ἀΖηνόθεμι,

121 3203 171 3257 535
191 3186 235 3276 μὴ
253 3186 341 3256 οὕτω
356 3196 512 3275 μανείην,
540 3186 584 3269 ὡς
600 3193 762 3272 περιιδεῖν
776 3209 814 3256 σε
831 3192 910 3256 νέον
925 3193 978 3258 καλ
995 3187 1101 3257 καλὸν
1118 3188 1201 3256 ὅντα

189 3289 273 3375 κόρη
284 3293 401 3378 αἰσχρᾷ
413 3291 467 3356 καὶ
482 3293 696 3376 λελωβημένῃ
709 3287 1102 3374 συγκαταζευγνύμενον’
1123 3283 1200 3371 ὁδέ,

190 3391 292 3450 ταῦτα
317 3386 512 3472 διεξιόντος,
540 3385 706 3473 ἀράμενος
726 3385 788 3472 τήν
810 3388 950 3473 νύμφην
973 3383 1071 3473 ἀπήει
1092 3389 1124 3464 ἐς
1140 3383 1199 3452 τόν
