<?xml version="1.0" encoding="UTF-8"?>
<!DOCTYPE html PUBLIC "-//W3C//DTD XHTML 1.0 Transitional//EN"
    "http://www.w3.org/TR/xhtml1/DTD/xhtml1-transitional.dtd">
<html xmlns="http://www.w3.org/1999/xhtml" xml:lang="en" lang="en">
 <head>
  <title>
</title>
<meta http-equiv="Content-Type" content="text/html;charset=utf-8" />
  <meta name='ocr-system' content='tesseract 3.04.00' />
  <meta name='ocr-capabilities' content='ocr_page ocr_carea ocr_par ocr_line ocrx_word'/>
</head>
<body>
  <div class='ocr_page' id='page_1' title='image "./operaadoptimoru00jacogoog/operaadoptimoru00jacogoog_0402.png"; bbox 0 0 2575 3842; ppageno 0'>
   <div class='ocr_carea' id='block_1_1' title="bbox 206 213 865 276">
    <p class='ocr_par' dir='ltr' id='par_1_1' title="bbox 206 213 865 276">
     <span class='ocr_line' id='line_1_1' title="bbox 206 213 865 276; baseline -0.005 0"><span class='ocrx_word' id='word_1_1' title='bbox 206 213 269 276; x_wconf 80' lang='lat'><strong><em>354</em></strong></span> <span class='ocrx_word' id='word_1_2' title='bbox 556 215 865 274; x_wconf 76' lang='lat' dir='ltr'><em>AOYRIANOY</em></span> 
     </span>
    </p>
   </div>
   <div class='ocr_carea' id='block_1_2' title="bbox 136 371 1277 3489">
    <p class='ocr_par' dir='ltr' id='par_1_2' title="bbox 205 371 1219 658">
     <span class='ocr_line' id='line_1_2' title="bbox 205 371 1219 464; baseline 0.004 -21"><span class='ocrx_word' id='word_1_3' title='bbox 205 379 384 444; x_wconf 73' lang='grc' dir='ltr'><strong><em>καὶτοῦτο·</em></strong></span> <span class='ocrx_word' id='word_1_4' title='bbox 406 381 436 442; x_wconf 81' lang='grc' dir='ltr'><strong><em>εἰ</em></strong></span> <span class='ocrx_word' id='word_1_5' title='bbox 449 375 511 459; x_wconf 75' lang='grc' dir='ltr'><strong><em>μέν</em></strong></span> <span class='ocrx_word' id='word_1_6' title='bbox 526 371 590 459; x_wconf 82' lang='grc' dir='ltr'><strong><em>γὰρ</em></strong></span> <span class='ocrx_word' id='word_1_7' title='bbox 606 377 639 452; x_wconf 86' lang='grc' dir='ltr'><strong><em>ἐς</em></strong></span> <span class='ocrx_word' id='word_1_8' title='bbox 652 371 713 460; x_wconf 77' lang='grc' dir='ltr'><strong><em>τὴν</em></strong></span> <span class='ocrx_word' id='word_1_9' title='bbox 727 372 813 458; x_wconf 85' lang='grc' dir='ltr'><strong><em>ύλην</em></strong></span> <span class='ocrx_word' id='word_1_10' title='bbox 830 372 1070 462; x_wconf 76' lang='grc' dir='ltr'><em>ἀποβλέποιμι,</em></span> <span class='ocrx_word' id='word_1_11' title='bbox 1093 381 1219 464; x_wconf 85' lang='grc' dir='ltr'><strong><em>χαλκός</em></strong></span> 
     </span>
     <span class='ocr_line' id='line_1_3' title="bbox 205 469 1219 561; baseline 0.001 -17"><span class='ocrx_word' id='word_1_12' title='bbox 205 480 309 558; x_wconf 87' lang='grc' dir='ltr'><strong><em>ἐστιν,</em></strong></span> <span class='ocrx_word' id='word_1_13' title='bbox 326 479 356 542; x_wconf 84' lang='grc' dir='ltr'><strong><em>εί</em></strong></span> <span class='ocrx_word' id='word_1_14' title='bbox 369 476 406 540; x_wconf 77' lang='grc' dir='ltr'><strong><em>δὲ</em></strong></span> <span class='ocrx_word' id='word_1_15' title='bbox 419 479 609 559; x_wconf 77' lang='grc' dir='ltr'><strong><em>λογιζοίμην</em></strong></span> <span class='ocrx_word' id='word_1_16' title='bbox 620 470 681 557; x_wconf 81' lang='grc' dir='ltr'><strong><em>ἀφ’</em></strong></span> <span class='ocrx_word' id='word_1_17' title='bbox 698 469 833 539; x_wconf 88' lang='grc' dir='ltr'><strong><em>ὁπόσων</em></strong></span> <span class='ocrx_word' id='word_1_18' title='bbox 848 473 1021 541; x_wconf 77' lang='grc' dir='ltr'><strong><em>ταλάντων</em></strong></span> <span class='ocrx_word' id='word_1_19' title='bbox 1033 477 1219 561; x_wconf 83' lang='grc' dir='ltr'><strong><em>κεχάλκευ·</em></strong></span> 
     </span>
     <span class='ocr_line' id='line_1_4' title="bbox 205 567 1002 700; baseline -0.003 -59"><span class='ocrx_word' id='word_1_20' title='bbox 205 601 275 658; x_wconf 91' lang='grc' dir='ltr'><strong><em>ται,</em></strong></span> <span class='ocrx_word' id='word_1_21' title='bbox 293 571 378 657; x_wconf 75' lang='grc' dir='ltr'><strong><em>ὑπὲρ</em></strong></span> <span class='ocrx_word' id='word_1_22' title='bbox 396 571 474 650; x_wconf 84' lang='grc' dir='ltr'><strong><em>τούς</em></strong></span> <span class='ocrx_word' id='word_1_23' title='bbox 489 575 869 700; x_wconf 76' lang='grc' dir='ltr'><strong><em>πεντακοσιομεδίμνους</em></strong></span> <span class='ocrx_word' id='word_1_24' title='bbox 884 567 928 638; x_wconf 82' lang='grc' dir='ltr'><strong><em>άν</em></strong></span> <span class='ocrx_word' id='word_1_25' title='bbox 943 581 1002 656; x_wconf 85' lang='grc' dir='ltr'><strong><em>είη.</em></strong></span> 
     </span>
    </p>

    <p class='ocr_par' dir='ltr' id='par_1_3' title="bbox 205 679 1276 1362">
     <span class='ocr_line' id='line_1_5' title="bbox 290 679 1217 768; baseline -0.001 -16"><span class='ocrx_word' id='word_1_26' title='bbox 290 691 414 752; x_wconf 70' lang='grc' dir='ltr'><em>ΖΕΥΣ.</em></span> <span class='ocrx_word' id='word_1_27' title='bbox 442 689 482 749; x_wconf 86' lang='grc' dir='ltr'><strong><em>Τί</em></strong></span> <span class='ocrx_word' id='word_1_28' title='bbox 496 679 561 766; x_wconf 82' lang='grc' dir='ltr'><strong><em>γάρ</em></strong></span> <span class='ocrx_word' id='word_1_29' title='bbox 577 684 643 748; x_wconf 84' lang='grc' dir='ltr'><strong><em>ἔδει</em></strong></span> <span class='ocrx_word' id='word_1_30' title='bbox 661 695 816 764; x_wconf 79' lang='grc' dir='ltr'><strong><em>παρεῖναι</em></strong></span> <span class='ocrx_word' id='word_1_31' title='bbox 831 684 885 748; x_wconf 82' lang='grc' dir='ltr'><strong><em>καὶ</em></strong></span> <span class='ocrx_word' id='word_1_32' title='bbox 902 688 1022 748; x_wconf 88' lang='grc' dir='ltr'><strong><em>τοῦτον</em></strong></span> <span class='ocrx_word' id='word_1_33' title='bbox 1040 685 1217 768; x_wconf 77' lang='grc' dir='ltr'><strong><em>ἐλέγξοντα</em></strong></span> 
     </span>
     <span class='ocr_line' id='line_1_6' title="bbox 205 778 1216 902; baseline 0 -51"><span class='ocrx_word' id='word_1_34' title='bbox 205 783 266 902; x_wconf 81' lang='grc' dir='ltr'><strong><em>τὴη</em></strong></span> <span class='ocrx_word' id='word_1_35' title='bbox 280 789 348 849; x_wconf 82' lang='grc' dir='ltr'><strong><em>τῶν</em></strong></span> <span class='ocrx_word' id='word_1_36' title='bbox 362 779 473 848; x_wconf 76' lang='grc' dir='ltr'><strong><em>ἄλλων</em></strong></span> <span class='ocrx_word' id='word_1_37' title='bbox 484 778 685 864; x_wconf 81' lang='grc' dir='ltr'><strong><em>σμικρότητα</em></strong></span> <span class='ocrx_word' id='word_1_38' title='bbox 696 781 751 846; x_wconf 79' lang='grc' dir='ltr'><strong><em>καὶ</em></strong></span> <span class='ocrx_word' id='word_1_39' title='bbox 762 781 982 895; x_wconf 80' lang='grc' dir='ltr'><strong><em>ἐνοχλήσοντα</em></strong></span> <span class='ocrx_word' id='word_1_40' title='bbox 993 807 1033 868; x_wconf 92' lang='grc' dir='ltr'><strong><em>τη</em></strong></span> <span class='ocrx_word' id='word_1_41' title='bbox 1018 787 1216 873; x_wconf 72' lang='grc' dir='ltr'><strong><em>καθέδρας</em></strong></span> 
     </span>
     <span class='ocr_line' id='line_1_7' title="bbox 205 872 1217 967; baseline -0.001 -19"><span class='ocrx_word' id='word_1_42' title='bbox 205 879 292 967; x_wconf 77' lang='grc' dir='ltr'><strong><em>πλὴν</em></strong></span> <span class='ocrx_word' id='word_1_43' title='bbox 309 878 409 962; x_wconf 82' lang='grc' dir='ltr'><strong><em>ἄλλά,</em></strong></span> <span class='ocrx_word' id='word_1_44' title='bbox 429 906 454 945; x_wconf 86' lang='grc' dir='ltr'><strong><em>ω</em></strong></span> <span class='ocrx_word' id='word_1_45' title='bbox 442 872 600 946; x_wconf 91' lang='grc' dir='ltr'><strong><em>Ῥοδίων</em></strong></span> <span class='ocrx_word' id='word_1_46' title='bbox 616 879 834 962; x_wconf 83' lang='grc' dir='ltr'><strong><em>κράτιστε,εί</em></strong></span> <span class='ocrx_word' id='word_1_47' title='bbox 804 874 931 944; x_wconf 71' lang='lat' dir='ltr'><strong><em>scuaz&#39;</em></strong></span> <span class='ocrx_word' id='word_1_48' title='bbox 912 903 961 944; x_wconf 91' lang='grc' dir='ltr'><strong><em>οτι</em></strong></span> <span class='ocrx_word' id='word_1_49' title='bbox 976 878 1121 960; x_wconf 90' lang='grc' dir='ltr'><strong><em>μαλιστα</em></strong></span> <span class='ocrx_word' id='word_1_50' title='bbox 1133 906 1217 965; x_wconf 91' lang='grc' dir='ltr'><strong><em>προ-</em></strong></span> 
     </span>
     <span class='ocr_line' id='line_1_8' title="bbox 205 973 1216 1097; baseline -0.001 -49"><span class='ocrx_word' id='word_1_51' title='bbox 205 981 353 1067; x_wconf 83' lang='grc' dir='ltr'><strong><em>τιμητέος</em></strong></span> <span class='ocrx_word' id='word_1_52' title='bbox 369 977 397 1046; x_wconf 83' lang='grc' dir='ltr'><strong><em>εί</em></strong></span> <span class='ocrx_word' id='word_1_53' title='bbox 411 985 478 1046; x_wconf 80' lang='grc' dir='ltr'><strong><em>τῶν</em></strong></span> <span class='ocrx_word' id='word_1_54' title='bbox 492 985 644 1097; x_wconf 79' lang='grc' dir='ltr'><strong><em>χργσοῑν,</em></strong></span> <span class='ocrx_word' id='word_1_55' title='bbox 662 985 731 1055; x_wconf 74' lang='grc' dir='ltr'><strong><em>πῶς</em></strong></span> <span class='ocrx_word' id='word_1_56' title='bbox 746 973 789 1044; x_wconf 79' lang='grc' dir='ltr'><strong><em>όν</em></strong></span> <span class='ocrx_word' id='word_1_57' title='bbox 803 1004 857 1045; x_wconf 89' lang='grc' dir='ltr'><strong><em>και</em></strong></span> <span class='ocrx_word' id='word_1_58' title='bbox 847 976 1108 1063; x_wconf 77' lang='grc' dir='ltr'><strong><em>προεδρεύοις,</em></strong></span> <span class='ocrx_word' id='word_1_59' title='bbox 1128 978 1214 1047; x_wconf 85' lang='grc' dir='ltr'><strong><em>εί</em></strong></span> <span class='ocrx_word' id='word_1_60' title='bbox 1174 1007 1216 1064; x_wconf 87' lang='grc' dir='ltr'><strong><em>μη</em></strong></span> 
     </span>
     <span class='ocr_line' id='line_1_9' title="bbox 205 1073 1216 1166; baseline -0.002 -20"><span class='ocrx_word' id='word_1_61' title='bbox 205 1073 315 1166; x_wconf 81' lang='grc' dir='ltr'><strong><em>δεησει</em></strong></span> <span class='ocrx_word' id='word_1_62' title='bbox 327 1075 543 1164; x_wconf 80' lang='grc' dir='ltr'><strong><em>άναστηναι’</em></strong></span> <span class='ocrx_word' id='word_1_63' title='bbox 522 1103 680 1162; x_wconf 88' lang='grc' dir='ltr'><strong><em>απαντας,</em></strong></span> <span class='ocrx_word' id='word_1_64' title='bbox 693 1104 736 1156; x_wconf 89' lang='grc' dir='ltr'><strong><em>ως</em></strong></span> <span class='ocrx_word' id='word_1_65' title='bbox 745 1078 847 1163; x_wconf 86' lang='grc' dir='ltr'><strong><em>μόνος</em></strong></span> <span class='ocrx_word' id='word_1_66' title='bbox 857 1075 1058 1156; x_wconf 80' lang='grc' dir='ltr'><strong><em>καθέζοιο</em></strong></span> <span class='ocrx_word' id='word_1_67' title='bbox 1022 1103 1085 1162; x_wconf 90' lang='grc' dir='ltr'><strong><em>την</em></strong></span> <span class='ocrx_word' id='word_1_68' title='bbox 1093 1080 1216 1144; x_wconf 84' lang='grc' dir='ltr'><strong><em>Πνύκα</em></strong></span> 
     </span>
     <span class='ocr_line' id='line_1_10' title="bbox 206 1172 1214 1264; baseline -0.002 -20"><span class='ocrx_word' id='word_1_69' title='bbox 206 1175 289 1261; x_wconf 81' lang='grc' dir='ltr'><strong><em>ὅλην</em></strong></span> <span class='ocrx_word' id='word_1_70' title='bbox 304 1179 430 1264; x_wconf 76' lang='grc' dir='ltr'><strong><em>θατέρᾳ</em></strong></span> <span class='ocrx_word' id='word_1_71' title='bbox 444 1183 512 1242; x_wconf 79' lang='grc' dir='ltr'><strong><em>τῶν</em></strong></span> <span class='ocrx_word' id='word_1_72' title='bbox 524 1183 641 1262; x_wconf 78' lang='grc' dir='ltr'><strong><em>πυγῶν</em></strong></span> <span class='ocrx_word' id='word_1_73' title='bbox 657 1175 839 1261; x_wconf 81' lang='grc' dir='ltr'><strong><em>ἐπιλαβόν;</em></strong></span> <span class='ocrx_word' id='word_1_74' title='bbox 863 1173 946 1241; x_wconf 72' lang='grc' dir='ltr'><strong><em>ὥστε</em></strong></span> <span class='ocrx_word' id='word_1_75' title='bbox 961 1172 1101 1260; x_wconf 86' lang='grc' dir='ltr'><strong><em>άμεινον</em></strong></span> <span class='ocrx_word' id='word_1_76' title='bbox 1118 1177 1214 1260; x_wconf 81' lang='grc' dir='ltr'><strong><em>ποιη-</em></strong></span> 
     </span>
     <span class='ocr_line' id='line_1_11' title="bbox 207 1268 1276 1362; baseline 0 -22"><span class='ocrx_word' id='word_1_77' title='bbox 207 1294 275 1351; x_wconf 88' lang='grc' dir='ltr'><strong><em>σεις</em></strong></span> <span class='ocrx_word' id='word_1_78' title='bbox 287 1270 500 1359; x_wconf 79' lang='grc' dir='ltr'><strong><em>ὀρθοστάδην</em></strong></span> <span class='ocrx_word' id='word_1_79' title='bbox 512 1273 748 1358; x_wconf 79' lang='grc' dir='ltr'><strong><em>ἐκκλησιάζων,</em></strong></span> <span class='ocrx_word' id='word_1_80' title='bbox 761 1268 970 1357; x_wconf 74' lang='grc' dir='ltr'><strong><em>ἐπικεκνφοὸς</em></strong></span> <span class='ocrx_word' id='word_1_81' title='bbox 979 1278 1025 1359; x_wconf 75' lang='grc' dir='ltr'><strong><em>τῷ</em></strong></span> <span class='ocrx_word' id='word_1_82' title='bbox 1036 1277 1213 1362; x_wconf 79' lang='grc' dir='ltr'><strong><em>συνεδρίῳ.</em></strong></span> <span class='ocrx_word' id='word_1_83' title='bbox 1275 1278 1276 1287; x_wconf 73' lang='grc'>’</span> 
     </span>
    </p>

    <p class='ocr_par' dir='ltr' id='par_1_4' title="bbox 138 1381 1216 1966">
     <span class='ocr_line' id='line_1_12' title="bbox 138 1381 1215 1455; baseline -0.008 0"><span class='ocrx_word' id='word_1_84' title='bbox 138 1401 188 1455; x_wconf 82' lang='lat'><strong><em>655</em></strong></span> <span class='ocrx_word' id='word_1_85' title='bbox 291 1388 341 1450; x_wconf 69' lang='lat'><strong><em>12.</em></strong></span> <span class='ocrx_word' id='word_1_86' title='bbox 365 1391 468 1450; x_wconf 88' lang='lat' dir='ltr'><em>EPM.</em></span> <span class='ocrx_word' id='word_1_87' title='bbox 496 1381 580 1452; x_wconf 82' lang='grc' dir='ltr'><strong><em>Ἰδοδ</em></strong></span> <span class='ocrx_word' id='word_1_88' title='bbox 604 1381 705 1450; x_wconf 90' lang='grc' dir='ltr'><strong><em>πάλιν</em></strong></span> <span class='ocrx_word' id='word_1_89' title='bbox 728 1381 809 1450; x_wconf 83' lang='grc' dir='ltr'><strong><em>άλλο</em></strong></span> <span class='ocrx_word' id='word_1_90' title='bbox 833 1382 1000 1451; x_wconf 91' lang='grc' dir='ltr'><strong><em>δύσλυτον</em></strong></span> <span class='ocrx_word' id='word_1_91' title='bbox 1022 1385 1077 1450; x_wconf 83' lang='grc' dir='ltr'><strong><em>καὶ</em></strong></span> <span class='ocrx_word' id='word_1_92' title='bbox 1097 1389 1215 1449; x_wconf 76' lang='grc' dir='ltr'><strong><em>τοῦτο·</em></strong></span> 
     </span>
     <span class='ocr_line' id='line_1_13' title="bbox 205 1481 1213 1570; baseline -0.002 -18"><span class='ocrx_word' id='word_1_93' title='bbox 205 1491 314 1570; x_wconf 79' lang='grc' dir='ltr'><strong><em>χαλκῶ</em></strong></span> <span class='ocrx_word' id='word_1_94' title='bbox 334 1482 394 1568; x_wconf 80' lang='grc' dir='ltr'><strong><em>μὸυ</em></strong></span> <span class='ocrx_word' id='word_1_95' title='bbox 415 1481 480 1569; x_wconf 85' lang='grc' dir='ltr'><strong><em>γάρ</em></strong></span> <span class='ocrx_word' id='word_1_96' title='bbox 502 1482 678 1568; x_wconf 87' lang='grc' dir='ltr'><strong><em>άμφοτέρω</em></strong></span> <span class='ocrx_word' id='word_1_97' title='bbox 699 1481 795 1550; x_wconf 85' lang='grc' dir='ltr'><strong><em>ἐστόν</em></strong></span> <span class='ocrx_word' id='word_1_98' title='bbox 811 1485 867 1550; x_wconf 83' lang='grc' dir='ltr'><strong><em>καὶ</em></strong></span> <span class='ocrx_word' id='word_1_99' title='bbox 887 1485 1001 1569; x_wconf 85' lang='grc' dir='ltr'><strong><em>τέχνης</em></strong></span> <span class='ocrx_word' id='word_1_100' title='bbox 1022 1489 1079 1568; x_wconf 78' lang='grc' dir='ltr'><strong><em>τῆς</em></strong></span> <span class='ocrx_word' id='word_1_101' title='bbox 1100 1481 1213 1568; x_wconf 78' lang='grc' dir='ltr'><strong><em>αὐτῆς,</em></strong></span> 
     </span>
     <span class='ocr_line' id='line_1_14' title="bbox 205 1576 1215 1667; baseline -0.006 -17"><span class='ocrx_word' id='word_1_102' title='bbox 205 1588 383 1650; x_wconf 79' lang='grc' dir='ltr'><strong><em>Λυσίππου</em></strong></span> <span class='ocrx_word' id='word_1_103' title='bbox 401 1581 557 1664; x_wconf 84' lang='grc' dir='ltr'><strong><em>ἑκάτερον</em></strong></span> <span class='ocrx_word' id='word_1_104' title='bbox 571 1578 607 1648; x_wconf 89' lang='grc' dir='ltr'><strong><em>τὸ</em></strong></span> <span class='ocrx_word' id='word_1_105' title='bbox 624 1587 740 1667; x_wconf 81' lang='grc' dir='ltr'><strong><em>ἔργον,</em></strong></span> <span class='ocrx_word' id='word_1_106' title='bbox 758 1583 811 1647; x_wconf 82' lang='grc' dir='ltr'><strong><em>καὶ</em></strong></span> <span class='ocrx_word' id='word_1_107' title='bbox 826 1577 862 1647; x_wconf 91' lang='grc' dir='ltr'><strong><em>τὸ</em></strong></span> <span class='ocrx_word' id='word_1_108' title='bbox 878 1584 1048 1664; x_wconf 88' lang='grc' dir='ltr'><strong><em>μέγιστον,</em></strong></span> <span class='ocrx_word' id='word_1_109' title='bbox 1065 1576 1215 1664; x_wconf 89' lang='grc' dir='ltr'><strong><em>ὁμοτίμω</em></strong></span> 
     </span>
     <span class='ocr_line' id='line_1_15' title="bbox 205 1677 1216 1765; baseline 0 -19"><span class='ocrx_word' id='word_1_110' title='bbox 205 1678 245 1746; x_wconf 82' lang='grc' dir='ltr'><strong><em>τὰ</em></strong></span> <span class='ocrx_word' id='word_1_111' title='bbox 262 1682 294 1758; x_wconf 86' lang='grc' dir='ltr'><strong><em>ἐς</em></strong></span> <span class='ocrx_word' id='word_1_112' title='bbox 308 1683 420 1764; x_wconf 86' lang='grc' dir='ltr'><strong><em>γένος,</em></strong></span> <span class='ocrx_word' id='word_1_113' title='bbox 442 1677 499 1747; x_wconf 83' lang='grc' dir='ltr'><strong><em>άτε</em></strong></span> <span class='ocrx_word' id='word_1_114' title='bbox 515 1678 555 1765; x_wconf 81' lang='grc' dir='ltr'><strong><em>δη</em></strong></span> <span class='ocrx_word' id='word_1_115' title='bbox 571 1678 655 1759; x_wconf 83' lang='grc' dir='ltr'><strong><em>Διὸς</em></strong></span> <span class='ocrx_word' id='word_1_116' title='bbox 670 1686 783 1763; x_wconf 76' lang='grc' dir='ltr'><strong><em>παῖδε,</em></strong></span> <span class='ocrx_word' id='word_1_117' title='bbox 808 1678 825 1747; x_wconf 91' lang='grc' dir='ltr'><strong><em>ὁ</em></strong></span> <span class='ocrx_word' id='word_1_118' title='bbox 840 1681 1009 1757; x_wconf 87' lang='grc' dir='ltr'><strong><em>Διόνυσος</em></strong></span> <span class='ocrx_word' id='word_1_119' title='bbox 1026 1677 1144 1748; x_wconf 82' lang='grc' dir='ltr'><strong><em>οὑτοσὶ</em></strong></span> <span class='ocrx_word' id='word_1_120' title='bbox 1162 1682 1216 1746; x_wconf 83' lang='grc' dir='ltr'><strong><em>καὶ</em></strong></span> 
     </span>
     <span class='ocr_line' id='line_1_16' title="bbox 200 1771 1213 1863; baseline 0.002 -21"><span class='ocrx_word' id='word_1_121' title='bbox 200 1776 373 1860; x_wconf 81' lang='grc' dir='ltr'><strong><em>Ἡρακλῆς.</em></strong></span> <span class='ocrx_word' id='word_1_122' title='bbox 403 1778 540 1860; x_wconf 85' lang='grc' dir='ltr'><strong><em>πότερος</em></strong></span> <span class='ocrx_word' id='word_1_123' title='bbox 554 1771 617 1846; x_wconf 83' lang='grc' dir='ltr'><strong><em>οὖν</em></strong></span> <span class='ocrx_word' id='word_1_124' title='bbox 634 1777 745 1847; x_wconf 78' lang='grc' dir='ltr'><strong><em>αὐτῶν</em></strong></span> <span class='ocrx_word' id='word_1_125' title='bbox 766 1783 1037 1862; x_wconf 76' lang='grc' dir='ltr'><strong><em>προκαθεδείταις</em></strong></span> <span class='ocrx_word' id='word_1_126' title='bbox 1061 1783 1213 1863; x_wconf 80' lang='grc' dir='ltr'><strong><em>φιλονει-</em></strong></span> 
     </span>
     <span class='ocr_line' id='line_1_17' title="bbox 206 1873 563 1966; baseline 0.006 -24"><span class='ocrx_word' id='word_1_127' title='bbox 206 1880 302 1942; x_wconf 85' lang='grc' dir='ltr'><strong><em>κοῦσι</em></strong></span> <span class='ocrx_word' id='word_1_128' title='bbox 319 1875 400 1960; x_wconf 84' lang='grc' dir='ltr'><strong><em>γάρ,</em></strong></span> <span class='ocrx_word' id='word_1_129' title='bbox 418 1873 461 1954; x_wconf 81' lang='grc' dir='ltr'><strong><em>ὡς</em></strong></span> <span class='ocrx_word' id='word_1_130' title='bbox 476 1874 563 1966; x_wconf 78' lang='grc' dir='ltr'><strong><em>ὁρᾷς.</em></strong></span> 
     </span>
    </p>

    <p class='ocr_par' dir='ltr' id='par_1_5' title="bbox 205 1977 1277 2457">
     <span class='ocr_line' id='line_1_18' title="bbox 290 1977 1211 2074; baseline -0.005 -20"><span class='ocrx_word' id='word_1_131' title='bbox 290 1995 415 2054; x_wconf 75' lang='grc' dir='ltr'><em>ΖΕΥΣ.</em></span> <span class='ocrx_word' id='word_1_132' title='bbox 438 1996 679 2074; x_wconf 83' lang='grc' dir='ltr'><strong><em>Διατρίβομεν,</em></strong></span> <span class='ocrx_word' id='word_1_133' title='bbox 697 1977 724 2052; x_wconf 69' lang='grc' dir='ltr'><strong><em>οἷ</em></strong></span> <span class='ocrx_word' id='word_1_134' title='bbox 740 1982 855 2072; x_wconf 80' lang='grc' dir='ltr'><strong><em>Ἑρμῆ,</em></strong></span> <span class='ocrx_word' id='word_1_135' title='bbox 879 1986 979 2052; x_wconf 90' lang='grc' dir='ltr'><strong><em>πάλαι</em></strong></span> <span class='ocrx_word' id='word_1_136' title='bbox 996 1986 1073 2051; x_wconf 91' lang='grc' dir='ltr'><strong><em>δέον</em></strong></span> <span class='ocrx_word' id='word_1_137' title='bbox 1095 1986 1211 2068; x_wconf 86' lang='grc' dir='ltr'><strong><em>ἐκκλη-</em></strong></span> 
     </span>
     <span class='ocr_line' id='line_1_19' title="bbox 206 2077 1277 2178; baseline -0.007 -24"><span class='ocrx_word' id='word_1_138' title='bbox 206 2087 344 2166; x_wconf 83' lang='grc' dir='ltr'><strong><em>σιάζειν·</em></strong></span> <span class='ocrx_word' id='word_1_139' title='bbox 369 2085 451 2153; x_wconf 79' lang='grc' dir='ltr'><strong><em>άστε</em></strong></span> <span class='ocrx_word' id='word_1_140' title='bbox 463 2093 528 2154; x_wconf 86' lang='grc' dir='ltr'><strong><em>νύν</em></strong></span> <span class='ocrx_word' id='word_1_141' title='bbox 539 2087 600 2173; x_wconf 72' lang='grc' dir='ltr'><strong><em>μὲν</em></strong></span> <span class='ocrx_word' id='word_1_142' title='bbox 615 2084 734 2168; x_wconf 75' lang='grc' dir='ltr'><strong><em>ἀναμὶξ</em></strong></span> <span class='ocrx_word' id='word_1_143' title='bbox 748 2083 970 2168; x_wconf 77' lang='grc' dir='ltr'><strong><em>καθιζόντων,</em></strong></span> <span class='ocrx_word' id='word_1_144' title='bbox 990 2078 1065 2150; x_wconf 81' lang='grc' dir='ltr'><strong><em>ἐνθ’</em></strong></span> <span class='ocrx_word' id='word_1_145' title='bbox 1079 2077 1125 2148; x_wconf 72' lang='grc' dir='ltr'><strong><em>ἄν</em></strong></span> <span class='ocrx_word' id='word_1_146' title='bbox 1137 2084 1208 2148; x_wconf 82' lang='grc' dir='ltr'><strong><em>ἕκα-</em></strong></span> <span class='ocrx_word' id='word_1_147' title='bbox 1275 2144 1277 2178; x_wconf 54' lang='grc'><strong><em>,</em></strong></span> 
     </span>
     <span class='ocr_line' id='line_1_20' title="bbox 206 2180 1277 2267; baseline -0.005 -16"><span class='ocrx_word' id='word_1_148' title='bbox 206 2204 280 2262; x_wconf 88' lang='grc' dir='ltr'><strong><em>στος</em></strong></span> <span class='ocrx_word' id='word_1_149' title='bbox 297 2186 424 2266; x_wconf 82' lang='grc' dir='ltr'><strong><em>ἐθέλοι,</em></strong></span> <span class='ocrx_word' id='word_1_150' title='bbox 449 2185 586 2261; x_wconf 81' lang='grc' dir='ltr'><strong><em>ἐσαῦθις</em></strong></span> <span class='ocrx_word' id='word_1_151' title='bbox 601 2183 636 2249; x_wconf 76' lang='grc' dir='ltr'><strong><em>δὲ</em></strong></span> <span class='ocrx_word' id='word_1_152' title='bbox 656 2180 903 2267; x_wconf 82' lang='grc' dir='ltr'><strong><em>άποδοθήσεται</em></strong></span> <span class='ocrx_word' id='word_1_153' title='bbox 918 2182 992 2263; x_wconf 85' lang='grc' dir='ltr'><strong><em>περὶ</em></strong></span> <span class='ocrx_word' id='word_1_154' title='bbox 1011 2180 1143 2246; x_wconf 89' lang='grc' dir='ltr'><strong><em>τούτων</em></strong></span> <span class='ocrx_word' id='word_1_155' title='bbox 1160 2183 1215 2246; x_wconf 90' lang='grc' dir='ltr'><strong><em>ἐκ·</em></strong></span> <span class='ocrx_word' id='word_1_156' title='bbox 1275 2181 1277 2255; x_wconf 70' lang='grc' dir='ltr'>ἶ</span> 
     </span>
     <span class='ocr_line' id='line_1_21' title="bbox 205 2275 1215 2368; baseline -0.011 -17"><span class='ocrx_word' id='word_1_157' title='bbox 205 2290 338 2368; x_wconf 89' lang='grc' dir='ltr'><strong><em>κλησία,</em></strong></span> <span class='ocrx_word' id='word_1_158' title='bbox 359 2281 450 2368; x_wconf 80' lang='grc' dir='ltr'><strong><em>κύγοὸ</em></strong></span> <span class='ocrx_word' id='word_1_159' title='bbox 473 2293 599 2368; x_wconf 82' lang='grc' dir='ltr'><strong><em>είσομαι</em></strong></span> <span class='ocrx_word' id='word_1_160' title='bbox 614 2281 688 2348; x_wconf 85' lang='grc' dir='ltr'><strong><em>τότε</em></strong></span> <span class='ocrx_word' id='word_1_161' title='bbox 708 2276 827 2364; x_wconf 77' lang='grc' dir='ltr'><strong><em>ἥντινα</em></strong></span> <span class='ocrx_word' id='word_1_162' title='bbox 846 2276 907 2365; x_wconf 82' lang='grc' dir='ltr'><strong><em>χρὴ</em></strong></span> <span class='ocrx_word' id='word_1_163' title='bbox 928 2278 1136 2364; x_wconf 78' lang='grc' dir='ltr'><strong><em>ποιήσασθαι</em></strong></span> <span class='ocrx_word' id='word_1_164' title='bbox 1153 2275 1215 2361; x_wconf 83' lang='grc' dir='ltr'><strong><em>τὴν</em></strong></span> 
     </span>
     <span class='ocr_line' id='line_1_22' title="bbox 205 2377 504 2457; baseline 0.02 -14"><span class='ocrx_word' id='word_1_165' title='bbox 205 2379 297 2456; x_wconf 84' lang='grc' dir='ltr'><strong><em>τάξιν</em></strong></span> <span class='ocrx_word' id='word_1_166' title='bbox 312 2379 365 2445; x_wconf 88' lang='grc' dir='ltr'><strong><em>ἐπ’</em></strong></span> <span class='ocrx_word' id='word_1_167' title='bbox 383 2377 504 2457; x_wconf 80' lang='grc' dir='ltr'><strong><em>αὐτοῖς.</em></strong></span> 
     </span>
    </p>

    <p class='ocr_par' dir='ltr' id='par_1_6' title="bbox 204 2464 1277 2672">
     <span class='ocr_line' id='line_1_23' title="bbox 288 2464 1277 2574; baseline 0.001 -19"><span class='ocrx_word' id='word_1_168' title='bbox 288 2493 337 2555; x_wconf 83' lang='grc'><strong><em>13.</em></strong></span> <span class='ocrx_word' id='word_1_169' title='bbox 356 2495 460 2555; x_wconf 85' lang='grc' dir='ltr'><strong>ΕΡΜ.</strong></span> <span class='ocrx_word' id='word_1_170' title='bbox 480 2485 780 2572; x_wconf 83' lang='grc' dir='ltr'><strong><em>Ἀλλ’,Ἡράκλεις,</em></strong></span> <span class='ocrx_word' id='word_1_171' title='bbox 799 2482 843 2563; x_wconf 80' lang='grc' dir='ltr'><strong><em>ὡς</em></strong></span> <span class='ocrx_word' id='word_1_172' title='bbox 854 2493 1043 2574; x_wconf 76' lang='grc' dir='ltr'><strong><em>θορυβοῦσι</em></strong></span> <span class='ocrx_word' id='word_1_173' title='bbox 1059 2484 1099 2554; x_wconf 80' lang='grc' dir='ltr'><strong><em>τά</em></strong></span> <span class='ocrx_word' id='word_1_174' title='bbox 1115 2488 1214 2556; x_wconf 76' lang='grc' dir='ltr'><strong><em>κοινὰ</em></strong></span> <span class='ocrx_word' id='word_1_175' title='bbox 1275 2464 1277 2533; x_wconf 45' lang='grc' dir='ltr'><strong><em>ὁ</em></strong></span> 
     </span>
     <span class='ocr_line' id='line_1_24' title="bbox 204 2583 1214 2672; baseline 0.002 -21"><span class='ocrx_word' id='word_1_176' title='bbox 204 2583 309 2651; x_wconf 77' lang='grc' dir='ltr'><strong><em>καὶτὰ</em></strong></span> <span class='ocrx_word' id='word_1_177' title='bbox 321 2583 403 2653; x_wconf 86' lang='grc' dir='ltr'><strong><em>καθ’</em></strong></span> <span class='ocrx_word' id='word_1_178' title='bbox 416 2584 543 2672; x_wconf 79' lang='grc' dir='ltr'><strong><em>ἡμέραν</em></strong></span> <span class='ocrx_word' id='word_1_179' title='bbox 554 2595 657 2653; x_wconf 83' lang='grc' dir='ltr'><strong><em>ταῦτα</em></strong></span> <span class='ocrx_word' id='word_1_180' title='bbox 668 2593 822 2672; x_wconf 80' lang='grc' dir='ltr'><strong><em>βοῶντες,</em></strong></span> <span class='ocrx_word' id='word_1_181' title='bbox 834 2585 1018 2670; x_wconf 88' lang='grc' dir='ltr'><strong><em>Διανομάς,</em></strong></span> <span class='ocrx_word' id='word_1_182' title='bbox 1035 2588 1214 2672; x_wconf 87' lang='grc' dir='ltr'><strong><em>διανομάς·</em></strong></span> 
     </span>
    </p>

    <p class='ocr_par' dir='ltr' id='par_1_7' title="bbox 136 2614 1277 2966">
     <span class='ocr_line' id='line_1_25' title="bbox 136 2614 1277 2770; baseline -0.006 -13"><span class='ocrx_word' id='word_1_183' title='bbox 136 2703 187 2757; x_wconf 79' lang='lat'><strong><em>656</em></strong></span> <span class='ocrx_word' id='word_1_184' title='bbox 205 2689 272 2751; x_wconf 84' lang='grc' dir='ltr'><strong><em>ποῦ</em></strong></span> <span class='ocrx_word' id='word_1_185' title='bbox 287 2680 323 2752; x_wconf 85' lang='grc' dir='ltr'><strong><em>τό</em></strong></span> <span class='ocrx_word' id='word_1_186' title='bbox 339 2687 475 2766; x_wconf 90' lang='grc' dir='ltr'><strong><em>νέκταρ,</em></strong></span> <span class='ocrx_word' id='word_1_187' title='bbox 495 2692 560 2750; x_wconf 85' lang='grc' dir='ltr'><strong><em>πού</em></strong></span> <span class='ocrx_word' id='word_1_188' title='bbox 573 2684 610 2751; x_wconf 86' lang='grc' dir='ltr'><strong><em>τό</em></strong></span> <span class='ocrx_word' id='word_1_189' title='bbox 628 2688 764 2770; x_wconf 84' lang='grc' dir='ltr'><strong><em>νέκταρ;</em></strong></span> <span class='ocrx_word' id='word_1_190' title='bbox 785 2680 806 2769; x_wconf 78' lang='grc' dir='ltr'><em>ἡ</em></span> <span class='ocrx_word' id='word_1_191' title='bbox 822 2681 986 2769; x_wconf 80' lang='grc' dir='ltr'><strong><em>ἀμβροσία</em></strong></span> <span class='ocrx_word' id='word_1_192' title='bbox 1002 2686 1178 2770; x_wconf 82' lang='grc' dir='ltr'><strong><em>ἐπέλιπεν,</em></strong></span> <span class='ocrx_word' id='word_1_193' title='bbox 1195 2684 1215 2770; x_wconf 79' lang='grc' dir='ltr'><em>ἡ</em></span> <span class='ocrx_word' id='word_1_194' title='bbox 1243 2677 1247 2684; x_wconf 69' lang='grc'><em>’</em></span> <span class='ocrx_word' id='word_1_195' title='bbox 1275 2614 1277 2763; x_wconf 73' lang='grc' dir='ltr'>Ι</span> 
     </span>
     <span class='ocr_line' id='line_1_26' title="bbox 205 2779 1216 2871; baseline 0.003 -22"><span class='ocrx_word' id='word_1_196' title='bbox 205 2779 369 2870; x_wconf 75' lang='grc' dir='ltr'><strong><em>ἀμβροσία</em></strong></span> <span class='ocrx_word' id='word_1_197' title='bbox 384 2784 551 2851; x_wconf 82' lang='grc' dir='ltr'><strong><em>ἐπέλιπεν·</em></strong></span> <span class='ocrx_word' id='word_1_198' title='bbox 582 2791 648 2850; x_wconf 85' lang='grc' dir='ltr'><strong><em>ποῦ</em></strong></span> <span class='ocrx_word' id='word_1_199' title='bbox 664 2789 701 2852; x_wconf 89' lang='grc' dir='ltr'><strong><em>αί</em></strong></span> <span class='ocrx_word' id='word_1_200' title='bbox 714 2785 908 2871; x_wconf 76' lang='grc' dir='ltr'><strong><em>ἑκατόμβαι,</em></strong></span> <span class='ocrx_word' id='word_1_201' title='bbox 931 2790 997 2850; x_wconf 80' lang='grc' dir='ltr'><strong><em>πού</em></strong></span> <span class='ocrx_word' id='word_1_202' title='bbox 1017 2788 1054 2850; x_wconf 80' lang='grc' dir='ltr'><strong><em>αἱ</em></strong></span> <span class='ocrx_word' id='word_1_203' title='bbox 1071 2786 1216 2871; x_wconf 85' lang='grc' dir='ltr'><strong><em>ἑκατόμ-</em></strong></span> 
     </span>
     <span class='ocr_line' id='line_1_27' title="bbox 205 2878 629 2966; baseline 0.005 -19"><span class='ocrx_word' id='word_1_204' title='bbox 205 2889 278 2966; x_wconf 71' lang='grc' dir='ltr'><strong><em>βαις</em></strong></span> <span class='ocrx_word' id='word_1_205' title='bbox 301 2878 416 2960; x_wconf 76' lang='grc' dir='ltr'><strong><em>κοινὰς</em></strong></span> <span class='ocrx_word' id='word_1_206' title='bbox 430 2879 487 2960; x_wconf 75' lang='grc' dir='ltr'><strong><em>τὰς</em></strong></span> <span class='ocrx_word' id='word_1_207' title='bbox 499 2889 629 2960; x_wconf 86' lang='grc' dir='ltr'><strong><em>θυσίας.</em></strong></span> 
     </span>
    </p>

    <p class='ocr_par' dir='ltr' id='par_1_8' title="bbox 206 2989 1217 3180">
     <span class='ocr_line' id='line_1_28' title="bbox 290 2989 1217 3081; baseline 0.002 -21"><span class='ocrx_word' id='word_1_208' title='bbox 290 3000 415 3060; x_wconf 67' lang='grc' dir='ltr'><strong><em>ΖΕΥΣ.</em></strong></span> <span class='ocrx_word' id='word_1_209' title='bbox 433 3000 667 3081; x_wconf 86' lang='grc' dir='ltr'><strong><em>Κατασίγησον</em></strong></span> <span class='ocrx_word' id='word_1_210' title='bbox 681 2994 814 3080; x_wconf 86' lang='grc' dir='ltr'><strong><em>αύτούς,</em></strong></span> <span class='ocrx_word' id='word_1_211' title='bbox 831 2989 979 3081; x_wconf 76' lang='grc' dir='ltr'><strong><em>οὸἘρμῆ,</em></strong></span> <span class='ocrx_word' id='word_1_212' title='bbox 997 2991 1041 3073; x_wconf 80' lang='grc' dir='ltr'><strong><em>ὡς</em></strong></span> <span class='ocrx_word' id='word_1_213' title='bbox 1055 2996 1217 3081; x_wconf 87' lang='grc' dir='ltr'><strong><em>μάθωσιν</em></strong></span> 
     </span>
     <span class='ocr_line' id='line_1_29' title="bbox 206 3089 1186 3180; baseline 0.004 -22"><span class='ocrx_word' id='word_1_214' title='bbox 206 3089 286 3158; x_wconf 85' lang='grc' dir='ltr'><strong><em>ότον</em></strong></span> <span class='ocrx_word' id='word_1_215' title='bbox 303 3093 399 3159; x_wconf 80' lang='grc' dir='ltr'><strong><em>ἕνεκα</em></strong></span> <span class='ocrx_word' id='word_1_216' title='bbox 413 3095 634 3179; x_wconf 79' lang='grc' dir='ltr'><strong><em>ξυνελέγησαν</em></strong></span> <span class='ocrx_word' id='word_1_217' title='bbox 648 3091 726 3172; x_wconf 84' lang='grc' dir='ltr'><strong><em>τούς</em></strong></span> <span class='ocrx_word' id='word_1_218' title='bbox 740 3095 864 3180; x_wconf 83' lang='grc' dir='ltr'><strong><em>λήρους</em></strong></span> <span class='ocrx_word' id='word_1_219' title='bbox 879 3094 1018 3174; x_wconf 84' lang='grc' dir='ltr'><strong><em>τούτους</em></strong></span> <span class='ocrx_word' id='word_1_220' title='bbox 1031 3092 1186 3179; x_wconf 79' lang='grc' dir='ltr'><strong><em>ἀφέντες.</em></strong></span> 
     </span>
    </p>

    <p class='ocr_par' dir='ltr' id='par_1_9' title="bbox 206 3201 1276 3593">
     <span class='ocr_line' id='line_1_30' title="bbox 290 3201 1276 3294; baseline 0.001 -22"><span class='ocrx_word' id='word_1_221' title='bbox 290 3211 393 3272; x_wconf 88' lang='grc' dir='ltr'><strong>ΕΡΜ.</strong></span> <span class='ocrx_word' id='word_1_222' title='bbox 418 3202 527 3291; x_wconf 84' lang='grc' dir='ltr'><strong><em>ούχ’</em></strong></span> <span class='ocrx_word' id='word_1_223' title='bbox 505 3230 664 3293; x_wconf 83' lang='grc' dir='ltr'><strong><em>απαντες,</em></strong></span> <span class='ocrx_word' id='word_1_224' title='bbox 688 3233 713 3273; x_wconf 94' lang='grc' dir='ltr'><strong><em>ω</em></strong></span> <span class='ocrx_word' id='word_1_225' title='bbox 702 3201 812 3293; x_wconf 84' lang='grc' dir='ltr'><strong><em>Ζεῦ,</em></strong></span> <span class='ocrx_word' id='word_1_226' title='bbox 832 3235 894 3294; x_wconf 93' lang='grc' dir='ltr'><strong><em>την</em></strong></span> <span class='ocrx_word' id='word_1_227' title='bbox 909 3205 1076 3293; x_wconf 84' lang='grc' dir='ltr'><strong><em>Ελλήνων</em></strong></span> <span class='ocrx_word' id='word_1_228' title='bbox 1092 3207 1276 3293; x_wconf 83' lang='grc' dir='ltr'><strong><em>φωνην</em></strong></span> 
     </span>
     <span class='ocr_line' id='line_1_31' title="bbox 206 3302 1212 3410; baseline 0.005 -43"><span class='ocrx_word' id='word_1_229' title='bbox 206 3309 375 3379; x_wconf 84' lang='grc' dir='ltr'><strong><em>ξυνιᾶσιν·</em></strong></span> <span class='ocrx_word' id='word_1_230' title='bbox 405 3305 468 3410; x_wconf 88' lang='grc' dir='ltr'><strong><em>ε’γω</em></strong></span> <span class='ocrx_word' id='word_1_231' title='bbox 457 3302 576 3370; x_wconf 72' lang='grc' dir='ltr'><strong><em>δὲ’</em></strong></span> <span class='ocrx_word' id='word_1_232' title='bbox 538 3330 578 3370; x_wconf 92' lang='grc' dir='ltr'><strong><em>ου</em></strong></span> <span class='ocrx_word' id='word_1_233' title='bbox 595 3303 829 3390; x_wconf 80' lang='grc' dir='ltr'><strong><em>πολύγλωττός</em></strong></span> <span class='ocrx_word' id='word_1_234' title='bbox 844 3312 924 3392; x_wconf 80' lang='grc' dir='ltr'><strong><em>εἰμι,</em></strong></span> <span class='ocrx_word' id='word_1_235' title='bbox 948 3304 1030 3372; x_wconf 78' lang='grc' dir='ltr'><strong><em>όίστε</em></strong></span> <span class='ocrx_word' id='word_1_236' title='bbox 1045 3307 1101 3372; x_wconf 88' lang='grc' dir='ltr'><strong><em>καὶ</em></strong></span> <span class='ocrx_word' id='word_1_237' title='bbox 1117 3307 1212 3374; x_wconf 87' lang='grc' dir='ltr'><strong><em>Σκύ-</em></strong></span> 
     </span>
     <span class='ocr_line' id='line_1_32' title="bbox 206 3379 1215 3489; baseline 0.009 -28"><span class='ocrx_word' id='word_1_238' title='bbox 206 3406 284 3473; x_wconf 86' lang='grc' dir='ltr'><strong><em>θαις</em></strong></span> <span class='ocrx_word' id='word_1_239' title='bbox 301 3401 354 3464; x_wconf 79' lang='grc' dir='ltr'><strong><em>καὶ</em></strong></span> <span class='ocrx_word' id='word_1_240' title='bbox 370 3379 512 3483; x_wconf 88' lang='grc' dir='ltr'><strong><em>Πέρσαις</em></strong></span> <span class='ocrx_word' id='word_1_241' title='bbox 531 3431 586 3472; x_wconf 91' lang='grc' dir='ltr'><strong><em>και</em></strong></span> <span class='ocrx_word' id='word_1_242' title='bbox 574 3404 705 3489; x_wconf 82' lang='grc' dir='ltr'><strong><em>Θρᾳξὶ</em></strong></span> <span class='ocrx_word' id='word_1_243' title='bbox 725 3405 779 3470; x_wconf 82' lang='grc' dir='ltr'><strong><em>καὶ</em></strong></span> <span class='ocrx_word' id='word_1_244' title='bbox 795 3410 931 3481; x_wconf 80' lang='grc' dir='ltr'><strong><em>Κελτοῖς</em></strong></span> <span class='ocrx_word' id='word_1_245' title='bbox 952 3401 1070 3482; x_wconf 79' lang='grc' dir='ltr'><strong><em>ξυνετά</em></strong></span> <span class='ocrx_word' id='word_1_246' title='bbox 1087 3405 1215 3489; x_wconf 90' lang='grc' dir='ltr'><strong><em>κηρύτ-</em></strong></span> 
     </span>
    </p>
   </div>
   <div class='ocr_carea' id='block_1_3' title="bbox 0 0 1292 3842">
    <p class='ocr_par' dir='ltr' id='par_1_10' title="bbox 0 0 1292 3842">
     <span class='ocr_line' id='line_1_33' title="bbox 0 0 1292 3842; baseline 0 0"><span class='ocrx_word' id='word_1_247' title='bbox 0 0 1292 3842; x_wconf 95' lang='lat' dir='ltr'><strong><em> </em></strong></span> 
     </span>
    </p>
   </div>
  </div>
 </body>
</html>
