2575 3842
206 179 268 240 σεε
551 179 874 256 [Λουπικνον]

207 343 347 422 πλησίον
363 335 463 403 πόλιν
482 337 536 403 καί
555 332 616 420 τήν
636 332 721 402 θεὸν
739 332 889 424 ἀπήτουν
913 335 991 417 τούς
1010 341 1218 428 ἐπιχωρίους,

207 435 260 502 καὶ
275 429 369 500 αὐτοὶ
382 435 414 510 ἐς
431 431 468 500 τό
486 434 619 517 τέμενος
636 433 863 515 παρελθόντες
877 434 1029 520 ἐκόμιζον
1040 434 1150 523 αύτήν
1166 443 1217 506 καί

206 535 323 608 θέντες
338 528 389 598 ἐπ’
408 532 479 615 ἐμοὶ
492 527 642 615 ἤλαυνον
656 532 726 609 ἔξω.
749 536 867 616 ἔτυχον
882 533 919 598 δὲ
933 535 967 598 οί
981 535 1157 619 δυσσεβεῖς
1174 541 1216 613 είς

206 625 243 696 τό
259 633 393 713 τέμενος
408 629 514 694 ἐκεῖνο
530 627 757 712 παρελθόντες
771 625 930 714 ἀνάθημα
946 629 1074 716 φιάλην
1088 641 1217 717 χρυσῆν
1272 660 1273 711 η

207 729 402 809 κλέψαντες,
421 719 464 810 ήν
476 719 541 790 ὑπὸ
554 731 592 812 τῆ
603 733 674 814 θεῷ
685 730 824 811 ἐφερου·
847 729 881 793 οἱ
890 725 926 793 δέ
936 734 1085 812 κωμῆται
1095 730 1218 795 αίσθό-
1272 746 1273 803 3

206 849 301 909 μενοι
320 828 418 889 τούτο
440 818 545 900 εὐθύς
563 825 718 907 ἐδίωκον,
743 819 810 890 είτα
832 820 875 901 ὡς
892 831 1033 910 πλησίον
1050 827 1218 910 ἐγένοντο,

207 922 499 1008 καταπηδήσαντες
519 917 584 988 άπδ
605 927 673 988 τῶν
698 923 812 988 ἵππων
832 930 959 1008 είχουτο
983 921 1097 989 αὐτῶν
1119 926 1159 990 ἐν
1181 930 1219 1011 τῇ

207 1018 276 1110 ὁδῷ
290 1022 342 1088 καί
365 1023 536 1105 δυσσεβεῖς
553 1019 607 1085 καὶ
621 1018 818 1102 ἱεροσύλους
835 1020 979 1088 ἐκάλουν
993 1023 1049 1088 καί
1063 1018 1218 1110 ἀπῄτουν

206 1117 242 1186 τὸ
261 1109 386 1187 κλαπὲν
406 1116 583 1204 ἀνάθημα,
605 1119 660 1184 καὶ
673 1119 874 1201 ἐρευνῶντες
888 1118 996 1185 πάντα
1014 1109 1118 1202 εύρον
1136 1114 1217 1185 αύτδ

207 1220 302 1305 ἐντῷ
325 1217 438 1308 κόλπφ
454 1223 511 1302 τῆς
525 1221 619 1284 θεοῦ.
650 1212 808 1299 δήσαντες
823 1204 887 1278 ούν
903 1209 982 1289 τούς
996 1221 1115 1298 γονίας
1136 1208 1217 1300 ἦγον

207 1313 313 1383 ὀπίσω
330 1319 384 1383 καὶ
398 1313 476 1392 τούς
491 1314 553 1400 μὲν
572 1317 618 1391 είς
634 1309 696 1397 τήν
711 1306 844 1395 εἱρκτήν
858 1309 1077 1397 ἐμβάλλουσι,
1103 1310 1168 1398 τήν
1182 1313 1216 1379 δέ

206 1412 291 1481 θεδν
305 1411 366 1499 τήν
381 1412 432 1480 ἐπ’
451 1414 522 1497 ἐμοὶ
539 1412 757 1496 κομιζομένην
768 1404 929 1492 ἀράμενοι
944 1415 1015 1498 ναρῑ
1030 1407 1121 1498 ἀλλφ
1133 1414 1213 1476 ἐδω-

206 1539 286 1596 καν,
312 1509 349 1578 τό
373 1510 408 1577 δὲ
428 1516 567 1594 χρυσίον
587 1515 626 1596 τῆ
651 1512 793 1575 πολίτιδι
812 1513 883 1595 θεῷ
903 1506 1006 1575 πάλιν
1027 1504 1211 1575 ἀπέδωκαν.

137 1630 190 1684 610
210 1616 261 1676 42.
278 1615 317 1696 τῆ
339 1610 374 1674 δὲ
390 1605 548 1695 ὑστεραίᾳ
563 1607 603 1673 τά
621 1631 656 1672 τε
673 1602 776 1690 σκεύη
793 1602 877 1690 κάμὲ
895 1606 1097 1690 πιπράσκειν
1111 1610 1217 1691 ἔγνω-

206 1727 281 1790 σαν,
297 1705 351 1771 καὶ
362 1701 524 1771 ἀπέδοντό
537 1729 576 1788 με
588 1706 670 1793 ξένῳ
682 1701 854 1792 ἀνθρύπφ
868 1700 931 1788 τήν
943 1710 1086 1788 πλησίον
1098 1704 1216 1789 κόμην

207 1810 371 1888 οἰκοῦντι,
387 1805 505 1888 τέχνην
517 1805 623 1887 ἔχοντι
633 1799 755 1888 ἀρτους
769 1803 914 1868 πέττειν·
936 1793 1035 1879 οὗτός
1049 1827 1090 1886 με
1104 1826 1214 1886 παρα·

206 1899 320 1990 λαβύν
334 1904 387 1970 καὶ
404 1909 521 1987 πυρῶν
535 1905 715 1986 μεδίμνους
735 1901 814 1966 δέκα
833 1896 1063 1985 ὠνησάμενος,
1086 1902 1215 1976 ἐπιθείς
1276 1970 1277 1975 ,

206 2027 263 2088 μοι
276 1998 336 2068 τόν
347 1997 457 2087 πυρόν
469 2003 581 2067 οίκαδε
592 1996 739 2084 ἤλαυνεν
750 1995 793 2074 ὡς
804 1995 925 2064 έαυτδν
936 1993 1018 2064 ὁδόν
1028 1994 1216 2082 ἀργαλέαν·

208 2097 251 2178 ὡς
265 2098 302 2166 δέ
316 2097 457 2185 ήκομεν,
474 2096 598 2183 εἰσάγει
612 2121 654 2181 με
669 2101 714 2173 είς
727 2095 787 2162 τὸν
801 2102 956 2180 μυλῶνα,
974 2096 1028 2162 καὶ
1044 2093 1113 2181 δρῶ
1128 2093 1216 2163 πολύ

206 2205 336 2284 πλῆθος
348 2201 447 2264 ἔνδον
455 2192 652 2282 ὁμοδούλων
662 2201 803 2278 κτηνῶν,
814 2195 869 2261 καὶ
877 2195 979 2279 μύλαι
989 2195 1107 2261 πολλαὶ
1117 2187 1217 2279 ἦσαν,

206 2298 261 2363 καὶ
278 2303 381 2362 πᾶσαι
402 2295 531 2373 τούτοις
547 2297 763 2380 ἐστρέφοντο,
783 2295 839 2359 καὶ
858 2292 966 2359 πάντα
983 2294 1091 2360 ἐκεῖνα
1113 2290 1217 2377 μεστά

205 2387 249 2478 ήν
265 2391 426 2476 ἀλεύρων.
449 2395 504 2460 καί
520 2393 593 2460 τότε
609 2397 672 2479 μέν
685 2418 726 2477 με
741 2387 795 2458 οἶα
810 2393 906 2469 ξένον
920 2394 1044 2458 δοῦλον
1058 2393 1113 2458 καί
1127 2417 1215 2476 φορ-

205 2497 277 2556 τίον
290 2490 479 2576 βαρύτατον
495 2490 666 2576 ἀράμενον
681 2491 737 2557 καὶ
752 2485 835 2557 ὁδὸν
848 2487 1015 2575 ἀργαλέαν
1026 2487 1216 2576 ἀφιγμένου

206 2587 441 2655 ἀναπαύεσθαι
462 2593 561 2654 ένδον
584 2586 735 2674 ἀφῆκαν,
762 2597 803 2678 τῆ
816 2591 853 2656 δέ
868 2586 1026 2678 ὑστεραία
1042 2586 1154 2675 όθόνη
1174 2587 1215 2654 τά

205 2684 336 2773 όμματά
348 2712 414 2771 μου
425 2685 649 2764 σκεπάσαντες
665 2684 935 2772 ύποζευγυύουσί
943 2713 984 2773 με
994 2696 1035 2774 τῆ
1049 2687 1146 2775 κώπη
1159 2694 1218 2772 τῆς
1276 2714 1277 2727 ·

206 2786 327 2872 μύλης,
344 2782 411 2852 εἶτα
426 2783 584 2870 ἤλαυνον.
607 2783 673 2872 ἐγώ
688 2784 724 2852 δὲ
738 2783 928 2870 ἠπιστάμην
943 2783 1033 2862 ὅπως
1043 2782 1105 2871 χρή
1121 2782 1217 2852 ἀλεῖν

206 2884 364 2962 πολλάκις
379 2883 517 2966 παθόν,
536 2884 808 2969 προσεποιούμην
826 2884 861 2950 δέ
876 2881 1027 2969 ἀγνοεῖν·
1050 2881 1135 2952 ἀλλά
1150 2885 1217 2970 μά-

204 3008 265 3067 την
279 2980 411 3067 ἤλπισα.
435 2983 594 3069 λαβόντες
611 2980 676 3068 γάρ
697 2984 814 3050 πολλοὶ
832 2989 900 3050 τῶν
919 2987 1019 3050 ένδον
1035 2989 1217 3068 βακτηρίας

205 3086 432 3163 περιίστανταί
440 3105 480 3164 με
495 3082 549 3147 καὶ
563 3079 607 3166 μῆ
621 3081 914 3167 προσδοκήσαντα,
934 3079 977 3158 ὦς
993 3077 1054 3165 οὐχ
1069 3079 1214 3166 ὁρῶντα,

204 3184 362 3243 παίουσιν
373 3174 482 3266 ἀθρόᾳ
493 3185 532 3264 τῆ
546 3185 646 3263 χειρί,
664 3177 747 3245 ὥστε
758 3205 799 3265 με
809 3177 877 3247 ὑπὸ
893 3187 949 3265 τῆς
960 3187 1086 3265 πληγῆς
1100 3178 1216 3264 ὥσπερ

204 3274 373 3358 στρόμβον
395 3277 549 3360 ἐξαπίνης
571 3279 790 3361 στρέφεσθαι·
817 3280 873 3343 καὶ
892 3284 989 3366 πείρᾳ
1010 3281 1141 3362 ἔμαθον
1163 3277 1215 3344 ότι

204 3367 263 3453 χρή
280 3369 338 3435 τόν
350 3375 474 3438 δοῦλον
489 3375 520 3450 ἐς
531 3370 568 3438 τό
584 3372 623 3439 τά
640 3378 757 3440 δέοντα
772 3389 879 3442 ποιεῖν
894 3376 937 3459 μή
950 3377 1142 3460 περιμένειν
1152 3374 1215 3460 τήν
