2575 3842
171 138 230 201 198
532 136 829 197 AOYKIANOP

170 301 404 384 ἐπικαθῆσθαι.
429 301 477 366 ll.
497 301 676 380 τοιγαροῦν
691 299 746 364 καὶ
757 295 945 381 Ἀθηναίων
959 295 979 363 ό
995 322 1029 362 τε
1044 296 1180 381 σύμπας

170 398 272 480 δήμος
289 397 343 462 καὶ
366 398 398 462 oc
416 396 453 461 έν
474 397 560 460 τέλει
579 388 761 479 ὑπερφυῶς
781 394 972 479 ἐθαύμαζον
996 391 1101 461 αύτόν
1121 395 1179 461 καὶ

169 495 338 560 διετέλουν
350 490 393 570 ῶς
404 516 479 558 τινα
490 496 557 557 τῶν
568 491 768 572 κρειττόνων
778 490 1052 577 προσβλέποντες.
1069 498 1178 558 καίτοι

169 595 205 658 έν
227 587 309 678 ἀρχή
330 589 536 674 προσέκρουε
557 601 625 664 τοῖς
645 595 778 665 πολλοῖς
798 585 909 653 αὐτῶν
935 589 990 655 καὶ
1017 603 1111 674 μῖσος
1134 586 1179 655 ού

168 700 263 771 μεῖον
278 693 337 752 τοῦ
351 685 575 770 [Σωκράτους]
592 683 681 768 παρά
693 699 760 762 τοῖς
775 683 942 770 πλήθεσιν
953 686 1110 772 ἐκτήσατο
1123 689 1183 754 έπί

100 795 151 850 380
169 811 203 851 τε
218 793 259 872 τῇ
274 788 440 872 παρρησίη
456 783 510 849 καὶ
520 784 711 871 έλενθερίηι,
727 789 784 851 καί
793 808 880 860 τινες
891 781 942 850 ἐπ’
959 781 1065 851 αύτόν
1075 788 1178 851 συνέ-

170 900 295 966 στησαν
304 879 436 946 ’Ἁνυτοι
448 881 657 964 καὶΜέλητοι
670 877 709 962 τά
720 877 804 947 αὐτὰ
815 889 1079 966 κατηγοροῦντες
1090 879 1177 962 ἅπερ

169 978 326 1047 κάκείνου
352 983 386 1045 ολ
406 979 495 1061 τότε,
524 976 574 1044 ότι
597 976 674 1045 ούτε
699 981 799 1046 θύων
821 977 922 1064 ῶφθη
943 979 1075 1046 πῶποτε
1099 977 1178 1045 ούτε

169 1077 301 1162 ἐμυήθη
312 1075 414 1161 μόνος
426 1073 585 1143 ἁπάντων
599 1090 669 1154 ταῖς
680 1074 906 1155 Ἐλευσινίαις·
921 1075 1006 1158 πρὸς
1018 1075 1102 1160 άπερ
1114 1073 1177 1142 άν-

169 1178 285 1259 δρείως
301 1173 388 1258 μάλα
401 1175 698 1262 στεφανωσάμενος
709 1177 764 1243 καὶ
774 1175 928 1259 καθαρόν
945 1176 1077 1261 ἱμάτιον
1092 1173 1178 1240 άνα-

169 1268 283 1356 λαβῶν
295 1273 349 1338 καὶ
365 1270 546 1357 παρελθῶν
562 1279 607 1350 είς
622 1271 684 1357 ,τήν
698 1277 874 1358 ἐκκλησίαν
888 1270 928 1339 τά
944 1272 1006 1358 μὲν
1018 1275 1175 1357 ἐμμελῶς,

168 1365 208 1434 τά
221 1369 257 1434 δὲ
269 1371 322 1434 καὶ
333 1369 536 1454 τραχύτερον
551 1365 572 1452 ή
584 1367 666 1436 κατά
681 1368 741 1455 τήν
754 1373 874 1438 ἑαυτοῦ
889 1376 1082 1458 προαίρεσιν
1094 1366 1177 1435 άπε-

169 1465 349 1550 λογήσατο·
383 1463 468 1548 πρός
490 1467 552 1552 μὲν
572 1464 637 1551 γάρ
656 1464 693 1533 τό
716 1467 760 1552 μή
781 1471 958 1536 τεθυκέναι
984 1466 1116 1534 πῶποτε
1137 1475 1178 1553 τῇ

165 1558 310 1649 Ἀθηνᾷ,
338 1558 398 1646 Μὴ
415 1563 626 1648 θαυμάσητε,
647 1568 728 1649 ἔφη,
752 1557 915 1645 ῶάνδρες
932 1563 1120 1648 Ἀθηναῖοι,
1148 1566 1173 1628 ελ

169 1656 213 1744 μή
233 1658 398 1740 πρότερον
419 1656 502 1748 αύτή
517 1666 639 1745 έθνσα,
664 1659 742 1728 οὐδὲ
757 1658 823 1745 γάρ
839 1665 970 1728 δεῖσθαι
987 1659 1093 1746 αύτήν
1107 1666 1172 1726 τῶν

171 1753 250 1841 παρ’
271 1757 353 1840 έμού
368 1765 502 1825 θυσιῶν
522 1755 769 1846 ὑπελάμβανον.
797 1756 880 1842 πρός
896 1759 931 1826 δέ
948 1761 1112 1844 θάτερον,
1137 1755 1173 1824 τό

170 1861 237 1920 τῶν
253 1863 460 1942 μυστηρίων,
476 1857 602 1941 ταύτην
619 1862 683 1941 έφη
698 1863 784 1941 ἔχειν
798 1862 906 1924 αίτίαν
918 1863 979 1923 τοῦ
996 1853 1039 1942 μή
1054 1879 1169 1922 κοινω-

170 1957 269 2036 νήσαι
288 1959 382 2037 σφίσι
400 1959 457 2040 τῆς
471 1961 616 2039 τελετῆς,
635 1951 702 2039 ότι,
723 1951 766 2019 άν
779 1979 814 2019 τε
829 1962 941 2038 φαῦλα
954 1945 976 2040 ᾖ
991 1950 1030 2018 τά
1048 1952 1176 2036 μυστή-

171 2075 236 2135 ρια,
249 2048 290 2114 ού
302 2052 502 2137 σιωπήσεται
513 2051 596 2138 πρὸς
607 2051 685 2130 τούς
696 2054 832 2138 μηδέπω
842 2053 1083 2138 μεμυημένους,
1099 2050 1175 2118 ἀλλ’

169 2144 347 2230 ἀποτρέψει
362 2147 484 2227 αύτούς
499 2157 565 2217 τῶν
583 2146 723 2235 ὀργίων,
741 2148 783 2216 άν
796 2175 832 2216 τε
845 2149 947 2233 καλά,
973 2155 1074 2215 πᾶσιν
1090 2145 1175 2215 αύτά

169 2244 400 2329 έξαγορεύσειν
415 2245 481 2314 ὑπὸ
496 2253 769 2333 φιλανθρωπίας·
793 2245 876 2314 ῶστε
887 2244 965 2325 τούς
976 2244 1175 2332 Ἀθηναίονς

168 2339 231 2427 ήδη
248 2347 366 2419 λίθους
379 2342 430 2410 ἐπ’
446 2342 549 2412 αύτὸν
563 2349 600 2412 έν
613 2361 688 2412 ταῖν
698 2358 809 2429 χεροῖν
825 2350 958 2430 ἔχοντας
971 2345 1098 2429 πράους
1112 2344 1175 2413 αύ-

168 2446 215 2526 τῷ
231 2439 285 2504 καί
299 2443 395 2518 ἵλεως
413 2445 571 2526 γενέσθαι
587 2441 706 2510 αύτίκα
726 2445 781 2510 καὶ
794 2442 831 2511 τὸ
847 2443 906 2511 ἀπ’
926 2449 1056 2513 ἐκείνου
1074 2443 1175 2531 ἀρξα-

169 2538 292 2622 μένους
308 2545 407 2623 τιμᾶν
421 2542 475 2607 καλ
489 2545 656 2608 αἰδεῖσθαι
672 2544 727 2609 καὶ
741 2538 781 2607 τά
792 2551 963 2611 τελευταῖα
979 2544 1174 2630 θαυμάζειν,

168 2641 274 2702 καίτοι
291 2632 395 2714 εύθύς
413 2641 449 2704 έν
461 2635 543 2724 άρχή
558 2646 625 2706 τῶν
636 2638 720 2724 πρός
731 2637 854 2719 αύτούς
864 2642 976 2727 λόγων
987 2645 1174 2731 τραχυτέρφ

169 2735 326 2820 ἐχρήσατο
339 2744 385 2825 τῷ
399 2743 577 2827 προοιμίῳ·
591 2736 731 2824 ’Ἄνδρες
740 2740 816 2825 γάρ,
833 2746 908 2827 έφη,
920 2739 1101 2826 Ἀθηναῖοι,
1118 2742 1175 2825 ἐμὲ

168 2834 231 2920 μὲν
241 2831 384 2917 ὁρῶντες
395 2839 669 2923 ἐστεφανωμένον
679 2836 773 2922 ὑμεῖς
783 2835 846 2924 ήδη
858 2837 942 2924 κάμὲ
953 2840 1173 2924 καταθύσατε,

168 2930 204 2998 τό
221 2929 285 3016 γάρ
300 2933 463 3018 πρότερον
478 2931 541 3001 ούκ
555 2936 815 3020 ἐκαλλιερήσατε.

99 3045 149 3098 681
254 3035 303 3098 12.
325 3029 495 3117 Βούλομαι
510 3033 546 3099 δὲ
561 3039 633 3100 ἔνια
650 3035 864 3119 παραθέσθαι
879 3039 946 3100 τῶν
962 3032 1125 3119 εύστόχως
1139 3059 1174 3100 τε

168 3127 235 3212 άμα
247 3131 301 3195 καὶ
313 3125 448 3208 άστείως
459 3127 517 3196 ὑπ’
531 3129 635 3197 αύτοῦ
646 3135 863 3218 λελεγμένων,
880 3130 1046 3215 άρξασθαι
1061 3132 1096 3198 δὲ
1108 3129 1172 3197 άπὸ

167 3233 369 3313 Φαβωρίνου
384 3226 488 3296 καλόν
506 3231 560 3296 καὶ
575 3221 623 3296 ῶν
638 3228 721 3315 πρός
736 3234 864 3299 ἐκεῖνον
876 3229 976 3297 εἶπεν.
1000 3232 1069 3298 έπεὶ
1079 3225 1172 3314 γάρὸ

168 3332 364 3414 Φαβωρῖνος
381 3326 528 3406 άκούσας
543 3327 634 3407 τινός
650 3328 692 3407 ῶς
704 3332 740 3396 έν
753 3334 870 3414 γέλωτι
886 3343 1014 3398 ποιοῖτο
1031 3327 1090 3407 τάς
1100 3325 1173 3415 ὁμι-
