2575 3842
418 173 539 230 ΠΕΡΙ
559 171 833 229 ΟΡΧΗΣΕΩΣ.
1063 169 1124 231 153

120 334 176 399 καὶ
196 339 294 398 τοῦτο
309 328 493 418 ὴγοάμενος
515 328 615 396 εἶναι·
647 331 701 395 καὶ
716 332 833 413 ἔμελλέ
848 357 886 418 γε
908 334 1033 409 ἐκεῖνος
1048 333 1124 415 περὶ

120 427 319 515 ὀρχηστικὴν
331 427 372 496 οὐ
381 435 520 515 μετρίως
530 426 792 512 σπουδάσεσθαι,
805 426 841 507 ὅς
851 455 889 515 γε
900 432 953 497 καὶ
966 427 1006 497 τά
1020 429 1121 516 μικρά

120 525 183 594 οὐκ
199 524 297 594 ὤκνει
309 525 515 612 μανθάνειν,
538 521 621 591 ἀλλὰ
642 525 696 590 καὶ
714 530 760 603 είς
774 522 814 592 τά
829 531 1039 594 διδασκαλεῖα
1055 537 1122 594 τῶν

121 621 329 708 αὐλητρίδων
344 626 459 708 ἐφοίτα
475 626 530 690 καὶ
544 617 624 705 παρ’
641 624 771 705 ἑταίρας
784 622 943 708 γυναικὸς
958 622 1020 691 οὐκ
1036 623 1122 710 ἀπη-

121 724 194 799 ξίου
209 719 393 787 σπουδαῖόν
407 747 438 787 τι
449 717 587 806 ἀκούειν
600 724 657 802 τῆς
667 715 851 798 Ἀσπασίας.
879 727 985 789 καίτοι
1000 724 1123 800 ἐκεῖνος

121 816 196 899 ἀρτι
213 813 400 903 ἀρχομένην
415 816 502 902 ἕωρα
514 815 587 882 τότε
600 812 662 898 τὴν
675 817 793 902 τέχνην
803 819 857 885 καὶ
869 814 998 885 οὐδέπω
1010 824 1056 897 είς
1066 844 1123 886 το-

105 918 246 979 ’σοῦτον
263 912 383 989 κάλλος
400 911 665 995 διηρθρωμένην.
689 915 719 978 εί
736 912 772 978 δέ
791 909 869 989 τούς
883 919 950 979 νῦν
965 914 1016 980 ἐπὶ
1031 917 1125 999 μέγι-

122 1027 203 1074 στον
218 1005 323 1094 αὐτὴν
340 1007 592 1092 προαγαγόντας
606 1008 741 1090 ἐθεᾶτο,
764 1001 803 1074 εὖ
820 1006 910 1094 οἰδα,
931 1008 1067 1076 πάντων
1081 1006 1126 1077 ἀν

123 1105 250 1182 ἐκεῖνός
270 1130 308 1189 γε
328 1102 494 1190 ἀφέμενος
507 1103 600 1193 μόνῳ
615 1109 662 1192 τῳ
677 1103 821 1188 θεάματι
837 1105 944 1196 τούτῳ
961 1103 1020 1173 τόν
1039 1113 1125 1174 νοῦν

123 1196 167 1266 ἀν
182 1213 334 1285 προσεῖχε
348 1201 402 1268 καὶ
419 1196 497 1276 τούς
518 1203 636 1276 παῖδας
651 1196 713 1266 οάκ
729 1195 772 1268 ἀν
791 1199 871 1270 ἀλλο
887 1229 918 1270 τι
939 1200 1004 1285 πρό
1020 1202 1124 1269 αὐτοῦ

123 1297 302 1375 ἐδιδάξατο.

208 1399 258 1460 26.
280 1404 400 1471 Δοκεϊς
421 1395 460 1461 δέ
471 1418 544 1478 μοι,
570 1391 651 1460 ὅταν
671 1399 848 1485 κωμῳδίαν
865 1399 919 1464 καὶ
939 1403 1126 1488 τραγῳδίαν

124 1493 275 1578 ἐπαινῇς,
297 1493 511 1576 ἐπιλελῆσθαι
527 1487 578 1556 ὅτι
598 1491 653 1557 καὶ
669 1493 706 1557 ἐν
720 1494 855 1580 ἑκατέρῳ
874 1495 1012 1563 ἐκείνων
1027 1494 1126 1582 ὀρχή-

124 1611 207 1666 σεως
224 1589 312 1655 ίδιόν
327 1615 357 1654 τι
374 1586 459 1665 εἶδός
479 1590 585 1672 ἐστιν,
603 1582 676 1654 οἷον
691 1596 828 1676 τραγικῇ
850 1589 912 1675 μὲν
926 1589 947 1677 ὴ
962 1595 1124 1679 ἐμμέλεια,

124 1688 301 1774 κωμῳδικῇ
317 1683 353 1750 δὲ
371 1681 388 1751 ὁ
406 1683 544 1770 κόρδαξ,
569 1685 674 1751 ἐνίοτε
692 1685 728 1751 δὲ
747 1687 801 1752 καὶ
821 1692 931 1772 τρίτης
946 1694 1126 1768 σικιννίδος

123 1781 472 1865 προσλαμβανομένης.
494 1781 563 1848 ἐπεὶ
577 1779 613 1846 δὲ
626 1783 681 1848 καλ
693 1784 730 1847 ἐν
740 1778 823 1867 ἀρχὴ
835 1789 1055 1871 προετίμησας
1068 1793 1124 1870 τῆς
1143 1809 1194 1863 σεε

123 1883 290 1970 ὀρχήσεως
303 1879 365 1966 τὴν
380 1887 567 1972 τραγῳδίαν
580 1884 634 1950 καλ
648 1887 825 1973 κωμῳδίαν
839 1885 893 1952 καὶ
906 1881 1049 1968 αὐλητὰς
1064 1911 1126 1950 κυ-

123 1988 238 2056 κλίους
261 1979 315 2046 καὶ
335 1984 542 2070 κιθαρῳδίαν
562 1979 729 2064 ἐναγώνια
751 1986 854 2047 ταῦτα
876 1982 931 2047 καὶ
953 1978 1008 2047 διά
1028 1987 1125 2047 τοῦτο

124 2072 228 2162 σεμνά
249 2074 456 2162 προσειποόν,
480 2077 561 2162 φέρε
576 2083 641 2144 νῦν
658 2072 922 2162 ἀντεξετάσωμεν
935 2082 974 2163 τῇ
993 2073 1126 2160 ὀρχήσει

124 2178 265 2242 ἕκαστον
280 2170 400 2241 αὐτῶν.
423 2180 528 2241 καίτοι
543 2170 603 2239 τόν
616 2174 678 2259 μὲν
693 2171 814 2259 αὐλόν,
832 2178 862 2240 εί
874 2177 980 2256 δοκεῖ,
996 2174 1050 2239 καλ
1064 2170 1126 2256 τὴν

123 2273 273 2360 κιθάραν
290 2280 464 2360 παρῶμεν·
491 2275 574 2359 μέρη
589 2269 653 2356 γάρ
669 2279 726 2358 τῆς
744 2279 804 2339 τοῦ
816 2268 981 2358 ,ὀρχηστοῦ
1000 2266 1125 2355 ὑπηρε-

124 2377 198 2447 σίας
215 2371 269 2437 καὶ
286 2377 396 2438 ταῦτα.
426 2374 477 2438 27.
496 2367 557 2455 τὴν
573 2376 761 2460 τραγῳδίαν
775 2374 813 2438 δέ
830 2396 868 2456 γε
888 2366 1029 2436 ἀπὸτοῦ
1045 2369 1125 2453 σχη-

125 2492 227 2554 ματος
241 2475 374 2556 πρῶτον
387 2467 633 2554 καταμάθωμεν
648 2472 702 2536 οἵα
718 2473 821 2553 ἐστίν,
839 2464 883 2544 ὡς
898 2466 1042 2551 είδεχθές
1057 2463 1124 2552 ἀμα

124 2568 179 2633 καί
196 2562 344 2651 φοβερόν
357 2567 468 2651 θέαμα
488 2570 534 2642 είς
553 2571 657 2650 μῆκος
671 2564 849 2653 ἀρρυθμον
865 2560 1047 2650 ἠσκημένος
1062 2563 1125 2632 άν-

125 2673 273 2749 θρωπος,
289 2662 444 2749 ἐμβάταις
456 2659 594 2750 ὑψηλοῖς
605 2662 835 2751 ἐποχούμενος,
850 2661 1029 2750 πρόσωπον
1040 2657 1123 2747 ὑπὲρ

3 2803 5 2828 ι
125 2768 271 2847 κεφαλῆς
290 2758 550 2848 ἀνατεινόμενον
570 2765 773 2847 ἐπικείμενος
792 2762 847 2829 καὶ
863 2761 967 2846 στόμα
988 2759 1124 2847 κεχηνὸς

3 2901 5 2926 ι
125 2860 280 2945 πάμμεγα
296 2856 338 2937 ὡς
357 2861 597 2947 καταπιόμενος
608 2856 688 2937 τούς
700 2858 839 2941 θεατάς,
857 2862 899 2927 ἐῶ
916 2864 1024 2945 λέγειν
1040 2885 1125 2947 προ-

125 2960 291 3040 στερνίδια
305 2959 360 3024 καὶ
374 2960 621 3042 προγαστρίδια,
638 2953 831 3041 προσθετὴν
845 2958 898 3023 καλ
913 2955 1124 3043 ἐπιτεχνητὴν

124 3053 293 3140 παχότητα
303 3055 598 3140 προσποιούμενος,
610 3049 653 3129 ἀς
665 3049 709 3138 μὴ
718 3059 779 3119 τοῦ
788 3051 943 3139 μὴκονςὴ
954 3052 1124 3140 ἀρρυθμία

124 3156 161 3221 ἐν
182 3159 290 3242 λεπτῷ
306 3160 433 3238 μᾶλλον
451 3155 629 3237 ἐλέγχοιτο·
655 3149 711 3218 εἶτ’
733 3154 876 3217 ἐνδοθεν
891 3148 990 3229 αάτὸς
1004 3177 1124 3236 κεκρα-
1141 3173 1193 3229 235

123 3249 207 3336 γός,
225 3246 345 3318 ἑαυτὸν
360 3246 515 3317 ἀνακλῶν
534 3251 588 3316 καὶ
605 3253 795 3332 κατακλῶν,
819 3249 924 3315 ἐνίοτε
938 3250 991 3315 καί
1007 3248 1124 3338 περιᾴ-

123 3355 194 3418 δων
209 3346 249 3415 τά
265 3353 412 3434 ίαμβεϊα,
433 3347 487 3414 καί
501 3343 537 3413 τό
554 3343 594 3432 δὴ
612 3355 780 3432 αίσχιστον
794 3348 953 3434 μελῳδεῖν
965 3342 1024 3423 τάς
1038 3365 1123 3434 σαμ-
