<?xml version="1.0" encoding="UTF-8"?>
<!DOCTYPE html PUBLIC "-//W3C//DTD XHTML 1.0 Transitional//EN"
    "http://www.w3.org/TR/xhtml1/DTD/xhtml1-transitional.dtd">
<html xmlns="http://www.w3.org/1999/xhtml" xml:lang="en" lang="en">
 <head>
  <title>
</title>
<meta http-equiv="Content-Type" content="text/html;charset=utf-8" />
  <meta name='ocr-system' content='tesseract 3.04.00' />
  <meta name='ocr-capabilities' content='ocr_page ocr_carea ocr_par ocr_line ocrx_word'/>
</head>
<body>
  <div class='ocr_page' id='page_1' title='image "./operaadoptimoru00jacogoog/operaadoptimoru00jacogoog_0144.png"; bbox 0 0 2575 3842; ppageno 0'>
   <div class='ocr_carea' id='block_1_1' title="bbox 169 164 876 239">
    <p class='ocr_par' dir='ltr' id='par_1_1' title="bbox 169 164 876 239">
     <span class='ocr_line' id='line_1_1' title="bbox 169 164 876 239; baseline -0.001 -12"><span class='ocrx_word' id='word_1_1' title='bbox 169 164 230 227; x_wconf 73' lang='lat'><strong><em>120</em></strong></span> <span class='ocrx_word' id='word_1_2' title='bbox 520 168 827 228; x_wconf 77' lang='lat' dir='ltr'><em>AOYKIANOT</em></span> <span class='ocrx_word' id='word_1_3' title='bbox 873 232 876 239; x_wconf 88' lang='lat'><em>.</em></span> 
     </span>
    </p>
   </div>
   <div class='ocr_carea' id='block_1_2' title="bbox 95 323 1178 3440">
    <p class='ocr_par' dir='ltr' id='par_1_2' title="bbox 167 323 1177 802">
     <span class='ocr_line' id='line_1_2' title="bbox 169 323 1177 414; baseline 0.004 -21"><span class='ocrx_word' id='word_1_4' title='bbox 169 323 312 403; x_wconf 90' lang='grc' dir='ltr'><strong><em>πολλούς</em></strong></span> <span class='ocrx_word' id='word_1_5' title='bbox 329 328 383 393; x_wconf 83' lang='grc' dir='ltr'><strong><em>καὶ</em></strong></span> <span class='ocrx_word' id='word_1_6' title='bbox 404 333 600 410; x_wconf 79' lang='grc' dir='ltr'><em>πλουσίους,</em></span> <span class='ocrx_word' id='word_1_7' title='bbox 627 328 682 393; x_wconf 82' lang='grc' dir='ltr'><strong><em>καὶ</em></strong></span> <span class='ocrx_word' id='word_1_8' title='bbox 697 324 804 411; x_wconf 92' lang='grc' dir='ltr'><strong><em>μόνον</em></strong></span> <span class='ocrx_word' id='word_1_9' title='bbox 821 332 852 393; x_wconf 87' lang='grc' dir='ltr'><strong><em>εί</em></strong></span> <span class='ocrx_word' id='word_1_10' title='bbox 868 343 988 413; x_wconf 82' lang='grc' dir='ltr'><strong><em>φανείη</em></strong></span> <span class='ocrx_word' id='word_1_11' title='bbox 1008 355 1056 407; x_wconf 92' lang='grc' dir='ltr'><strong><em>τις</em></strong></span> <span class='ocrx_word' id='word_1_12' title='bbox 1071 326 1177 414; x_wconf 89' lang='grc' dir='ltr'><strong><em>αύλη-</em></strong></span> 
     </span>
     <span class='ocr_line' id='line_1_3' title="bbox 168 418 1176 511; baseline 0.002 -21"><span class='ocrx_word' id='word_1_13' title='bbox 168 418 264 508; x_wconf 81' lang='grc' dir='ltr'><strong><em>τὴνῆ</em></strong></span> <span class='ocrx_word' id='word_1_14' title='bbox 281 418 542 509; x_wconf 75' lang='grc' dir='ltr'><strong><em>τυμπανιστηνῆ</em></strong></span> <span class='ocrx_word' id='word_1_15' title='bbox 560 421 743 509; x_wconf 76' lang='grc' dir='ltr'><strong><em>κυμβάλοις</em></strong></span> <span class='ocrx_word' id='word_1_16' title='bbox 759 430 944 507; x_wconf 82' lang='grc' dir='ltr'><strong><em>κροτοῦντα</em></strong></span> <span class='ocrx_word' id='word_1_17' title='bbox 960 425 1176 511; x_wconf 88' lang='grc' dir='ltr'><strong><em>ἐπαγόμενος,</em></strong></span> 
     </span>
     <span class='ocr_line' id='line_1_4' title="bbox 168 510 1177 609; baseline 0.003 -23"><span class='ocrx_word' id='word_1_18' title='bbox 168 526 312 609; x_wconf 81' lang='grc' dir='ltr'><strong><em>κοσκίνῳ</em></strong></span> <span class='ocrx_word' id='word_1_19' title='bbox 327 518 363 587; x_wconf 86' lang='grc' dir='ltr'><strong><em>τό</em></strong></span> <span class='ocrx_word' id='word_1_20' title='bbox 380 528 441 587; x_wconf 85' lang='grc' dir='ltr'><strong><em>τοῦ</em></strong></span> <span class='ocrx_word' id='word_1_21' title='bbox 457 519 560 605; x_wconf 90' lang='grc' dir='ltr'><strong><em>λόγου</em></strong></span> <span class='ocrx_word' id='word_1_22' title='bbox 575 518 837 605; x_wconf 85' lang='grc' dir='ltr'><strong><em>μαντευόμενος,</em></strong></span> <span class='ocrx_word' id='word_1_23' title='bbox 853 510 970 588; x_wconf 81' lang='grc' dir='ltr'><strong><em>αύτίάα</em></strong></span> <span class='ocrx_word' id='word_1_24' title='bbox 985 522 1072 606; x_wconf 90' lang='grc' dir='ltr'><strong><em>μάλα</em></strong></span> <span class='ocrx_word' id='word_1_25' title='bbox 1087 522 1177 588; x_wconf 86' lang='grc' dir='ltr'><strong><em>πάν-</em></strong></span> 
     </span>
     <span class='ocr_line' id='line_1_5' title="bbox 167 614 1176 705; baseline 0 -19"><span class='ocrx_word' id='word_1_26' title='bbox 167 646 224 696; x_wconf 93' lang='grc' dir='ltr'><strong><em>τας</em></strong></span> <span class='ocrx_word' id='word_1_27' title='bbox 240 617 419 704; x_wconf 80' lang='grc' dir='ltr'><strong><em>κεχηνότας</em></strong></span> <span class='ocrx_word' id='word_1_28' title='bbox 433 614 517 700; x_wconf 83' lang='grc' dir='ltr'><strong><em>πρὸς</em></strong></span> <span class='ocrx_word' id='word_1_29' title='bbox 533 614 637 683; x_wconf 82' lang='grc' dir='ltr'><strong><em>αὐτόν</em></strong></span> <span class='ocrx_word' id='word_1_30' title='bbox 655 620 708 683; x_wconf 82' lang='grc' dir='ltr'><strong><em>καὶ</em></strong></span> <span class='ocrx_word' id='word_1_31' title='bbox 727 615 837 699; x_wconf 74' lang='grc' dir='ltr'><strong><em>ὥσπερ</em></strong></span> <span class='ocrx_word' id='word_1_32' title='bbox 859 616 932 685; x_wconf 85' lang='grc' dir='ltr'><strong><em>τινά</em></strong></span> <span class='ocrx_word' id='word_1_33' title='bbox 948 626 1015 685; x_wconf 80' lang='grc' dir='ltr'><strong><em>τῶν</em></strong></span> <span class='ocrx_word' id='word_1_34' title='bbox 1030 623 1176 705; x_wconf 79' lang='grc' dir='ltr'><strong><em>ἐπουρα-</em></strong></span> 
     </span>
     <span class='ocr_line' id='line_1_6' title="bbox 169 718 544 802; baseline -0.005 -21"><span class='ocrx_word' id='word_1_35' title='bbox 169 724 251 782; x_wconf 82' lang='grc' dir='ltr'><strong><em>νίων</em></strong></span> <span class='ocrx_word' id='word_1_36' title='bbox 266 718 544 802; x_wconf 83' lang='grc' dir='ltr'><strong><em>προσβλέποντας.</em></strong></span> 
     </span>
    </p>

    <p class='ocr_par' dir='ltr' id='par_1_3' title="bbox 165 810 1177 1581">
     <span class='ocr_line' id='line_1_7' title="bbox 254 810 1177 898; baseline -0.003 -16"><span class='ocrx_word' id='word_1_37' title='bbox 254 819 303 883; x_wconf 92' lang='grc'><strong><em>10.</em></strong></span> <span class='ocrx_word' id='word_1_38' title='bbox 322 811 450 898; x_wconf 86' lang='grc' dir='ltr'><strong><em>Ὀλίγης</em></strong></span> <span class='ocrx_word' id='word_1_39' title='bbox 463 812 498 878; x_wconf 71' lang='grc' dir='ltr'><strong><em>δὲ</em></strong></span> <span class='ocrx_word' id='word_1_40' title='bbox 513 818 569 896; x_wconf 78' lang='grc' dir='ltr'><strong><em>τῆς</em></strong></span> <span class='ocrx_word' id='word_1_41' title='bbox 584 814 659 893; x_wconf 82' lang='grc' dir='ltr'><strong><em>περὶ</em></strong></span> <span class='ocrx_word' id='word_1_42' title='bbox 677 817 774 878; x_wconf 83' lang='grc' dir='ltr'><strong><em>τοῦτο</em></strong></span> <span class='ocrx_word' id='word_1_43' title='bbox 791 813 935 892; x_wconf 86' lang='grc' dir='ltr'><strong><em>στάσεως</em></strong></span> <span class='ocrx_word' id='word_1_44' title='bbox 951 810 1062 891; x_wconf 81' lang='grc' dir='ltr'><strong><em>αύτοῖς</em></strong></span> <span class='ocrx_word' id='word_1_45' title='bbox 1076 839 1177 898; x_wconf 86' lang='grc' dir='ltr'><strong><em>γευο-</em></strong></span> 
     </span>
     <span class='ocr_line' id='line_1_8' title="bbox 168 906 1177 999; baseline -0.002 -20"><span class='ocrx_word' id='word_1_46' title='bbox 168 915 270 999; x_wconf 83' lang='grc' dir='ltr'><strong><em>μένης</em></strong></span> <span class='ocrx_word' id='word_1_47' title='bbox 283 917 375 989; x_wconf 90' lang='grc' dir='ltr'><strong><em>τέλος</em></strong></span> <span class='ocrx_word' id='word_1_48' title='bbox 389 913 542 995; x_wconf 76' lang='grc' dir='ltr'><strong><em>ἐνίκησεν</em></strong></span> <span class='ocrx_word' id='word_1_49' title='bbox 563 907 581 975; x_wconf 86' lang='grc' dir='ltr'>ὁ</span> <span class='ocrx_word' id='word_1_50' title='bbox 603 906 828 995; x_wconf 83' lang='grc' dir='ltr'><strong><em>Ἀλέξανδρος,</em></strong></span> <span class='ocrx_word' id='word_1_51' title='bbox 854 912 907 977; x_wconf 82' lang='grc' dir='ltr'><strong><em>καὶ</em></strong></span> <span class='ocrx_word' id='word_1_52' title='bbox 923 910 1123 995; x_wconf 81' lang='grc' dir='ltr'><strong><em>ἀφικόμενοι</em></strong></span> <span class='ocrx_word' id='word_1_53' title='bbox 1143 912 1177 988; x_wconf 89' lang='grc' dir='ltr'><strong><em>ἐς</em></strong></span> 
     </span>
     <span class='ocr_line' id='line_1_9' title="bbox 168 1005 1177 1094; baseline -0.001 -18"><span class='ocrx_word' id='word_1_54' title='bbox 168 1007 229 1094; x_wconf 75' lang='grc' dir='ltr'><strong><em>την</em></strong></span> <span class='ocrx_word' id='word_1_55' title='bbox 242 1008 443 1094; x_wconf 76' lang='grc' dir='ltr'><strong><em>Χαλκηδόνα</em></strong></span> <span class='ocrx_word' id='word_1_56' title='bbox 458 1048 501 1057; x_wconf 91' lang='grc'><strong>-</strong></span> <span class='ocrx_word' id='word_1_57' title='bbox 511 1008 674 1093; x_wconf 81' lang='grc' dir='ltr'><strong><em>χρήσιμον</em></strong></span> <span class='ocrx_word' id='word_1_58' title='bbox 688 1008 752 1090; x_wconf 91' lang='grc' dir='ltr'><strong><em>γάρ</em></strong></span> <span class='ocrx_word' id='word_1_59' title='bbox 767 1034 798 1073; x_wconf 87' lang='grc' dir='ltr'><strong><em>τι</em></strong></span> <span class='ocrx_word' id='word_1_60' title='bbox 813 1005 901 1093; x_wconf 82' lang='grc' dir='ltr'><strong><em>ὅμως</em></strong></span> <span class='ocrx_word' id='word_1_61' title='bbox 914 1006 935 1093; x_wconf 82' lang='grc' dir='ltr'><em>ἡ</em></span> <span class='ocrx_word' id='word_1_62' title='bbox 952 1008 1047 1085; x_wconf 86' lang='grc' dir='ltr'><strong><em>πόλις</em></strong></span> <span class='ocrx_word' id='word_1_63' title='bbox 1062 1006 1177 1085; x_wconf 80' lang='grc' dir='ltr'><strong><em>αὐτοῖς</em></strong></span> 
     </span>
     <span class='ocr_line' id='line_1_10' title="bbox 168 1102 1174 1195; baseline -0.004 -20"><span class='ocrx_word' id='word_1_64' title='bbox 168 1113 255 1192; x_wconf 86' lang='grc' dir='ltr'><strong><em>ἐχειν</em></strong></span> <span class='ocrx_word' id='word_1_65' title='bbox 270 1110 361 1184; x_wconf 80' lang='grc' dir='ltr'><strong><em>ἔδοξε</em></strong></span> <span class='ocrx_word' id='word_1_66' title='bbox 373 1113 486 1172; x_wconf 90' lang='grc' dir='ltr'><strong><em>-τού</em></strong></span> <span class='ocrx_word' id='word_1_67' title='bbox 499 1102 753 1181; x_wconf 85' lang='grc' dir='ltr'><strong><em>’Λπόλλωνοςέν</em></strong></span> <span class='ocrx_word' id='word_1_68' title='bbox 768 1111 813 1192; x_wconf 76' lang='grc' dir='ltr'><strong><em>τῷ</em></strong></span> <span class='ocrx_word' id='word_1_69' title='bbox 829 1108 922 1195; x_wconf 74' lang='grc' dir='ltr'><strong><em>ίερῷ,</em></strong></span> <span class='ocrx_word' id='word_1_70' title='bbox 942 1103 1023 1188; x_wconf 80' lang='grc' dir='ltr'><strong><em>ὅπερ</em></strong></span> <span class='ocrx_word' id='word_1_71' title='bbox 1039 1103 1174 1189; x_wconf 82' lang='grc' dir='ltr'><strong><em>ἀρχαιό-</em></strong></span> 
     </span>
     <span class='ocr_line' id='line_1_11' title="bbox 168 1202 1173 1287; baseline -0.003 -16"><span class='ocrx_word' id='word_1_72' title='bbox 168 1202 268 1271; x_wconf 88' lang='grc' dir='ltr'><strong><em>τατόν</em></strong></span> <span class='ocrx_word' id='word_1_73' title='bbox 279 1206 346 1269; x_wconf 86' lang='grc' dir='ltr'><strong><em>ἐστι</em></strong></span> <span class='ocrx_word' id='word_1_74' title='bbox 358 1217 424 1281; x_wconf 79' lang='grc' dir='ltr'><strong><em>τοῖς</em></strong></span> <span class='ocrx_word' id='word_1_75' title='bbox 435 1204 683 1286; x_wconf 82' lang='grc' dir='ltr'><strong><em>Χαλκηδονίοις,</em></strong></span> <span class='ocrx_word' id='word_1_76' title='bbox 699 1202 937 1285; x_wconf 80' lang='grc' dir='ltr'><strong><em>κατορύττουσι</em></strong></span> <span class='ocrx_word' id='word_1_77' title='bbox 950 1206 1084 1280; x_wconf 77' lang='grc' dir='ltr'><strong><em>δέλτους</em></strong></span> <span class='ocrx_word' id='word_1_78' title='bbox 1094 1210 1173 1287; x_wconf 84' lang='grc' dir='ltr'><strong><em>χαλ-</em></strong></span> 
     </span>
     <span class='ocr_line' id='line_1_12' title="bbox 168 1296 1174 1389; baseline -0.003 -21"><span class='ocrx_word' id='word_1_79' title='bbox 168 1310 243 1386; x_wconf 81' lang='grc' dir='ltr'><strong><em>κᾶς,</em></strong></span> <span class='ocrx_word' id='word_1_80' title='bbox 262 1302 423 1386; x_wconf 73' lang='grc' dir='ltr'><strong><em>λεγούσας</em></strong></span> <span class='ocrx_word' id='word_1_81' title='bbox 439 1298 483 1379; x_wconf 84' lang='grc' dir='ltr'><strong><em>ὡς</em></strong></span> <span class='ocrx_word' id='word_1_82' title='bbox 494 1296 611 1367; x_wconf 79' lang='grc' dir='ltr'><strong><em>αὐτίκα</em></strong></span> <span class='ocrx_word' id='word_1_83' title='bbox 628 1300 717 1385; x_wconf 93' lang='grc' dir='ltr'><strong><em>μάλα</em></strong></span> <span class='ocrx_word' id='word_1_84' title='bbox 732 1296 749 1366; x_wconf 90' lang='grc' dir='ltr'>ὁ</span> <span class='ocrx_word' id='word_1_85' title='bbox 763 1296 956 1384; x_wconf 86' lang='grc' dir='ltr'><strong><em>Ἀσκληπιδς</em></strong></span> <span class='ocrx_word' id='word_1_86' title='bbox 972 1298 1037 1367; x_wconf 88' lang='grc' dir='ltr'><strong><em>σύν</em></strong></span> <span class='ocrx_word' id='word_1_87' title='bbox 1051 1306 1095 1389; x_wconf 76' lang='grc' dir='ltr'><strong><em>τῷ</em></strong></span> <span class='ocrx_word' id='word_1_88' title='bbox 1108 1325 1174 1366; x_wconf 91' lang='grc' dir='ltr'><strong><em>πα-</em></strong></span> 
     </span>
     <span class='ocr_line' id='line_1_13' title="bbox 168 1394 1176 1484; baseline -0.002 -19"><span class='ocrx_word' id='word_1_89' title='bbox 168 1400 219 1484; x_wconf 82' lang='grc' dir='ltr'><strong><em>τρὶ</em></strong></span> <span class='ocrx_word' id='word_1_90' title='bbox 234 1396 414 1465; x_wconf 82' lang='grc' dir='ltr'><strong><em>Ἀπόλλωνι</em></strong></span> <span class='ocrx_word' id='word_1_91' title='bbox 429 1402 574 1483; x_wconf 84' lang='grc' dir='ltr'><strong><em>μέτεισιν</em></strong></span> <span class='ocrx_word' id='word_1_92' title='bbox 585 1398 618 1474; x_wconf 86' lang='grc' dir='ltr'><strong><em>ἐς</em></strong></span> <span class='ocrx_word' id='word_1_93' title='bbox 631 1394 691 1465; x_wconf 85' lang='grc' dir='ltr'><strong><em>τόν</em></strong></span> <span class='ocrx_word' id='word_1_94' title='bbox 701 1398 834 1465; x_wconf 89' lang='grc' dir='ltr'><strong><em>Πόντον</em></strong></span> <span class='ocrx_word' id='word_1_95' title='bbox 847 1398 900 1465; x_wconf 85' lang='grc' dir='ltr'><strong><em>καὶ</em></strong></span> <span class='ocrx_word' id='word_1_96' title='bbox 914 1401 1048 1477; x_wconf 79' lang='grc' dir='ltr'><strong><em>καθέξει</em></strong></span> <span class='ocrx_word' id='word_1_97' title='bbox 1061 1395 1097 1465; x_wconf 85' lang='grc' dir='ltr'><strong><em>τό</em></strong></span> <span class='ocrx_word' id='word_1_98' title='bbox 1112 1404 1176 1464; x_wconf 86' lang='grc' dir='ltr'><strong><em>τοῦ</em></strong></span> 
     </span>
     <span class='ocr_line' id='line_1_14' title="bbox 165 1486 1176 1581; baseline 0.001 -21"><span class='ocrx_word' id='word_1_99' title='bbox 165 1492 316 1581; x_wconf 78' lang='grc' dir='ltr'><strong><em>Ἀβώνου</em></strong></span> <span class='ocrx_word' id='word_1_100' title='bbox 337 1510 448 1579; x_wconf 79' lang='grc' dir='ltr'><strong><em>τεῖχος.</em></strong></span> <span class='ocrx_word' id='word_1_101' title='bbox 483 1486 581 1561; x_wconf 79' lang='grc' dir='ltr'><strong><em>αὗται</em></strong></span> <span class='ocrx_word' id='word_1_102' title='bbox 600 1500 635 1561; x_wconf 74' lang='grc' dir='ltr'><strong><em>αι’</em></strong></span> <span class='ocrx_word' id='word_1_103' title='bbox 655 1496 761 1562; x_wconf 78' lang='grc' dir='ltr'><strong><em>δέλτοι</em></strong></span> <span class='ocrx_word' id='word_1_104' title='bbox 783 1497 965 1581; x_wconf 79' lang='grc' dir='ltr'><strong><em>ἐξεπίτηδες</em></strong></span> <span class='ocrx_word' id='word_1_105' title='bbox 985 1494 1176 1581; x_wconf 79' lang='grc' dir='ltr'><strong><em>εὑρεθεῖσαι</em></strong></span> 
     </span>
    </p>

    <p class='ocr_par' dir='ltr' id='par_1_4' title="bbox 100 1589 1178 3040">
     <span class='ocr_line' id='line_1_15' title="bbox 100 1589 1175 1678; baseline -0.005 -16"><span class='ocrx_word' id='word_1_106' title='bbox 100 1608 152 1662; x_wconf 77' lang='lat'><strong><em>218</em></strong></span> <span class='ocrx_word' id='word_1_107' title='bbox 171 1596 380 1676; x_wconf 84' lang='grc' dir='ltr'><strong><em>διαφοιτῆσαι</em></strong></span> <span class='ocrx_word' id='word_1_108' title='bbox 395 1595 516 1678; x_wconf 77' lang='grc' dir='ltr'><strong><em>ῥαδίως</em></strong></span> <span class='ocrx_word' id='word_1_109' title='bbox 531 1599 653 1659; x_wconf 87' lang='grc' dir='ltr'><strong><em>τούτου</em></strong></span> <span class='ocrx_word' id='word_1_110' title='bbox 670 1589 729 1659; x_wconf 84' lang='grc' dir='ltr'><strong><em>τόν</em></strong></span> <span class='ocrx_word' id='word_1_111' title='bbox 743 1592 846 1678; x_wconf 91' lang='grc' dir='ltr'><strong><em>λόγον</em></strong></span> <span class='ocrx_word' id='word_1_112' title='bbox 860 1595 893 1670; x_wconf 89' lang='grc' dir='ltr'><strong><em>ές</em></strong></span> <span class='ocrx_word' id='word_1_113' title='bbox 910 1600 1021 1659; x_wconf 88' lang='grc' dir='ltr'><strong><em>πάσαν</em></strong></span> <span class='ocrx_word' id='word_1_114' title='bbox 1036 1589 1098 1677; x_wconf 76' lang='grc' dir='ltr'><strong><em>τὴν</em></strong></span> <span class='ocrx_word' id='word_1_115' title='bbox 1118 1601 1175 1659; x_wconf 87' lang='grc' dir='ltr'><strong><em>Βι-</em></strong></span> 
     </span>
     <span class='ocr_line' id='line_1_16' title="bbox 169 1685 1176 1774; baseline -0.001 -20"><span class='ocrx_word' id='word_1_116' title='bbox 169 1694 296 1754; x_wconf 90' lang='grc' dir='ltr'><strong><em>θυνίαν</em></strong></span> <span class='ocrx_word' id='word_1_117' title='bbox 312 1688 367 1753; x_wconf 79' lang='grc' dir='ltr'><strong><em>καὶ</em></strong></span> <span class='ocrx_word' id='word_1_118' title='bbox 381 1685 441 1754; x_wconf 83' lang='grc' dir='ltr'><strong><em>τόν</em></strong></span> <span class='ocrx_word' id='word_1_119' title='bbox 450 1687 585 1755; x_wconf 90' lang='grc' dir='ltr'><strong><em>Πόντον</em></strong></span> <span class='ocrx_word' id='word_1_120' title='bbox 596 1690 772 1774; x_wconf 90' lang='grc' dir='ltr'><strong><em>ἐποίησαν,</em></strong></span> <span class='ocrx_word' id='word_1_121' title='bbox 788 1692 842 1757; x_wconf 78' lang='grc' dir='ltr'><strong><em>καὶ</em></strong></span> <span class='ocrx_word' id='word_1_122' title='bbox 853 1687 939 1757; x_wconf 88' lang='grc' dir='ltr'><strong><em>πολύ</em></strong></span> <span class='ocrx_word' id='word_1_123' title='bbox 954 1687 1019 1774; x_wconf 82' lang='grc' dir='ltr'><strong><em>πρὸ</em></strong></span> <span class='ocrx_word' id='word_1_124' title='bbox 1035 1695 1102 1756; x_wconf 81' lang='grc' dir='ltr'><strong><em>τῶν</em></strong></span> <span class='ocrx_word' id='word_1_125' title='bbox 1114 1686 1176 1754; x_wconf 85' lang='grc' dir='ltr'><strong><em>άλ-</em></strong></span> 
     </span>
     <span class='ocr_line' id='line_1_17' title="bbox 169 1781 1176 1877; baseline -0.002 -26"><span class='ocrx_word' id='word_1_126' title='bbox 169 1794 237 1852; x_wconf 86' lang='grc' dir='ltr'><strong><em>λων</em></strong></span> <span class='ocrx_word' id='word_1_127' title='bbox 257 1787 290 1863; x_wconf 84' lang='grc' dir='ltr'><strong><em>ἐς</em></strong></span> <span class='ocrx_word' id='word_1_128' title='bbox 305 1782 341 1853; x_wconf 86' lang='grc' dir='ltr'><strong><em>τό</em></strong></span> <span class='ocrx_word' id='word_1_129' title='bbox 359 1792 419 1852; x_wconf 88' lang='grc' dir='ltr'><strong><em>τού</em></strong></span> <span class='ocrx_word' id='word_1_130' title='bbox 438 1782 588 1872; x_wconf 83' lang='grc' dir='ltr'><strong><em>Ἀβόνου</em></strong></span> <span class='ocrx_word' id='word_1_131' title='bbox 608 1799 727 1871; x_wconf 79' lang='grc' dir='ltr'><strong><em>τεῖχος·</em></strong></span> <span class='ocrx_word' id='word_1_132' title='bbox 759 1784 906 1877; x_wconf 80' lang='grc' dir='ltr'><strong><em>κάκεῑνοι</em></strong></span> <span class='ocrx_word' id='word_1_133' title='bbox 930 1783 994 1872; x_wconf 83' lang='grc' dir='ltr'><strong><em>γάρ</em></strong></span> <span class='ocrx_word' id='word_1_134' title='bbox 1011 1786 1065 1853; x_wconf 81' lang='grc' dir='ltr'><strong><em>καὶ</em></strong></span> <span class='ocrx_word' id='word_1_135' title='bbox 1085 1781 1176 1851; x_wconf 75' lang='grc' dir='ltr'><strong><em>νεών</em></strong></span> 
     </span>
     <span class='ocr_line' id='line_1_18' title="bbox 168 1883 1175 1973; baseline -0.003 -20"><span class='ocrx_word' id='word_1_136' title='bbox 168 1885 285 1954; x_wconf 92' lang='grc' dir='ltr'><strong><em>αύτίκα</em></strong></span> <span class='ocrx_word' id='word_1_137' title='bbox 301 1888 505 1970; x_wconf 72' lang='grc' dir='ltr'><strong><em>ἐψηφίσαντο</em></strong></span> <span class='ocrx_word' id='word_1_138' title='bbox 517 1887 641 1970; x_wconf 79' lang='grc' dir='ltr'><strong><em>ἐγείραι</em></strong></span> <span class='ocrx_word' id='word_1_139' title='bbox 653 1888 707 1952; x_wconf 78' lang='grc' dir='ltr'><strong><em>καὶ</em></strong></span> <span class='ocrx_word' id='word_1_140' title='bbox 717 1884 795 1966; x_wconf 87' lang='grc' dir='ltr'><strong><em>τούς</em></strong></span> <span class='ocrx_word' id='word_1_141' title='bbox 806 1886 983 1973; x_wconf 80' lang='grc' dir='ltr'><strong><em>θεμελίους</em></strong></span> <span class='ocrx_word' id='word_1_142' title='bbox 996 1883 1060 1971; x_wconf 77' lang='grc' dir='ltr'><strong><em>ἤδη</em></strong></span> <span class='ocrx_word' id='word_1_143' title='bbox 1075 1889 1175 1952; x_wconf 82' lang='grc' dir='ltr'><strong><em>ἔσκα-</em></strong></span> 
     </span>
     <span class='ocr_line' id='line_1_19' title="bbox 168 1980 1178 2069; baseline -0.001 -20"><span class='ocrx_word' id='word_1_144' title='bbox 168 2010 259 2050; x_wconf 89' lang='grc' dir='ltr'><strong><em>πτον.</em></strong></span> <span class='ocrx_word' id='word_1_145' title='bbox 294 1980 470 2049; x_wconf 86' lang='grc' dir='ltr'><strong><em>κάνταύθα</em></strong></span> <span class='ocrx_word' id='word_1_146' title='bbox 492 1980 509 2049; x_wconf 86' lang='grc' dir='ltr'>ὁ</span> <span class='ocrx_word' id='word_1_147' title='bbox 528 1982 590 2068; x_wconf 72' lang='grc' dir='ltr'><strong><em>μὲν</em></strong></span> <span class='ocrx_word' id='word_1_148' title='bbox 604 1990 786 2062; x_wconf 83' lang='grc' dir='ltr'><strong><em>Κοκκωνᾶς</em></strong></span> <span class='ocrx_word' id='word_1_149' title='bbox 808 1987 844 2050; x_wconf 86' lang='grc' dir='ltr'><strong><em>έν</em></strong></span> <span class='ocrx_word' id='word_1_150' title='bbox 858 1982 1049 2069; x_wconf 88' lang='grc' dir='ltr'><strong><em>Χαλκηδόνι</em></strong></span> <span class='ocrx_word' id='word_1_151' title='bbox 1072 2008 1178 2049; x_wconf 89' lang='grc' dir='ltr'><strong><em>κατα-</em></strong></span> 
     </span>
     <span class='ocr_line' id='line_1_20' title="bbox 167 2076 1176 2166; baseline -0.001 -18"><span class='ocrx_word' id='word_1_152' title='bbox 167 2087 330 2162; x_wconf 86' lang='grc' dir='ltr'><strong><em>λείπεται,</em></strong></span> <span class='ocrx_word' id='word_1_153' title='bbox 347 2078 477 2155; x_wconf 88' lang='grc' dir='ltr'><strong><em>διττούς</em></strong></span> <span class='ocrx_word' id='word_1_154' title='bbox 492 2103 584 2155; x_wconf 87' lang='grc' dir='ltr'><strong><em>τινας</em></strong></span> <span class='ocrx_word' id='word_1_155' title='bbox 599 2081 653 2145; x_wconf 80' lang='grc' dir='ltr'><strong><em>καὶ</em></strong></span> <span class='ocrx_word' id='word_1_156' title='bbox 669 2076 877 2165; x_wconf 82' lang='grc' dir='ltr'><strong><em>ἀμφιβόλους</em></strong></span> <span class='ocrx_word' id='word_1_157' title='bbox 891 2083 945 2148; x_wconf 81' lang='grc' dir='ltr'><strong><em>καὶ</em></strong></span> <span class='ocrx_word' id='word_1_158' title='bbox 959 2077 1076 2160; x_wconf 77' lang='grc' dir='ltr'><strong><em>λοξοὺς</em></strong></span> <span class='ocrx_word' id='word_1_159' title='bbox 1091 2105 1176 2166; x_wconf 88' lang='grc' dir='ltr'><strong><em>χρη-</em></strong></span> 
     </span>
     <span class='ocr_line' id='line_1_21' title="bbox 168 2173 1175 2264; baseline -0.002 -20"><span class='ocrx_word' id='word_1_160' title='bbox 168 2174 272 2263; x_wconf 88' lang='grc' dir='ltr'><strong><em>σμούς</em></strong></span> <span class='ocrx_word' id='word_1_161' title='bbox 287 2175 500 2261; x_wconf 88' lang='grc' dir='ltr'><strong><em>συγγράφων.</em></strong></span> <span class='ocrx_word' id='word_1_162' title='bbox 530 2178 585 2242; x_wconf 83' lang='grc' dir='ltr'><strong><em>καὶ</em></strong></span> <span class='ocrx_word' id='word_1_163' title='bbox 599 2173 670 2260; x_wconf 90' lang='grc' dir='ltr'><strong><em>μετ’</em></strong></span> <span class='ocrx_word' id='word_1_164' title='bbox 688 2175 802 2262; x_wconf 84' lang='grc' dir='ltr'><strong><em>ὀλίγον</em></strong></span> <span class='ocrx_word' id='word_1_165' title='bbox 818 2177 1007 2263; x_wconf 81' lang='grc' dir='ltr'><strong><em>ἐτελεύτησε</em></strong></span> <span class='ocrx_word' id='word_1_166' title='bbox 1023 2175 1083 2244; x_wconf 83' lang='grc' dir='ltr'><strong><em>τὸν</em></strong></span> <span class='ocrx_word' id='word_1_167' title='bbox 1097 2185 1175 2264; x_wconf 89' lang='grc' dir='ltr'><strong><em>βίον</em></strong></span> 
     </span>
     <span class='ocr_line' id='line_1_22' title="bbox 167 2270 1175 2359; baseline 0.001 -19"><span class='ocrx_word' id='word_1_168' title='bbox 167 2271 232 2341; x_wconf 81' lang='grc' dir='ltr'><strong><em>ὑπὸ</em></strong></span> <span class='ocrx_word' id='word_1_169' title='bbox 257 2276 384 2357; x_wconf 85' lang='grc' dir='ltr'><strong><em>ἐχίδνης</em></strong></span> <span class='ocrx_word' id='word_1_170' title='bbox 408 2272 497 2359; x_wconf 84' lang='grc' dir='ltr'><strong><em>οἶμαι</em></strong></span> <span class='ocrx_word' id='word_1_171' title='bbox 522 2278 665 2357; x_wconf 86' lang='grc' dir='ltr'><strong><em>δηχθείς.</em></strong></span> <span class='ocrx_word' id='word_1_172' title='bbox 712 2278 760 2341; x_wconf 91' lang='lat' dir='ltr'><strong><em>ll.</em></strong></span> <span class='ocrx_word' id='word_1_173' title='bbox 792 2277 1068 2358; x_wconf 78' lang='grc' dir='ltr'><strong><em>προεισπέμπεται</em></strong></span> <span class='ocrx_word' id='word_1_174' title='bbox 1094 2272 1130 2341; x_wconf 74' lang='grc' dir='ltr'><strong><em>δὲ</em></strong></span> <span class='ocrx_word' id='word_1_175' title='bbox 1156 2270 1175 2341; x_wconf 90' lang='grc' dir='ltr'><strong>ὁ</strong></span> 
     </span>
     <span class='ocr_line' id='line_1_23' title="bbox 163 2367 1176 2456; baseline -0.002 -19"><span class='ocrx_word' id='word_1_176' title='bbox 163 2370 376 2455; x_wconf 79' lang='grc' dir='ltr'><strong><em>Ἀλέξανδρος</em></strong></span> <span class='ocrx_word' id='word_1_177' title='bbox 396 2377 510 2455; x_wconf 79' lang='grc' dir='ltr'><strong><em>κομῶν</em></strong></span> <span class='ocrx_word' id='word_1_178' title='bbox 529 2367 593 2455; x_wconf 77' lang='grc' dir='ltr'><strong><em>ἤδη</em></strong></span> <span class='ocrx_word' id='word_1_179' title='bbox 617 2371 672 2437; x_wconf 83' lang='grc' dir='ltr'><strong><em>καὶ</em></strong></span> <span class='ocrx_word' id='word_1_180' title='bbox 689 2370 881 2456; x_wconf 80' lang='grc' dir='ltr'><strong><em>πλοκάμους</em></strong></span> <span class='ocrx_word' id='word_1_181' title='bbox 902 2373 1099 2455; x_wconf 89' lang='grc' dir='ltr'><strong><em>καθειμένος</em></strong></span> <span class='ocrx_word' id='word_1_182' title='bbox 1119 2372 1176 2436; x_wconf 80' lang='grc' dir='ltr'><strong><em>καὶ</em></strong></span> 
     </span>
     <span class='ocr_line' id='line_1_24' title="bbox 167 2464 1174 2553; baseline -0.002 -20"><span class='ocrx_word' id='word_1_183' title='bbox 167 2467 371 2552; x_wconf 90' lang='grc' dir='ltr'><strong><em>μεσόλευκον</em></strong></span> <span class='ocrx_word' id='word_1_184' title='bbox 392 2473 513 2550; x_wconf 81' lang='grc' dir='ltr'><strong><em>χιτῶνα</em></strong></span> <span class='ocrx_word' id='word_1_185' title='bbox 536 2474 738 2553; x_wconf 85' lang='grc' dir='ltr'><strong><em>πορφυροῦν</em></strong></span> <span class='ocrx_word' id='word_1_186' title='bbox 759 2464 944 2545; x_wconf 77' lang='grc' dir='ltr'><strong><em>ἐνδεδυκός</em></strong></span> <span class='ocrx_word' id='word_1_187' title='bbox 967 2468 1021 2533; x_wconf 84' lang='grc' dir='ltr'><strong><em>καὶ</em></strong></span> <span class='ocrx_word' id='word_1_188' title='bbox 1042 2468 1174 2553; x_wconf 78' lang='grc' dir='ltr'><strong><em>ἱμάτιον</em></strong></span> 
     </span>
     <span class='ocr_line' id='line_1_25' title="bbox 167 2560 1174 2651; baseline 0 -20"><span class='ocrx_word' id='word_1_189' title='bbox 167 2562 251 2648; x_wconf 74' lang='grc' dir='ltr'><strong><em>ὑπὲρ</em></strong></span> <span class='ocrx_word' id='word_1_190' title='bbox 266 2560 370 2630; x_wconf 89' lang='grc' dir='ltr'><strong><em>αύτού</em></strong></span> <span class='ocrx_word' id='word_1_191' title='bbox 385 2561 507 2631; x_wconf 88' lang='grc' dir='ltr'><strong><em>λευκόν</em></strong></span> <span class='ocrx_word' id='word_1_192' title='bbox 521 2561 790 2651; x_wconf 81' lang='grc' dir='ltr'><strong><em>ἀναβεβλημένος</em></strong></span> <span class='ocrx_word' id='word_1_193' title='bbox 800 2564 911 2651; x_wconf 82' lang='grc' dir='ltr'><strong><em>άρπην</em></strong></span> <span class='ocrx_word' id='word_1_194' title='bbox 923 2571 1007 2651; x_wconf 85' lang='grc' dir='ltr'><strong><em>ἔχων</em></strong></span> <span class='ocrx_word' id='word_1_195' title='bbox 1018 2564 1100 2632; x_wconf 85' lang='grc' dir='ltr'><strong><em>κατά</em></strong></span> <span class='ocrx_word' id='word_1_196' title='bbox 1112 2562 1174 2632; x_wconf 84' lang='grc' dir='ltr'><strong><em>τόν</em></strong></span> 
     </span>
     <span class='ocr_line' id='line_1_26' title="bbox 167 2652 1176 2749; baseline 0 -20"><span class='ocrx_word' id='word_1_197' title='bbox 167 2664 313 2745; x_wconf 81' lang='grc' dir='ltr'><strong><em>Περσέα,</em></strong></span> <span class='ocrx_word' id='word_1_198' title='bbox 338 2658 398 2746; x_wconf 77' lang='grc' dir='ltr'><strong><em>ἀφ’</em></strong></span> <span class='ocrx_word' id='word_1_199' title='bbox 419 2652 462 2727; x_wconf 89' lang='grc' dir='ltr'><strong><em>ού</em></strong></span> <span class='ocrx_word' id='word_1_200' title='bbox 483 2659 603 2729; x_wconf 82' lang='grc' dir='ltr'><strong><em>ἑαυτὸν</em></strong></span> <span class='ocrx_word' id='word_1_201' title='bbox 626 2664 832 2749; x_wconf 76' lang='grc' dir='ltr'><strong><em>ἐγενεαλόγει</em></strong></span> <span class='ocrx_word' id='word_1_202' title='bbox 851 2664 1037 2749; x_wconf 81' lang='grc' dir='ltr'><strong><em>μητρόθεν,</em></strong></span> <span class='ocrx_word' id='word_1_203' title='bbox 1064 2665 1118 2729; x_wconf 81' lang='grc' dir='ltr'><strong><em>καὶ</em></strong></span> <span class='ocrx_word' id='word_1_204' title='bbox 1141 2668 1176 2729; x_wconf 75' lang='grc' dir='ltr'><strong><em>οἱ</em></strong></span> 
     </span>
     <span class='ocr_line' id='line_1_27' title="bbox 167 2757 1175 2846; baseline -0.001 -19"><span class='ocrx_word' id='word_1_205' title='bbox 167 2757 317 2841; x_wconf 87' lang='grc' dir='ltr'><strong><em>ὀλέθριοι</em></strong></span> <span class='ocrx_word' id='word_1_206' title='bbox 333 2760 452 2826; x_wconf 78' lang='grc' dir='ltr'><strong><em>ἐκείνοι</em></strong></span> <span class='ocrx_word' id='word_1_207' title='bbox 467 2760 689 2844; x_wconf 84' lang='grc' dir='ltr'><strong><em>Παφλαγόνες</em></strong></span> <span class='ocrx_word' id='word_1_208' title='bbox 705 2763 827 2839; x_wconf 79' lang='grc' dir='ltr'><strong><em>εἰδότες</em></strong></span> <span class='ocrx_word' id='word_1_209' title='bbox 840 2760 945 2828; x_wconf 85' lang='grc' dir='ltr'><strong><em>αὐτοῦ</em></strong></span> <span class='ocrx_word' id='word_1_210' title='bbox 962 2759 1175 2846; x_wconf 78' lang='grc' dir='ltr'><strong><em>ἀμφοτέρους</em></strong></span> 
     </span>
     <span class='ocr_line' id='line_1_28' title="bbox 166 2855 1174 2951; baseline 0.002 -26"><span class='ocrx_word' id='word_1_211' title='bbox 166 2856 243 2936; x_wconf 86' lang='grc' dir='ltr'><strong><em>τούς</em></strong></span> <span class='ocrx_word' id='word_1_212' title='bbox 259 2863 377 2943; x_wconf 89' lang='grc' dir='ltr'><strong><em>γονέας</em></strong></span> <span class='ocrx_word' id='word_1_213' title='bbox 388 2855 528 2944; x_wconf 80' lang='grc' dir='ltr'><strong><em>άφανεϊς</em></strong></span> <span class='ocrx_word' id='word_1_214' title='bbox 538 2862 591 2927; x_wconf 83' lang='grc' dir='ltr'><strong><em>καὶ</em></strong></span> <span class='ocrx_word' id='word_1_215' title='bbox 606 2860 785 2940; x_wconf 85' lang='grc' dir='ltr'><strong><em>ταπεινούς</em></strong></span> <span class='ocrx_word' id='word_1_216' title='bbox 796 2866 969 2930; x_wconf 84' lang='grc' dir='ltr'><strong><em>ἐπίστευον</em></strong></span> <span class='ocrx_word' id='word_1_217' title='bbox 980 2869 1025 2951; x_wconf 80' lang='grc' dir='ltr'><strong><em>τῷ</em></strong></span> <span class='ocrx_word' id='word_1_218' title='bbox 1036 2868 1174 2951; x_wconf 76' lang='grc' dir='ltr'><strong><em>χρησμῷ</em></strong></span> 
     </span>
     <span class='ocr_line' id='line_1_29' title="bbox 166 2957 296 3040; baseline -0.008 -18"><span class='ocrx_word' id='word_1_219' title='bbox 166 2957 296 3040; x_wconf 84' lang='grc' dir='ltr'><strong><em>λέγοντι</em></strong></span> 
     </span>
    </p>

    <p class='ocr_par' dir='ltr' id='par_1_5' title="bbox 95 3050 1054 3146">
     <span class='ocr_line' id='line_1_30' title="bbox 95 3050 1054 3146; baseline 0.006 -30"><span class='ocrx_word' id='word_1_220' title='bbox 95 3071 148 3125; x_wconf 72' lang='lat'><strong><em>219</em></strong></span> <span class='ocrx_word' id='word_1_221' title='bbox 251 3056 431 3138; x_wconf 87' lang='grc' dir='ltr'><strong><em>Περσείδης</em></strong></span> <span class='ocrx_word' id='word_1_222' title='bbox 444 3052 566 3141; x_wconf 80' lang='grc' dir='ltr'><strong><em>γενεὴν</em></strong></span> <span class='ocrx_word' id='word_1_223' title='bbox 580 3063 693 3146; x_wconf 76' lang='grc' dir='ltr'><strong><em>Φοίβῳ</em></strong></span> <span class='ocrx_word' id='word_1_224' title='bbox 707 3064 802 3142; x_wconf 90' lang='grc' dir='ltr'><strong><em>φίλος</em></strong></span> <span class='ocrx_word' id='word_1_225' title='bbox 818 3050 916 3135; x_wconf 85' lang='grc' dir='ltr'><strong><em>οὗτος</em></strong></span> <span class='ocrx_word' id='word_1_226' title='bbox 930 3054 1054 3139; x_wconf 82' lang='grc' dir='ltr'><strong><em>ὁρᾶται,</em></strong></span> 
     </span>
    </p>

    <p class='ocr_par' dir='ltr' id='par_1_6' title="bbox 252 3148 1077 3241">
     <span class='ocr_line' id='line_1_31' title="bbox 252 3148 1077 3241; baseline 0.004 -25"><span class='ocrx_word' id='word_1_227' title='bbox 252 3155 320 3228; x_wconf 85' lang='grc' dir='ltr'><strong><em>δῖος</em></strong></span> <span class='ocrx_word' id='word_1_228' title='bbox 331 3148 557 3239; x_wconf 79' lang='grc' dir='ltr'><strong><em>Ἀλέξανδρος,</em></strong></span> <span class='ocrx_word' id='word_1_229' title='bbox 575 3159 797 3239; x_wconf 89' lang='grc' dir='ltr'><strong><em>Ποδαλειρίου</em></strong></span> <span class='ocrx_word' id='word_1_230' title='bbox 812 3152 891 3240; x_wconf 85' lang='grc' dir='ltr'><strong><em>αἷμα</em></strong></span> <span class='ocrx_word' id='word_1_231' title='bbox 907 3154 1077 3241; x_wconf 79' lang='grc' dir='ltr'><strong><em>λελογχώς.</em></strong></span> 
     </span>
    </p>

    <p class='ocr_par' dir='ltr' id='par_1_7' title="bbox 112 3244 1177 3440">
     <span class='ocr_line' id='line_1_32' title="bbox 119 3244 1174 3339; baseline 0.007 -25"><span class='ocrx_word' id='word_1_232' title='bbox 119 3312 128 3337; x_wconf 76' lang='lat'><strong><em>‹</em></strong></span> <span class='ocrx_word' id='word_1_233' title='bbox 166 3247 272 3325; x_wconf 80' lang='grc' dir='ltr'><strong><em>οὕτως</em></strong></span> <span class='ocrx_word' id='word_1_234' title='bbox 287 3244 352 3332; x_wconf 87' lang='grc' dir='ltr'><strong><em>άρα</em></strong></span> <span class='ocrx_word' id='word_1_235' title='bbox 368 3247 614 3336; x_wconf 87' lang='grc' dir='ltr'><strong><em>ὁΠοδαλείριος</em></strong></span> <span class='ocrx_word' id='word_1_236' title='bbox 628 3252 751 3338; x_wconf 81' lang='grc' dir='ltr'><strong><em>μάχλος</em></strong></span> <span class='ocrx_word' id='word_1_237' title='bbox 771 3256 825 3319; x_wconf 82' lang='grc' dir='ltr'><strong><em>καὶ</em></strong></span> <span class='ocrx_word' id='word_1_238' title='bbox 835 3248 1094 3338; x_wconf 72' lang='grc' dir='ltr'><strong><em>,γυναικομανὴς</em></strong></span> <span class='ocrx_word' id='word_1_239' title='bbox 1110 3250 1174 3339; x_wconf 79' lang='grc' dir='ltr'><strong><em>τὴν</em></strong></span> 
     </span>
     <span class='ocr_line' id='line_1_33' title="bbox 112 3341 1177 3440; baseline 0.009 -27"><span class='ocrx_word' id='word_1_240' title='bbox 112 3341 287 3432; x_wconf 38' lang='grc' dir='ltr'><strong><em>πολέσιν,</em></strong></span> <span class='ocrx_word' id='word_1_241' title='bbox 305 3344 349 3425; x_wconf 79' lang='grc' dir='ltr'><strong><em>ὦς</em></strong></span> <span class='ocrx_word' id='word_1_242' title='bbox 365 3346 430 3416; x_wconf 82' lang='grc' dir='ltr'><strong><em>άπδ</em></strong></span> <span class='ocrx_word' id='word_1_243' title='bbox 446 3358 588 3425; x_wconf 81' lang='grc' dir='ltr'><strong><em>Τοίκκος</em></strong></span> <span class='ocrx_word' id='word_1_244' title='bbox 603 3352 679 3438; x_wconf 74' lang='grc' dir='ltr'><strong><em>άχρι</em></strong></span> <span class='ocrx_word' id='word_1_245' title='bbox 689 3359 927 3440; x_wconf 90' lang='grc' dir='ltr'><strong><em>Παφλαγονίας</em></strong></span> <span class='ocrx_word' id='word_1_246' title='bbox 941 3354 1105 3422; x_wconf 87' lang='grc' dir='ltr'><strong><em>στύεσθαι</em></strong></span> <span class='ocrx_word' id='word_1_247' title='bbox 1121 3356 1177 3423; x_wconf 81' lang='grc' dir='ltr'><strong><em>ἐπὶ</em></strong></span> 
     </span>
    </p>
   </div>
   <div class='ocr_carea' id='block_1_3' title="bbox 241 3546 325 3754">
    <p class='ocr_par' dir='ltr' id='par_1_8' title="bbox 241 3546 325 3754">
     <span class='ocr_line' id='line_1_34' title="bbox 241 3546 325 3754; baseline 0 -12"><span class='ocrx_word' id='word_1_248' title='bbox 241 3546 325 3754; x_wconf 69' lang='lat' dir='ltr'><em>f</em></span> 
     </span>
    </p>
   </div>
   <div class='ocr_carea' id='block_1_4' title="bbox 0 0 1292 3842">
    <p class='ocr_par' dir='ltr' id='par_1_9' title="bbox 0 0 1292 3842">
     <span class='ocr_line' id='line_1_35' title="bbox 0 0 1292 3842; baseline 0 1"><span class='ocrx_word' id='word_1_249' title='bbox 0 0 1292 3842; x_wconf 95' lang='lat' dir='ltr'><strong><em> </em></strong></span> 
     </span>
    </p>
   </div>
  </div>
 </body>
</html>
