2575 3842
187 86 249 151 264
562 88 864 153 AOYKIANOT

185 245 371 314 ἐλαττόνων
385 247 572 314 ἐπαινέσαι·
602 244 681 322 τούς
702 253 786 331 γοῦν
800 252 857 332 τῆς
869 243 974 330 Ἥρας
992 245 1183 337 ὀφθαλμούς

184 356 251 418 τοϊς
271 349 339 408 τῶν
359 348 450 427 βοῶν
471 351 618 409 εἰκασεν·
652 344 762 423 ἕτερος
782 342 821 407 δέ
836 366 885 419 τις
904 346 1108 430 ἰοβλέφαρον
1130 343 1185 430 τήν

181 441 379 526 Ἀφροδίτην
394 437 473 508 εἰπε.
498 437 559 525 τήν
576 441 637 524 μὲν
658 437 723 524 γὰρ
740 441 989 525 ῥοδοδάκτυλον
1008 450 1057 520 τίς
1076 440 1188 528 ἀγνοεῖ

184 545 251 605 τῶν
267 533 331 605 κᾶν
346 535 398 604 ἐπ’
414 536 585 626 ἐλάχιστον
600 544 639 624 τῇ
650 536 797 622 Ὁμήρου
810 536 941 622 ποιήσει
955 535 1185 624 ὡμιληκότων;

268 642 317 705 27.
336 642 453 703 Καίτοι
468 634 508 702 τὰ
519 639 580 721 μὲν
594 643 652 721 τῆς
663 643 793 721 μορφῆς
805 641 851 702 ἔτι
866 635 1083 722 μετριώτερα,
1102 647 1136 704 εἰ
1141 665 1185 716 τις
1280 660 1285 681 ·

182 742 253 825 θεῷ
268 737 409 802 ἐοικέναι
424 736 568 819 λέγεται·
597 731 681 801 ἀλλὰ
696 731 754 811 τὰς
766 741 991 819 προσηγορίας
1008 731 1110 812 αύτὰς
1125 735 1185 801 πό-

183 855 236 901 σοι
252 833 453 918 ἐμιμήσαντο
468 829 525 910 τὰς
540 839 608 899 τῶν
624 840 717 899 θεῶν
729 832 909 899 Διονύσιοι
925 835 979 900 καὶ
989 830 1185 917 Ἡφαιστίω-

183 957 237 1010 νες
253 934 306 998 καὶ
322 931 476 1017 Ζήνωνες
490 933 544 998 καί
559 931 780 999 Ποσειδώνιοι
796 929 1005 1017 καὶἙρμαίοι
1018 951 1185 1015 προσαμο-
1280 989 1287 998 ,

116 1046 164 1100 506
185 1030 376 1114 ρευόμενοι;
409 1027 507 1115 Λητύ
532 1031 568 1096 δὲ
593 1029 681 1115 γυνή
703 1055 753 1106 τις
775 1029 903 1113 ἐγένετο
924 1025 1106 1112 Εὐαγόρου
1129 1033 1186 1093 τοῦ

181 1134 345 1215 Κυπρίων
360 1131 536 1215 βασιλέως,
558 1131 612 1196 καὶ
630 1126 719 1213 ὅμως
736 1125 798 1192 ούκ
814 1125 1045 1212 ήμανύκτησεν
1066 1123 1086 1211 ή
1109 1125 1188 1203 θεὸς

182 1229 351 1313 δυναμένη
361 1233 460 1294 λίθον
471 1223 576 1312 αὐτὴν
587 1224 698 1308 ὥσπερ
709 1223 911 1312 τήνΝιόβην
920 1223 1187 1310 ἀπεργάσασθαι.

182 1328 224 1392 ἐῶ
242 1322 305 1410 γὰρ
322 1321 401 1402 τούς
415 1331 636 1410 Αἰγυπτίους,
661 1328 757 1408 οἵπερ
776 1325 831 1390 καὶ
852 1325 1188 1408 δεισιδαιμονέστατοί

182 1429 244 1490 εἰσι
255 1423 406 1504 πάντων,
423 1420 510 1506 ὅμως
522 1434 588 1498 τοῖς
598 1427 705 1499 θείοις
716 1418 878 1506 ὀνόμασιν
889 1423 921 1498 ἐς
932 1419 1034 1504 κόρον
1046 1422 1186 1506 ἐπιχρω-

180 1521 316 1604 μένους·
334 1514 453 1603 σχεδδν
464 1525 548 1602 γοῦν
560 1517 598 1583 τὰ
612 1526 747 1587 πλείστα
758 1515 870 1597 αύτοίς
881 1521 914 1598 ἐξ
925 1515 1076 1602 ούρανοῦ
1087 1522 1186 1587 ε’στιν.

179 1623 228 1686 28.
249 1616 331 1684 ὥστε
349 1614 390 1684 ού
403 1617 486 1704 πρός
502 1643 538 1703 γε
553 1625 615 1684 σού
630 1615 667 1684 τό
683 1625 853 1702 τοιοῦτον,
868 1622 1043 1703 ψοφοδεῶς
1061 1621 1188 1692 διακεί-

180 1723 260 1781 σθαι
282 1710 364 1800 πρὸς
381 1713 441 1782 τόν
457 1722 613 1784 ἔπαινον·
648 1723 678 1785 εί
697 1717 761 1803 γάρ
781 1744 813 1784 τι
835 1720 871 1784 ἐν
891 1724 935 1808 τῷ
953 1716 1189 1802 συγγράμματι

179 1816 447 1901 πεπλημμέληται
472 1818 504 1894 ἐς
526 1813 562 1885 τό
579 1826 694 1900 θείου,
717 1814 760 1882 σύ
775 1817 837 1902 μὲν
857 1814 1049 1893 ἀνεύθυνος
1067 1812 1187 1899 αὐτοῦ,
1285 1896 1288 1905 ¹

179 1910 270 1994 ἐκτός
287 1921 317 1984 εί
331 1916 376 2002 μή
393 1943 464 1984 τινα
479 1922 618 2002 νομίζεις
634 1913 823 1999 ἀκροάσεως
838 1912 992 2000 εὐθύνην
1006 1911 1107 1997 εἶναι,
1131 1915 1187 1998 ἐμὲ

180 2013 215 2084 δδ
232 2010 441 2101 ἀμυνοῦνται
456 2019 490 2084 οἰ
507 2021 599 2100 θεοί,
625 2013 760 2082 ἐπειδᾶν
781 2011 845 2099 πρὸ
868 2015 950 2098 ἐμοῦ
965 2009 1024 2080 τὸν
1036 2009 1189 2097 ΗΟμηρον

179 2116 234 2182 καὶ
248 2112 327 2234 τφύς
341 2113 463 2194 ἄλλους
476 2111 614 2202 ποιητὰς
632 2112 835 2200 ἀμύνωνται.
864 2108 938 2179 ἀλλ’
955 2106 1087 2176 οὐδέπω
1107 2106 1188 2176 ούδδ

179 2208 238 2279 τόν
254 2210 392 2297 όίριστον
408 2223 475 2283 τῶν
496 2213 695 2298 φιλοσόφων
710 2209 879 2297 ἠμύναντο
895 2209 1009 2278 εἰκόνα
1025 2213 1111 2274 θεοῦ
1126 2205 1189 2282 τόν

179 2308 365 2393 ἄνθρωπον
382 2314 517 2378 εἰπόντα
533 2309 624 2374 εἶναι.
648 2307 753 2371 πολλα
770 2313 817 2364 ἔτι
833 2313 918 2377 ἔχων
932 2304 1017 2388 πρὸς
1031 2306 1067 2374 σὲ
1083 2312 1188 2375 εἰπεῖν

177 2407 448 2486 Πολυστράτου
435 2408 531 2468 ενεκα
546 2399 667 2460 τούτου
680 2389 866 2462 παύσομαι
883 2389 941 2446 ἵνα
958 2401 1053 2457 καθ’
1031 2430 1189 2492 mm.

178 2505 338 2583 μονεύσαι
356 2501 489 2574 δυνηθῇ
503 2511 541 2549 τα
532 2481 721 2561 εἰρημένα.

260 2595 309 2653 29.
327 2592 429 2651 HOA.
454 2577 525 2646 Ούκ
537 2572 609 2639 οἶδα
622 2582 655 2640 εἰ
662 2599 718 2660 μοι
729 2581 827 2643 τούτο
839 2576 986 2647 δυνατόν
997 2578 1099 2668 ἔτι,
1070 2609 1095 2650 ω
1107 2606 1189 2660 A„

175 2699 262 2752 κίνε
292 2704 399 2765 μακρα
421 2675 486 2762 γὰρ
508 2680 636 2794 εἰρηταί
650 2694 704 2742 σοι
724 2681 830 2745 ταῦτα
850 2681 903 2748 καὶ
922 2676 1006 2766 ύτιερ
1025 2679 1061 2751 τό
1084 2681 1185 2776 ὕδωρ

175 2779 210 2849 τό
227 2778 455 2863 ἐκκεχυμένον.
478 2774 718 2862 πειρόσομαιδ
699 2772 772 2844 δὲ“
752 2802 840 2862 ομως
855 2781 1158 2868 ἕπιμνησθήναι’
1116 2812 1179 2852 αυ·

21 2880 28 2944 ἶ
105 2893 155 2948 507
174 2882 248 2942 τῶν.
273 2873 327 2940 και
343 2899 385 2951 ως
403 2871 498 2962 ὁρας,
516 2872 579 2962 ηδη
591 2871 747 2962 αποσοβω
761 2874 841 2961 παρ’
858 2903 963 2963 αυτην
978 2881 1180 2968 ἐπιβυσαμε

175 2997 231 3050 νος
246 2996 285 3037 τα
303 2962 370 3039 εἶτα
377 2969 448 3060 ,ὡς
460 2974 505 3060 μή
517 3001 547 3042 τι
562 2971 775 3063 παρεμπεσὸν
788 2973 868 3042 ἄλλο
880 2978 1001 3064 συγχίη
1012 2975 1073 3064 τήν
1087 2979 1178 3060 τύξιν

175 3069 302 3158 αύτοῖν,
319 3072 387 3143 εἰτοί
402 3099 457 3162 μοι
474 3081 688 3160 συριττεσθαι
701 3080 812 3160 συμβη
826 3070 909 3155 πρός
923 3081 991 3140 τῶν
1005 3084 1145 3144 θεατῶν.

258 3181 358 3244 ΛΤΚ.
382 3172 481 3264 Αύτῷ
493 3195 545 3242 σοι
561 3176 706 3265 μελήσει,
723 3201 748 3240 ιο
737 3166 1021 3257 ’Πολύστρατε,“
1000 3199 1090 3254 οπως
1104 3177 1175 3260 ἄρι-

174 3291 234 3340 στα
251 3269 424 3361 ύποκρίνη.
449 3271 512 3359 ἐμοὶ
531 3277 567 3341 δὲ
582 3279 713 3357 ἐπείπερ
731 3269 817 3349 ἅπαξ
831 3290 883 3336 σοι
898 3267 934 3337 τό
947 3275 1056 3354 δρᾶμα
1070 3300 1174 3360 παρα-
