2575 3842
186 151 248 214 268
536 150 846 209 AOTKIANOY

185 314 290 394 τέροις
308 307 392 377 είναι
408 311 469 394 τήν
483 309 606 394 στήλην
617 307 743 394 ταύτην
756 310 810 375 καὶ
820 307 860 374 τά
872 305 923 374 ἐπ’
935 305 1039 393 αύτής
1049 333 1204 394 γεγραμ-

184 413 267 496 μένα
284 412 577 494 διαμνημονεῦσαι.
601 413 729 474 θάττον
742 413 828 492 γοῦν
843 403 992 491 τούνομα
1002 407 1146 483 ἕκαστος
1156 400 1201 471 ἀν

183 503 297 574 αὐτῶν
317 507 510 574 ἐπιλάθοιτο
530 511 592 571 τοῦ
613 501 738 587 πατρός
756 500 778 588 ή
793 501 851 581 τάς
870 501 1025 588 Ὀρέστου
1050 506 1110 570 καὶ
1126 511 1199 570 Πυ-

184 605 289 673 λάδου
315 604 449 688 πράξεις
466 599 679 687 ἀγνοήσειεν·
713 599 797 668 ἀλλά
822 603 877 669 καὶ
899 603 936 668 έυ
960 609 1006 691 τῷ
1027 601 1199 689 περιβόλῳ

115 715 166 770 513
185 709 246 769 τοῦ
266 699 331 768 νεω
353 699 392 767 τά
417 697 501 766 αύτά
522 696 631 766 ὁπόσα
650 697 671 784 ή
696 699 799 784 στήλη
823 703 934 784 δηλοῖ,
961 714 1113 784 γραφαῖς
1133 695 1199 765 ὑπό

184 808 252 868 τῶν
269 805 419 868 παλαιάν
435 799 612 883 εἰκασμένα
629 800 816 881 δείκνυται,
837 799 947 864 πλέων
958 796 1115 884 Ὀρέστης
1130 796 1198 883 ἅμα

183 907 229 990 τῷ
245 907 347 991 φίλω,
373 896 441 965 εἶτα
461 899 499 964 έν
512 911 580 974 τοῖς
596 909 756 982 κρημνοῖς
770 899 1014 981 διαφθαρείσης
1030 892 1127 985 αύτῷ
1142 903 1199 978 τῆς

184 995 268 1075 νεός
283 998 544 1082 συνειλημμένος
556 997 610 1062 καλ
619 991 704 1078 πρός
713 991 775 1080 τήν
786 1000 913 1061 θυσίαν
923 995 1198 1079 παρεσκευασμέ·

185 1120 259 1178 νος,
276 1097 330 1162 καλ
341 1090 362 1179 ή
373 1090 550 1178 Ἰφιγένεια
560 1089 625 1178 ήδη
636 1089 831 1176 κατάρχεται
843 1090 970 1158 αὐτῶν·
992 1085 1198 1172 καταντικρύ

185 1192 221 1258 δὲ
238 1192 290 1258 ἐπὶ
311 1197 371 1257 τοῦ
392 1191 507 1271 ἑτέρου
527 1196 640 1274 τοίχου
660 1189 725 1275 ήδη
746 1188 933 1268 ἐκδεδυκὼς
953 1190 993 1256 τά
1015 1189 1124 1276 δεσμὰ
1144 1193 1198 1274 γέ-

185 1311 328 1374 γραπται
347 1290 402 1354 καὶ
423 1287 581 1371 φονεύων
597 1283 658 1351 τόν
674 1287 809 1354 Θόαντα
831 1289 886 1353 καὶ
906 1286 1052 1364 πολλούς
1074 1286 1197 1363 ἀλλους

185 1393 253 1452 τῶν
269 1391 437 1466 Σκυθῶν,
457 1385 512 1450 καὶ
526 1385 618 1460 τέλος
635 1381 874 1467 ἀποπλέοντες,
897 1391 1026 1471 ἔχοντες
1041 1383 1104 1471 τήν
1116 1383 1194 1470 Ἰφι-

184 1485 318 1566 γένειαν
335 1481 388 1546 καὶ
411 1477 472 1564 τήν
490 1480 591 1546 θεόν·
620 1484 655 1547 οί
667 1482 805 1549 Σκύθαι
828 1485 864 1550 δὲ
881 1481 989 1562 ἄλλως
1011 1481 1196 1569 ἐπιλαμβά-

187 1605 302 1646 νονται
314 1584 374 1643 τοῦ
390 1578 542 1662 σκάφους
556 1577 620 1664 ήδη
634 1581 793 1659 πλέοντος
808 1583 1116 1669 ἐκκρεμαννύμενοι
1132 1607 1195 1648 τιιυ

185 1681 355 1761 πηδαλίων
369 1677 424 1744 καὶ
438 1677 678 1764 ἐπαναβαίνειν
687 1678 905 1764 πειράμευοι,
922 1679 982 1748 εἶτ’
999 1677 1101 1747 οὐδὲν
1111 1677 1197 1744 ἀνύ-

186 1794 302 1849 σαντες
319 1777 353 1839 οί
370 1774 431 1859 μὲν
446 1771 558 1842 αὐτῶν
575 1783 790 1861 τραυματίαι,
812 1781 847 1844 οί
864 1778 900 1844 δὲ
917 1778 972 1844 καὶ
988 1777 1055 1844 δέει
1072 1777 1196 1843 τούτου

185 1869 410 1990 ἀπονήχονται
427 1870 509 1957 πρός
521 1871 582 1959 τήν
592 1882 666 1961 γήν.
691 1880 777 1942 ἔνθα
792 1872 900 1961 δήκαὶ
914 1874 1056 1960 μάλιστα
1072 1877 1140 1940 ίδοι
1152 1901 1199 1952 τις
1286 1923 1288 1926 ⁴

119 1959 136 1984 ²
186 1965 230 2036 ἀν
240 1967 376 2090 ὁπόσην
393 1967 478 2054 ὑπὲρ
495 1969 650 2059 ἀλλήλων
667 1971 802 2042 εὔνοιαν
823 1974 1117 2056 έπεδείκυυυτο,’
1101 1997 1138 2038 εν
1159 1979 1197 2059 πή

184 2064 268 2151 πρός
284 2067 362 2148 τούς
379 2072 520 2148 Σκύθας
537 2080 725 2158 συμπλοκή.
755 2079 913 2158 πεποίηκε
929 2068 992 2156 γάρ
1011 2067 1029 2136 δ
1045 2066 1196 2189 γραφεύς

184 2169 342 2254 ἑκάτερον
353 2167 540 2256 αμελουντα
550 2173 612 2256 μὲν
622 2196 691 2237 των
702 2168 807 2237 καθ’
790 2168 911 2237 εαυτδυ
920 2167 1128 2254 πολεμίων,’
1109 2195 1196 2254 αμυ-

185 2267 331 2350 νόμενον
346 2269 383 2333 δὲ
396 2266 475 2344 τοὺς
490 2269 752 2352 ἐπιφερομένους
766 2269 900 2356 θατέρῳ
915 2270 970 2335 καὶ
984 2293 1048 2353 προ
1038 2265 1196 2336 ἐκείνου

116 2377 168 2430 ⁵14
186 2359 339 2428 ἀπαντᾶν
358 2363 567 2448 πειριόμενον
582 2377 651 2440 τοῖς
668 2364 845 2447 τοξεύμασι
862 2368 917 2433 καλ
932 2368 1013 2449 παρ’
1031 2366 1134 2436 οὐδέν
1147 2395 1195 2435 τι-

184 2461 347 2542 θέμενον,
370 2465 400 2526 εί
419 2458 639 2527 ἀποθανεῖται
654 2461 764 2537 σείσας
779 2462 839 2528 τόν
854 2469 971 2546 φίλου,
995 2469 1051 2533 καὶ
1065 2465 1129 2554 τήν
1144 2464 1195 2534 ἐπ’

185 2560 314 2623 ἐκεῖνον
332 2560 522 2642 φερομένην
543 2555 676 2644 πληγήν
690 2559 908 2644 προαρπάσας
927 2567 972 2648 τῷ
990 2563 1115 2633 ἑαυτοῦ
1128 2566 1192 2633 σοι’-

185 2680 269 2740 ματι.
293 2658 321 2722 7.
339 2652 400 2739 τήν
417 2653 456 2741 δή
473 2657 639 2744 τοσαύτην
656 2657 793 2726 εύνοιαν
808 2657 921 2726 αὐτῶν
934 2660 988 2726 καὶ
1002 2657 1066 2748 τήν
1082 2668 1118 2732 έν
1128 2679 1193 2743 τοῖς

186 2759 307 2830 δεινοῖς
326 2760 507 2823 κοινωνίαν
527 2759 581 2824 καὶ
601 2755 638 2826 τό
657 2754 777 2826 πιστόν
799 2759 852 2825 καὶ
873 2760 1068 2844 φιλέταιρον
1083 2766 1136 2828 καὶ
1158 2761 1195 2830 τό

185 2850 309 2935 ἀληθὲς
322 2855 377 2920 καὶ
392 2857 530 2942 βέβαιον
545 2866 607 2924 τού
626 2856 711 2942 πρὸς
730 2855 896 2944 ἀλλήλους
917 2863 1037 2941 ἔρωτος
1053 2856 1114 2924 ούκ
1130 2858 1194 2924 ἀν-

183 2949 342 3033 θρώπινα
356 2961 459 3021 ταῦτα
474 2954 633 3044 ᾠήθημεν
648 2955 748 3043 εἶναι,
766 2956 850 3026 ἀλλά
865 2985 956 3037 τινος
969 2955 1096 3044 γνώμης
1111 2959 1189 3036 βεδ-

184 3059 292 3128 τίουος
304 3046 326 3137 ή
337 3052 420 3121 κατά
431 3053 510 3134 τούς
521 3053 667 3134 πολλούς
678 3057 817 3134 τούτους
828 3054 1040 3143 ἀνθρώπους,
1054 3054 1089 3116 οἳ
1096 3050 1188 3136 μέχρι

184 3149 246 3237 μέν
261 3149 334 3218 κατ’
352 3147 458 3238 οὖρον
475 3150 612 3234 ὁπλούς
634 3165 702 3241 είη,
724 3169 791 3232 τοῖς
804 3163 914 3239 φίλοις
935 3154 1189 3238 ἀγανακτοῦσιν,

186 3256 216 3317 εί
235 3249 279 3336 μή
302 3249 352 3318 ἐπ’
377 3263 449 3338 ίσης
470 3254 716 3340 κοινωνήσουσι
741 3261 809 3320 τῶν
830 3251 955 3338 ήδέωυ,
983 3256 1013 3317 εί
1030 3250 1069 3316 δέ
1086 3275 1118 3315 τι
1139 3252 1189 3318 καὶ

183 3349 307 3431 μικρόν
324 3377 355 3416 τι
372 3348 575 3439 ἀντιπνεύση
590 3351 718 3438 αὐτοῖς,
735 3361 880 3437 οίχονται
897 3349 1023 3435 μόνους
1037 3363 1106 3426 τοῖς
1121 3375 1188 3416 κιν-
