2575 3842
193 197 256 262 396
550 201 856 264 AOYKIANOY

125 375 174 429 741
280 357 359 428 οὐδὲ
373 357 437 444 γάρ
450 356 619 442 Ἀτρείδην
633 356 859 444 Ἀγαμέμνονα

279 457 385 536 ὕπνος
401 465 452 542 έχε
467 455 630 542 γλυκερὸς
644 459 750 524 πολλὰ
763 459 889 542 φρεσίν
904 453 1121 544 ὁρμαίνοντα,

157 559 161 568 “
194 561 248 626 καὶ
260 564 362 624 ταῦτα
373 556 565 642 ῥεγκόντων
577 552 716 640 Ἀχαιων
727 551 895 622 ἁπάντων.
918 564 1020 624 λυπεῖ
1029 556 1065 624 δὲ
1076 553 1143 623 τόν
1155 556 1225 642 μὲν

194 655 310 724 Λυδόν
325 653 343 723 ὁ
358 653 431 732 υίὸς
446 649 561 737 κωφὸς
576 650 635 737 ὤν,
653 648 713 716 τόν
724 654 860 737 Πέρσην
877 655 914 720 δέ
928 659 1094 741 Κλέαρχος
1104 655 1222 744 Κύρῳ

194 759 397 838 ξενολογῶν,
414 751 518 819 άλλον
532 751 568 817 δὲ
582 755 678 817 Δίων
692 748 776 832 πρὸς
793 742 853 827 οὖς
869 770 934 817 τισι
948 758 1016 819 τῶν
1026 760 1221 836 Συρακου-

195 860 277 921 σίων
297 851 616 936 κοινολογούμενος,
641 850 696 916 καὶ
711 847 816 916 άλλον
830 856 1033 935 Παρμενίων
1048 853 1219 919 ἐπαινού-

194 975 294 1037 μενος
308 948 364 1016 καὶ
374 951 565 1030 Περδίκκαν
575 954 782 1029 Πτολεμαῖος
796 948 851 1013 καὶ
861 954 1070 1033 Πτολεμαῖον
1081 951 1218 1014 Σέλευ-

195 1072 271 1125 κος·
304 1042 387 1113 άλλά
411 1041 547 1112 κάκεῖυα
570 1053 687 1128 λυπεῖ,
714 1040 732 1109 ὁ
759 1043 925 1129 ἐρόμενος
946 1042 1030 1129 πρός
1055 1042 1217 1130 άνάγκην

195 1143 308 1228 ξυνών
328 1146 384 1212 καὶ
405 1146 565 1221 παλλακὶς
586 1141 676 1231 άλλφ
697 1147 859 1227 χαίρουσα
885 1144 940 1209 καὶ
960 1140 1218 1228 ἀποστήσεσθαί

195 1269 282 1321 τινες
297 1241 473 1327 λεγόμενοι
486 1243 541 1308 καὶ
554 1237 608 1308 δύ’
628 1236 651 1326 ή
666 1241 817 1325 τέτταρες
831 1247 899 1307 τῶν
910 1239 1114 1326 δορυφόρων
1125 1238 1218 1324 πρὸς
1271 1322 1272 1331 2

195 1341 361 1428 ἀλλήλους
380 1344 678 1422 διαψιθυρίζοντες.
707 1335 744 1405 τὸ
767 1339 803 1406 δέ
817 1344 990 1424 μέγιστον,
1011 1337 1216 1425 ὑφορᾶσθαι
1271 1346 1272 1415 ί

195 1444 249 1509 δεῖ
262 1439 404 1525 μάλιστα
425 1437 504 1517 τούς
525 1439 705 1523 φιλτάτους
726 1433 787 1516 κάξ
811 1439 948 1505 ἐκείνων
969 1435 1024 1505 άεί
1042 1464 1072 1504 τι
1094 1433 1215 1504 δεινὸν
1271 1518 1272 1521 ¹

196 1539 336 1616 ἐλπίζειν
351 1533 451 1620 ήξειν.
474 1531 492 1602 ὁ
510 1536 571 1618 μὲν
591 1541 677 1618 γοῦν
695 1530 761 1600 ὑπὸ
776 1540 838 1600 τοῦ
851 1530 971 1611 παιδός
986 1531 1162 1601 ἀπέθανεν
1176 1537 1213 1600 ἐκ
1271 1534 1272 1607 λ

196 1633 398 1722 φαρμάκων,
414 1631 432 1700 ὁ
445 1633 481 1700 δὲ
494 1636 550 1700 καὶ
562 1631 663 1711 αὐτὸς
674 1630 741 1699 ὑπὸ
753 1639 814 1699 τοῦ
825 1635 1013 1718 ἐρωμένου,
1028 1631 1088 1700 τὸν
1100 1635 1138 1701 δὲ
1149 1634 1211 1700 άλκ

196 1742 257 1802 λον
274 1741 353 1808 ἴσως
373 1729 487 1815 ὅμοιος
504 1730 626 1814 τρόπος
641 1730 797 1798 θανάτου
814 1734 1005 1816 κατέλαβεν.
1271 1730 1272 1737 ¹

281 1835 332 1898 26.
354 1836 453 1896 MIK.
471 1827 613 1915 Ἄπαγε,
640 1825 734 1895 δεινά
749 1835 854 1894 ταῦτα
868 1828 945 1915 φής,
964 1821 1212 1913 ύάλεκτρυοόν.

128 1941 178 1995 742
198 1932 269 2017 ἐμοὶ
278 1935 363 2016 γοῦν
373 1925 460 1996 πολὺ
469 1925 719 2014 ἀσφαλέστερον
728 1923 1215 2013 σκυτοτομεῖυέπικεκυφόταή

197 2036 307 2098 πίνειν
318 2025 383 2096 άπὸ
395 2033 519 2112 χρυσῆς
531 2027 654 2112 φιάλης
668 2030 796 2113 κωνείῳ
809 2022 982 2116 ήάκονίτςο
993 2046 1210 2111 συνανακρα-
1271 2060 1272 2097 ι

196 2139 316 2195 θεῖσαν
332 2132 546 2211 φιλοτησίαν·
569 2123 586 2192 ὁ
602 2133 688 2210 γοῦν
702 2126 860 2202 κίνδυνος
875 2127 945 2210 ἐμοὶ
963 2129 1042 2211 μέν,
1060 2132 1090 2195 εί
1103 2151 1211 2210 παρο-
1271 2192 1272 2217 3

197 2232 309 2294 λίσθοι
325 2225 361 2291 τὸ
378 2230 510 2309 σμιλίον
525 2226 579 2290 καὶ
601 2221 743 2308 ἁμάρτοι
764 2228 822 2306 τῆς
837 2230 939 2308 τομῆς
959 2231 1017 2311 τῆς
1039 2221 1091 2291 ἐπ’
1111 2221 1211 2307 εύθύ,
1271 2226 1272 2239 ³

197 2322 312 2408 ὀλίγον
327 2350 358 2389 τι
374 2322 507 2408 αἱμάξαι
527 2321 607 2400 τούς
622 2320 808 2398 δακτύλους
824 2321 1020 2407 ἐντεμόντα·
1044 2327 1077 2390 οί
1093 2326 1145 2409 δέ,
1168 2321 1211 2400 ὡς

197 2421 278 2506 φής,
306 2421 480 2505 θανάσιμα
503 2420 723 2507 εὐωχοῦνται,
747 2421 804 2487 καὶ
822 2428 926 2488 ταῦτα
946 2429 1079 2507 μυρίοις
1097 2437 1211 2499 κακοῖς

103 2605 105 2609 y
197 2520 361 2600 ξυνόντες.
385 2517 442 2586 εἶτ’
457 2517 594 2587 ἐπειδάν
607 2521 769 2602 πέσωσιν,
785 2517 895 2604 ὅμοιοι
909 2522 1052 2605 μάλιστα
1068 2528 1211 2606 φαίνον-

196 2644 249 2686 ται
260 2631 327 2695 τοῖς
338 2632 506 2703 τραγικοῖς
517 2615 723 2704 ὑποκριταῖς,
738 2611 788 2685 οἷν
798 2615 944 2697 πολλούς
955 2624 1039 2688 ίδεῖν
1052 2626 1120 2689 ἔστι
1131 2623 1211 2699 τέως

197 2718 258 2806 μὲν
267 2720 442 2801 Κέκροπας
453 2721 559 2804 δῆθεν
571 2715 670 2795 ὄντας
682 2713 703 2802 ἢ
714 2716 891 2803 Σισύφους
904 2713 927 2803 ή
941 2724 1127 2805 Τηλέφους,
1137 2725 1210 2787 δια-
1271 2796 1272 2807 ¹

197 2818 326 2904 δήματα
340 2821 475 2901 ἔχοντας
495 2818 549 2885 καὶ
567 2821 646 2904 ξίφη
667 2816 926 2902 ἐλεφαντόκωπα
946 2819 1002 2886 καὶ
1025 2821 1211 2887 ἐπίσειστον

196 2917 306 3002 κόμην
317 2918 372 2983 καὶ
382 2915 534 3003 χλαμύδα
547 2916 793 3002 χρυσόπαστον,
805 2911 849 3001 ήν
859 2918 905 3000 δέ,
916 2911 971 2984 οἶα
982 2915 1088 2985 πολλά
1099 2925 1211 3003 γίγνε-

128 3028 179 3082 743
196 3042 258 3095 ται,
275 3015 521 3100 κενεμβατήσας
532 3042 581 3092 τις
596 3012 708 3082 αὐταῖν
718 3017 755 3082 ἐν
765 3018 849 3103 μέση
860 3023 900 3103 τῇ
913 3024 1021 3105 σκηνή
1031 3021 1210 3106 καταπέση,
1271 3004 1272 3057 ¹

195 3119 320 3199 γέλωτα
335 3111 461 3200 δηλαδή
477 3117 611 3200 παρέχει
622 3128 691 3192 τοῖς
700 3123 838 3193 θεαταῖς
848 3122 908 3182 τοῦ
921 3123 1135 3198 προσωπείου
1149 3117 1211 3202 μὲν

196 3215 430 3299 συντριβέντος
442 3212 532 3304 αύτῷ
544 3213 729 3299 διαδήματι,
740 3211 932 3301 ᾑμαγμένης
944 3215 980 3281 δὲ
990 3223 1047 3300 τής
1058 3212 1211 3300 ἀληθοῦς

196 3318 342 3394 κεφαλῆς
351 3319 411 3378 τοῦ
421 3311 607 3397 ὑποκριτοῦ
617 3313 673 3379 καὶ
681 3317 750 3377 τῶν
760 3319 890 3380 σκελῶν
900 3313 953 3380 ἐπὶ
963 3310 1050 3380 πολύ
1060 3339 1210 3399 γυμνου-

196 3409 322 3489 μένων,
347 3405 390 3484 ὦς
405 3416 462 3493 τῆς
482 3435 517 3476 τε
534 3413 676 3497 ἐσθῆτος
696 3407 736 3476 τά
751 3414 895 3478 ἔνδοθεν
910 3416 1093 3495 φαίνεσθαι
1109 3413 1210 3499 ῥάκια
1268 3426 1273 3477 ἶ
