2575 3842
190 157 254 219 362
546 155 853 215 AOYKIANOY

191 321 300 403 ἐφεῑτο
316 317 352 382 ἐκ
367 320 427 381 τοῦ
446 314 554 399 νόμον
570 316 790 399 δημηγορεῖν,
814 321 894 390 ἴσως
906 307 951 378 άν
967 310 1064 380 εἰπόν
1079 341 1115 380 τι
1131 320 1216 401 ξυμ-

191 414 298 498 φέρον
311 414 345 489 ἐς
359 408 421 496 τὴν
436 411 621 488 διάσκεψιν.

275 513 397 574 ΜΩΜ.
416 503 461 574 ‘H
470 506 531 592 μὲν
546 507 677 590 σκέψις,
696 499 919 592 οἷ’Άπολλον,
941 505 1030 574 οὕτω
1051 509 1139 594 περὶ
1157 535 1218 595 με·

191 608 322 694 γάλων,
339 603 422 672 ὥστε
437 603 482 690 μὴ
498 600 579 672 καθ’
596 601 745 688 ἡλικίαν,
765 600 849 670 άλλά
865 600 984 670 κοινὸν
998 601 1111 671 ἅπασι
1127 631 1219 689 προ-

191 715 325 774 κεῖσθαι
346 701 545 788 τὸνλόγον·
577 700 694 787 χάριεν
714 701 797 785 γάρ,
823 706 853 768 εί
873 703 948 787 περὶ
966 728 1035 768 τιιν
1056 704 1219 789 ἐσχάτων

192 802 448 878 κινδυνεύοντες
461 801 536 883 περὶ
550 806 608 884 τῆς
627 801 664 865 ἐν
683 813 751 875 τοῖς
766 798 882 883 νόμοις
897 801 1048 877 ἐξουσίας
1062 819 1219 886 σμικρο-
1263 856 1264 863 ,

192 907 385 987 λογοίμεθα.
409 895 452 965 σύ
469 898 506 966 δὲ
523 899 577 965 καὶ
599 896 691 964 πάνυ
706 893 770 980 ἤδη
791 901 932 981 ἔννομος
953 895 983 963 εἷ
1001 898 1216 982 δημηγόρος,
1263 885 1266 1003 ρ

192 999 361 1082 πρόπαλαι
375 997 438 1083 μὲν
452 999 484 1076 ἐξ
499 997 636 1083 ἐφήβων
653 995 817 1081 γεγονός,
839 996 1109 1080 ἐγγεγραμμένος
1125 997 1166 1064 δὲ
1182 1003 1216 1076 ἐς
1264 1020 1265 1027 “

121 1110 175 1166 672
193 1093 229 1163 τό
243 1103 310 1161 τῶν
323 1095 452 1162 δώδεκα
463 1094 686 1180 ληξιαρχικόν,
703 1095 759 1161 καὶ
768 1091 885 1178 ὀλίγον
895 1097 967 1160 δεῖν
978 1099 1035 1178 τῆς
1046 1095 1102 1160 ἐπὶ
1116 1098 1213 1178 Κρό-
1265 1056 1267 1167 δ

193 1217 257 1259 νον
272 1198 396 1279 βουλῆς
411 1190 474 1258 ύν·
506 1190 589 1260 ὥστε
608 1188 653 1277 μὴ
673 1192 876 1277 μειρακεύον
890 1187 975 1273 πρὸς
989 1187 1093 1276 ἡμᾶς,
1121 1191 1211 1261 άλλᾶ
1266 1226 1267 1289 ρ

192 1293 267 1375 λέγε
280 1297 421 1374 θαρρῶν
434 1290 498 1376 ἤδη
512 1288 552 1358 τά
567 1296 734 1359 δοκοῦντα
747 1288 852 1375 μηδὲν
862 1292 1039 1374 αἰδεσθείς,
1059 1287 1114 1356 ὅτι
1125 1288 1210 1375 άγέ-

192 1411 281 1465 νειος
296 1383 345 1454 όν
359 1389 614 1474 δημηγορήσεις,
629 1389 801 1456 καὶταῦτα
814 1386 1055 1472 βαθυπώγωνα
1069 1387 1129 1454 καὶ
1147 1384 1208 1454 εύ-
1267 1398 1268 1471 η

192 1487 325 1570 γένειον
341 1483 447 1562 οὕτως
463 1483 540 1552 νίόν
559 1493 643 1571 ἐχων
662 1484 722 1554 τὸν
742 1484 951 1569 Ἀσκληπιόν.
974 1482 1082 1561 άλλως
1098 1487 1208 1552 τεκαὶ

193 1588 321 1666 πρέπον
336 1579 379 1650 άν
393 1593 443 1669 είη
460 1606 512 1652 σοι
526 1594 592 1653 νῦν
606 1588 748 1674 μάλιστα
763 1589 934 1672 ἐκφαίνειν
944 1581 1007 1670 τὴν
1021 1590 1159 1669 σοφίαν,
1176 1590 1207 1651 εί
1268 1568 1270 1663 λ

193 1680 237 1766 μὴ
253 1681 361 1766 μάτην
374 1683 411 1748 έν
426 1679 634 1771 τῷἘλικιινι
652 1686 799 1771 κάθησαι
815 1697 885 1760 ταῖς
899 1683 1056 1759 Μούσαις
1072 1701 1185 1767 συμφι
1269 1752 1270 1769 ρ

193 1785 360 1862 λοσοφῶν.
821 1787 825 1792 ’

278 1883 412 1944 ΑΠΟΛ.
435 1873 520 1945 Ἀλλ’
535 1875 577 1944 ού
588 1881 641 1961 σέ,
658 1871 822 1964 άΜιιμε,
835 1876 897 1965 χρὴ
910 1875 950 1945 τά
962 1884 1100 1945 τοιαῦτα
1112 1880 1203 1962 ἐφιέ-

194 2000 267 2060 ναι,
290 1973 350 2042 τὸν
363 1981 430 2042 Δία
447 1978 497 2042 δέ·
525 1978 580 2043 καὶ
595 1972 639 2062 ἢν
655 1969 753 2055 οὗτος
769 1977 907 2065 κελεύη,
929 1977 1012 2061 τάχα
1029 1973 1074 2041 ἄν
1088 2002 1122 2042 τι
1143 1973 1204 2040 ούιι

194 2072 351 2159 ἄμουσον
360 2083 485 2158 είποιμι
501 2070 584 2142 άλλά
599 2082 658 2160 τῆς
671 2078 710 2143 ἐν
725 2081 771 2164 τῷ
780 2073 934 2144 Ἑλικῶνι
948 2079 1083 2162 μελέτης
1098 2072 1206 2156 ἄξιον.

277 2179 403 2240 ΖΕΥΣ.
425 2175 527 2257 Λέγε,
544 2164 571 2238 ω’
589 2175 722 2241 τέκνον·
745 2177 858 2259 ἐφίημι
876 2173 950 2260 γάρ.

276 2275 327 2337 27.
346 2277 481 2339 ΑΠΟΛ.
499 2268 536 2339 ‘0
554 2277 719 2357 Τιμοκλῆς
728 2265 827 2350 οὗτος
840 2279 908 2340 ἐστι
922 2272 983 2359 μὲν
997 2269 1139 2358 χρηστός
1151 2274 1208 2340 καὶ

194 2365 331 2453 εὐσεβὴς
342 2369 397 2434 καί
407 2365 486 2445 τούς
496 2369 642 2452 τρόπους
653 2371 745 2438 πάνυ
753 2369 919 2458 ἠκρίβωκε
927 2368 1006 2450 τούς
1015 2378 1207 2438 τωνΣτωλ-

194 2473 280 2532 κοίν’
303 2463 386 2532 ὥστε
402 2469 456 2532 καὶ
471 2466 627 2534 σύνεστιν
641 2470 691 2536 ἐπὶ
704 2476 807 2559 σοφία
818 2479 953 2548 πολλοῖς
963 2477 1031 2536 τῶν
1046 2470 1135 2536 νέιιν
1150 2471 1207 2536 καὶ

194 2560 338 2648 μισθούς
355 2561 417 2631 ούκ
438 2560 572 2648 ὀλίγους
592 2568 646 2635 ἐπὶ
663 2569 770 2657 τούτῳ
786 2571 929 2654 ἐκλέγει,
949 2568 1081 2652 σφόδρα
1097 2578 1206 2635 πιθα-

193 2656 252 2738 νός
264 2657 327 2746 όίν,
345 2658 445 2729 ὁπότε
461 2667 529 2751 ἰδίᾳ
539 2678 607 2742 τοϊς
621 2676 787 2751 μαθηταῖς
801 2669 1002 2752 διαλέγοιτο·
1027 2668 1063 2733 ἐν
1077 2667 1206 2751 πλήθει

124 2777 175 2833 673
196 2761 231 2828 δὲ
252 2765 356 2852 είπετγ
371 2758 594 2850 ἀτολμότατός
614 2768 682 2834 ἐστι
703 2767 759 2832 καὶ
780 2763 842 2851 τὴν
862 2763 982 2850 φωνὴν
999 2763 1132 2849 ἰδιότης
1150 2765 1207 2830 καλ

192 2859 453 2947 μιξοβάρβαρος,
476 2861 559 2930 ὥστε
582 2867 710 2950 γέλωτα
732 2863 951 2950 ὀφλισκάνειν
972 2861 1026 2930 διά
1048 2869 1150 2929 τοῦτο
1168 2866 1206 2929 ἐν

192 2971 261 3034 ταῖς
272 2967 464 3038 συνουσίαις
474 2958 516 3028 ού
527 2965 701 3046 ξννείρων,
712 2959 796 3031 άλλά
805 2967 1008 3049 βατταρίζων
1017 2962 1071 3028 καὶ
1080 2985 1206 3044 ταρατ-

192 3055 346 3142 τόμενος,
362 3061 417 3126 καὶ
431 3060 573 3142 μάλιστα
588 3057 716 3127 ὁπόταν
731 3058 838 3138 οὕτως
851 3065 935 3145 ἔχων
950 3063 1004 3126 καί
1018 3068 1204 3143 καλλιρρη-

192 3151 345 3237 μοσύνην
364 3157 615 3224 ἐπιδείκνυσθαι
635 3159 807 3244 βούληται.
830 3160 978 3236 ξυνεῖναι
997 3155 1140 3242 μὲνγὰρ
1159 3163 1205 3234 είς

191 3244 384 3335 ὑπερβολὴν
394 3248 471 3331 ὀξύς
484 3256 550 3319 ἐστι
562 3257 617 3321 καλ
627 3254 881 3340 λεπτογνώμων,
894 3253 938 3332 εἵς
949 3276 1052 3339 φασιν
1064 3259 1100 3320 οί
1107 3253 1203 3339 άμει-

192 3365 256 3408 νον
274 3341 315 3410 τὰ
330 3353 398 3412 τῶν
412 3356 574 3418 Στωικῶν
589 3353 728 3435 εἰδότες,
749 3357 858 3438 λέγων
873 3352 910 3418 δὲ
932 3351 986 3418 καὶ
1006 3351 1202 3435 ἑρμηνεύων
