2575 3842
178 183 241 246 304
529 184 832 243 AOYKIANOY

180 350 344 446 γίγνεται,
359 339 474 425 ἤρετο,
495 347 643 406 Τίτοῦτο
651 333 901 425 ,άΔημῦναξς
923 339 993 408 333
1007 342 1189 445 μειδιάσας,

183 425 305 506 Χάρων
316 449 356 526 με
368 427 495 526 έδακεν,
509 429 582 508 ἔφη.
606 389 661 490 463
671 427 724 490 καί
736 426 848 508 μέντοι
860 426 1188 509 καὶΛακεδαιμόνιόν

182 533 256 574 τινα
273 504 405 573 ίδων
371 531 430 573 τον
445 504 550 572 αὑτου
536 509 693 590 οἰκέτην
704 513 938 611 μαστιγοῦντα,
954 514 1097 591 Παῦσαι,
1115 516 1187 613 ἔφη,

182 590 524 780 33333333333333
506 587 1189 783 333333333333333333333333333

183 755 223 823 οῦ
244 753 310 863 γάρ
328 753 527 860 είΔανάηη
544 754 710 858 Ἀκρισίου
725 757 924 864 θυγάτηρ
923 761 973 825 48.
992 759 1132 842 μάλιστα
1154 759 1189 824 δὲ

114 853 160 908 391
184 841 334 923 ἐπολέμει
348 852 416 915 τοῖς
432 835 473 904 οῦ
490 835 573 920 πρὸς
586 837 750 943 άλήθειαν
764 838 847 905 αλλά
863 837 1003 922 πρόςπ
963 842 1003 907 ἐπ
1003 844 1119 919 ίδειξιν
1133 866 1190 925 φι-

182 929 406 1006 λοσοφοῦσιν·
436 922 494 987 ἕνα
537 929 600 988 οῦν
616 919 700 988 ίδων
721 921 873 988 Κυνικὸν
865 930 1033 1024 τρίβωνα
1054 923 1116 1007 μὲν
1136 925 1190 992 καί

182 1007 294 1111 πήραν
309 1010 436 1090 ἔχοντα,
453 947 574 1071 333333
538 1004 644 1088 δὲτῆς
659 1003 872 1090 βακτηρίας“
850 1029 987 1109 υπερον,
1003 1008 1058 1073 καὶ
1070 1032 1190 1090 κεκρα-

182 1115 262 1174 γοτα
274 1091 328 1156 καὶ
339 1085 501 1171 λέγοντα
489 1085 540 1153 ότι
551 1085 784 1166 Ἀντισθένους
795 1089 849 1154 καί
860 1090 1030 1193 Κράτητος
1041 1116 1096 1157 και
1085 1092 1191 1156 Διο-

181 1175 312 1273 γένους
316 1173 382 1238 ἐστὶ
369 1172 552 1274 ζηλωτής,
569 1169 628 1255 Mn
642 1172 782 1254 ψεύδου,
798 1176 872 1254 ἔφη,
889 1171 932 1237 σύ
943 1170 1007 1256 γάρ
1015 1171 1190 1275 Ὑπερίδου

183 1253 334 1362 μαθητης
358 1250 406 1360 εβν
427 1255 609 1338 τυγχάνεις
650 1258 700 1320 49
728 1256 797 1320 ἐπεὶ
821 1257 933 1356 μέντοι
959 1252 1103 1332 πολλοῦς
1124 1263 1192 1320 τῶν

183 1338 375 1448 άθλητῦν
359 1337 444 1429 εωρα
462 1344 733 1439 κακομαχοῦντας
753 1338 807 1404 καὶ
825 1336 913 1439 παρά
931 1336 991 1404 τὸν
1007 1339 1114 1442 νόμον
1131 1336 1191 1404 τὸν

183 1421 369 1526 ἐναγώνιον
379 1417 452 1487 ἀντὶ
462 1445 523 1486 του
509 1422 788 1522 παγκρατιάζειν
798 1422 994 1505 δακνοντας,
1011 1419 1113 1488 ουκ’
1095 1446 1191 1488 απει-

184 1505 305 1585 κότως,
324 1509 405 1587 ἔφη,
420 1499 499 1578 τοῦς
510 1509 576 1569 νῦν
587 1500 743 1607 άθλητάς
750 1508 784 1571 03
795 1508 1191 1587 παρομαρτοῦντεςλέον-

183 1614 240 1664 τας
255 1593 426 1653 καλοῦσιν.
447 1590 498 1652 50.
514 1582 645 1652 ἀστεῖον
657 1583 743 1652 δὲ’
704 1601 837 1653 κακεῖνο
853 1589 958 1653 αὐτοῦ
967 1615 1021 1654 και
1011 1586 1192 1689 δηκτικὸν

184 1669 251 1756 ἅμα
266 1666 303 1735 τὸ
321 1664 405 1750 πρὸς
419 1665 478 1734 τὸν
493 1665 691 1736 άνθῦπατον
704 1674 895 1772 εἰρημένον
916 1696 961 1754 ην
972 1674 1033 1755 μὲν
1047 1668 1112 1755 γάρ
1124 1677 1192 1736 τῶν

115 1770 166 1824 393
185 1751 413 1835 πιττουμένων
434 1749 472 1817 τά
482 1756 591 1857 σκέλη
609 1753 664 1818 καὶ
680 1749 717 1818 τὸ
741 1760 835 1858 σῶμα
857 1751 953 1820 ὅλον
985 1760 1138 1820 Κυνικοῦ
1155 1755 1193 1819 δέ

184 1862 273 1914 τινος
288 1837 340 1901 ἐπὶ
355 1840 455 1901 λίθον
471 1832 658 1922 άναβάντος
674 1837 727 1902 καὶ
748 1833 828 1901 αὐτὸ
846 1843 944 1902 τοῦτο
962 1844 1191 1942 κατηγοροῦν-

184 1945 239 1997 τος
255 1916 359 1985 αῦτου
347 1919 475 1986 καὶί
446 1925 475 1986 ε
475 1946 491 1997 ς
505 1923 672 1986 κιναιδιαν
687 1919 939 2023 διαβάλλοντος,
961 1919 1192 2024 ἀγανακτήσας

185 2031 238 2071 και
229 2006 531 2107 κατασπασθῆναι
544 2001 604 2114 νῦν
616 2010 649 2069 Κ
648 2027 766 2068 υνικον
776 2003 935 2080 κελεύσας
942 2000 1118 2108 ἔμελλεν”
1096 2029 1189 2086 ην-
1131 2004 1189 2081 ξῦ-

185 2097 254 2164 λοις
274 2093 479 2190 συντρίψειν
489 2114 510 2173 η
528 2088 583 2153 καὶ
600 2093 692 2172 φυγῇ
709 2085 898 2187 ζημιώσειν
932 2083 1005 2153 ἀλλ’
1030 2085 1101 2192 ὅγε
1116 2096 1189 2187 Δη-

184 2177 297 2256 μωναξ
306 2195 505 2272 παρατνχων
515 2183 689 2256 παρητειτο
700 2190 902 2253 συγγνωμην
912 2176 998 2254 ἔχειν
1008 2195 1096 2255 αυτω
1107 2193 1189 2234 κατα

184 2280 259 2321 τινα
282 2253 423 2360 πάτριον
444 2268 512 2358 3033
535 2259 694 2328 Κυνικοῖς
719 2259 907 2336 παρρησιαυ
932 2235 1189 2358 θρασυνομένῳ.

186 2337 335 2411 εἰπόντος
351 2334 385 2400 δὲ
400 2343 460 2400 τοῦ
477 2333 694 2414 ἀνθυπάτου,
710 2341 788 2400 Νῦν
802 2338 864 2419 μέν
876 2357 929 2400 σοι
943 2336 1062 2420 άφίημι
1069 2333 1188 2439 αὐτόν,

184 2414 228 2484 άν
243 2415 312 2484 δε”
290 2436 433 2500 υστερον
447 2418 601 2484 τοιοῦτόν
612 2443 642 2482 τι
653 2417 810 2503 τολμήση,
826 2425 860 2484 τί
870 2428 993 2486 παθεῖν
1004 2418 1094 2498 ἄξιός
1104 2421 1190 2496 ἐστι,

184 2497 271 2569 333‘
256 2527 273 2566 ο
288 2505 471 2585 Δημῶναξ,
497 2509 785 2608 Δρωπακισθῆναι
806 2502 879 2568 τότε
897 2500 1000 2570 αῦτόν
1020 2505 1188 2569 κέλευσον.

184 2589 233 2651 51.
250 2583 339 2671 άλλω
354 2585 394 2687 δέ
405 2609 470 2648 τινι
486 2583 755 2666 στρατοπέδων”
734 2610 800 2668 αμα
816 2587 870 2652 καλ
887 2591 1009 2663 ἔθνους
1022 2593 1082 2652 τοῦ
1096 2590 1190 2668 μεγί-

185 2687 265 2734 στου
276 2692 337 2769 την
349 2663 454 2773 ἀρχὴν
469 2670 748 2749 ἐμπιστευθέντι
732 2693 769 2734 εκ
780 2671 967 2777 βασιλέως’
950 2671 1105 2757 ερομένω,
1120 2673 1191 2740 πῶς

185 2750 301 2856 ἄριστα
311 2747 418 2853 ἄρξεις
431 2749 697 2836 Ἀόργητος,έφη,
708 2752 763 2817 καλ
774 2751 914 2835 ὀλίγα
879 2778 944 2857 μεν
952 2759 1072 2836 λαλοῦν,
1083 2746 1190 2816 πολλά

184 2831 254 2902 δὲ’
236 2833 380 2900 ακοῦων.
409 2839 459 2900 52.
448 2837 618 2940 ἐρομένω
632 2839 669 2901 δέ
678 2860 742 2900 τινι
758 2839 788 2900 εί
799 2838 853 2900 καὶ
866 2832 965 2912 αῦτὸς
981 2841 1191 2908 πλακοῦντας

184 2923 312 3020 ἐσθίοι,
331 2924 402 2983 Οίει
418 2909 481 2983 οῦν
488 2924 598 3021 ,ἔφη,
613 2932 681 2994 τοῖς
693 2930 815 3000 μωροῖς
826 2915 883 2994 τάς
895 2926 1044 3001 μελίττας
1059 2920 1191 2983 τιθέναι

184 3028 222 3068 33
243 3008 358 3107 κηρία;
392 3005 442 3068 53.
462 3026 545 3083 προς
561 3004 635 3067 δὲ
642 3007 813 3104 Ποικιλη
830 2999 1013 3084 ανδριαντα
1031 2997 1113 3068 ίδων
1128 3024 1190 3083 την

183 3097 274 3170 χεῖρα
289 3084 577 3188 ἀποκεκομμένον
600 3026 662 3162 633
677 3090 740 3169 ἔφη
756 3081 954 3187 Ἀθηναίους
969 3085 1072 3150 εἰκόνι
1085 3087 1191 3168 χαλκῇ

183 3167 437 3272 τετιμηκέναι
404 3193 464 3234 τον
478 3172 710 3269 Κυναίγειρον.
735 3171 784 3232 54.
800 3165 911 3234 καί
863 3193 937 3269 μην
948 3164 1022 3234 333‘
1020 3175 1191 3266 Ρονῳίνον

184 3248 244 3318 τόν
259 3252 467 3352 Κυπριρν-
479 3252 563 3334 λέγω
581 3247 667 3317 333
633 3275 694 3316 303
712 3248 835 3351 χωλὸν
837 3248 897 3316 τὸν
916 3254 951 3316 ἐκ
967 3257 1027 3316 τοῦ
1048 3247 1191 3331 περιπά-

115 3354 168 3407 393
187 3358 310 3400 του-
331 3331 413 3400 ίδων
434 3336 486 3401 ἐπὶ
511 3331 597 3399 πολὺ
623 3348 691 3410 τοῖς
713 3331 905 3414 περιπάτοις
931 3336 1191 3418 ἐνδιατρίβοντα,
