2575 3842
184 171 226 236 48
537 174 846 234 AOYKIANOY

186 331 319 420 μορφάς
334 330 523 401 ἀλλόκοτοι·
548 330 587 399 τά
606 332 668 417 μέν
683 330 748 416 γάρ
770 335 904 417 ἑσπέρια
922 334 978 401 καὶ
999 332 1118 419 οὐραῖα
1138 341 1196 419 τῆς

185 430 269 516 ύλης
288 437 467 516 Ταριχᾶνες
483 435 651 516 οἰκοῦσιν,
674 436 775 507 ἔθνος
789 429 1001 515 ἐγχελυωπὸν
1020 435 1075 500 καί
1090 459 1195 516 καρα-

186 527 426 616 βοπρόσωπον,
445 528 590 613 μάχιμον
605 529 660 595 καὶ
674 525 788 614 θρασύ
803 530 858 595 καὶ
874 526 1072 615 ὠμοφάγον·
1100 528 1140 597 τά
1159 531 1195 597 δὲ

186 635 244 714 τῆς
258 629 370 709 ἑτέρας
385 634 531 710 πλευρᾶς
545 625 628 694 κατά
642 624 704 694 τόν
714 624 825 706 δεξιόν
838 642 949 714 τοίχου
964 632 1196 715 Τριτωνομέν-

187 730 297 812 δητες,
314 722 353 792 τά
370 725 433 810 μὲν
446 723 517 791 ἀνω
533 723 729 810 ἀνθρώποις
743 724 903 810 ἐοικότες,
918 724 958 792 τά
974 726 1011 793 δέ
1024 727 1114 793 κάτω
1128 741 1196 805 τοῖς

185 823 384 909 γαλεώταις,
400 814 500 909 η’ττον
512 823 625 907 μέντοι
640 821 754 891 ἀδικοί
762 828 825 891 εἰσι
835 829 904 890 τῶν
918 821 1047 892 ἀλλων·
1066 821 1106 890 τά
1118 821 1196 891 λαιά

187 924 223 991 δέ
244 921 504 1008 Καρκινόχειρες
525 924 579 990 καί
603 925 858 1008 Θυννοκέφαλοι
879 929 1068 1009 συμμαχίαν
1087 948 1122 990 τε
1141 925 1198 990 καὶ

187 1031 304 1110 φιλίαν
319 1021 403 1107 πρὸς
417 1021 556 1102 ἑαυτούς
569 1026 802 1108 πεποιημένοι·
824 1021 887 1108 την
901 1022 937 1089 δὲ
948 1021 1129 1108 μεσόγαιαν
1140 1025 1198 1088 νέ-

187 1148 306 1209 μονται
319 1124 529 1206 Παγουρίδαι
546 1124 601 1190 καὶ
620 1120 848 1206 Ψηττόποδες,
864 1124 961 1206 γένος
978 1121 1122 1206 μάχιμον
1142 1123 1198 1188 καὶ

187 1219 452 1305 δρομικώτατον·
472 1217 513 1286 τά
528 1221 593 1309 ἑῷα
608 1221 644 1287 δὲ
660 1217 745 1306 πρός
762 1218 852 1308 αύτῷ
866 1226 912 1308 τῷ
928 1218 1065 1304 στόματι
1079 1213 1121 1283 τά
1134 1218 1199 1302 μὲν

186 1314 293 1386 πολλά
311 1317 415 1404 ἔρημά
432 1319 499 1384 ἐστι
521 1318 794 1403 προσκλυζόμενα
814 1323 854 1406 τῇ
870 1316 1028 1402 θαλάττῃ.
1057 1312 1148 1399 ὅμως
1162 1312 1199 1380 δὲ

187 1412 251 1500 ἐγώ
263 1423 367 1482 ταῦτα
378 1420 440 1500 ἔχω
452 1414 562 1500 φόρον
571 1429 639 1501 τοίς
648 1414 862 1500 Ψηττόποσιν
873 1411 1046 1481 ὑποτελῶν
1056 1411 1199 1478 ἑκάστου

187 1521 283 1592 ἔτους
298 1512 431 1597 ὄστρεια
442 1514 653 1582 πεντακόσια.
676 1519 727 1581 36.
740 1513 877 1598 τοιαύτη
888 1512 950 1598 μέν
960 1508 980 1596 ἡ
991 1508 1081 1596 χώρα
1092 1511 1200 1576 ἐστίν·

186 1609 273 1697 ὑμᾶς
296 1612 332 1678 δέ
352 1609 413 1698 χρὴ
436 1608 520 1693 ὁρᾶν
540 1609 629 1689 ὅπως
650 1609 868 1696 δυνησόμεθα
889 1609 1061 1686 τοσούτοις
1083 1613 1200 1675 ἔθνεσι

119 1721 170 1775 100
188 1709 353 1795 μάχεσθαι
373 1709 428 1776 καί
444 1706 534 1786 ὅπως
553 1708 781 1794 βιοτεύσομεν.
820 1707 929 1776 Πόσοι
944 1709 997 1792 δέ,
1022 1712 1108 1792 ἔφην
1122 1704 1199 1790 ἐγώ,

188 1807 310 1885 πάντες
325 1799 424 1874 οὗτοί
437 1812 515 1888 εἰσις
538 1813 699 1892 Πλείους,
717 1812 797 1893 ἔφη,
814 1814 883 1874 τῶν
898 1813 1023 1892 χιλίων.
1038 1803 1145 1872 Ὅπλα
1164 1803 1201 1870 δὲ

188 1911 262 1971 τίνα
273 1906 360 1970 ἐστὶν
371 1901 500 1986 αύτοῑς;
522 1903 643 1990 Οὐδέν,
655 1911 730 1992 ἔφη,
741 1902 879 1990 πληντά
890 1903 970 1972 ὀστά
980 1911 1047 1972 τών
1057 1903 1199 1988 ἰχθύων.

190 1999 344 2088 Οὐκοῦν,
361 2009 448 2089 ἔφην
462 2005 543 2090 ἐγώ,
563 2002 670 2089 ἄριστ’
683 1999 806 2088 ἀνέχοι
822 2001 877 2070 διά
893 2003 998 2088 μάχης
1012 2004 1126 2070 ἐλθεῖν
1136 1996 1201 2066 αύ-

187 2115 256 2179 τοῖς
271 2099 329 2170 ἀτε
343 2095 442 2170 οὖσιν
456 2102 615 2181 ἀνόπλοις
630 2099 754 2179 αύτούς
765 2127 803 2186 γε
819 2098 1062 2186 ὡπλισμένους·
1090 2103 1119 2164 εἰ
1134 2095 1199 2181 γάρ

188 2199 399 2286 κρατήσομεν
416 2199 545 2286 αὐτῶν,
565 2200 671 2279 άδεώς
685 2197 746 2266 τὸν
770 2196 891 2267 λοιπόν
912 2203 988 2284 βίον
1009 2197 1197 2282 οἰκήσομεν.

187 2302 278 2377 ἔδοξε
292 2305 413 2383 ταῦτα,
430 2302 484 2366 καὶ
495 2297 700 2376 ἀπελθόντες
710 2299 762 2366 ἐπὶ
775 2305 862 2365 υαύν
870 2296 1197 2384 παρεσκευαζόμεθα.

189 2401 276 2462 αἰτία
292 2394 329 2464 δέ
342 2402 403 2462 τοῦ
420 2399 568 2482 πολέμου
589 2402 726 2482 ἔμελλεν
739 2403 877 2465 ἔσεσθαι
892 2403 954 2464 τοῦ
969 2396 1080 2482 φόρου
1101 2392 1121 2480 ἡ
1136 2392 1200 2460 ούκ

189 2491 367 2579 ἀπόδοσις,
382 2493 447 2580 ἤδη
461 2503 519 2580 τῆς
533 2503 739 2580 προθεσμίας
754 2495 945 2580 ἐνεστώσης.
968 2496 1024 2563 καί
1039 2491 1080 2580 δη
1096 2497 1130 2560 οί
1138 2493 1200 2577 μὲν

188 2596 337 2677 ἔπεμπον
359 2589 577 2672 ἀπαιτοῦντες
602 2591 663 2661 τόν
688 2595 836 2680 δασμόν·
868 2591 886 2661 δ
913 2595 949 2661 δέ
970 2591 1201 2679 ὑπεροπτικῶς

190 2687 459 2776 ἀποκρινάμενος
473 2689 634 2772 ἀπεδίωξε
655 2690 735 2770 τούς
751 2691 922 2779 ἀγγέλους.
945 2699 1071 2779 πρώτοι
1089 2685 1154 2759 ούν
1169 2694 1203 2758 οἰ

193 2787 407 2874 Ψηττόποδες
426 2793 480 2858 καὶ
496 2795 529 2858 οί
541 2795 752 2877 Παγουρίδαι
764 2799 1020 2878 χαλεπαίνοντες
1033 2799 1078 2881 τῷ
1093 2798 1202 2858 Σκιν-

188 2889 288 2979 θάρφ
310 2895 460 2956 -τοῦτο
482 2885 547 2976 γάρ
571 2891 716 2958 ἐκαλεῖτο
730 2933 773 2942 -
789 2890 870 2978 μετά
894 2898 1022 2960 πολλοῦ
1043 2890 1201 2976 θορύβου

187 2987 341 3076 ἐπῄεσαν.
363 2991 414 3056 37.
431 2985 525 3074 ἡμεῖς
541 2992 576 3056 δὲ
591 2989 653 3074 τὴν
667 2994 792 3075 ἔφοδον
809 2989 1056 3068 ὑποπτεύοντες
1070 2993 1201 3068 ἐξοπλι-

188 3086 328 3171 σάμενοι
349 3083 570 3174 ἀνεμένομεν,
598 3087 700 3173 λόχον
723 3088 799 3156 τινά
818 3091 1041 3176 προτάξαντες
1064 3087 1201 3171 ἀνδρῶν

187 3187 285 3252 πέντε
300 3188 354 3253 καὶ
369 3195 507 3255 είκοσιν·
531 3194 707 3273 προείρητο
721 3189 757 3255 δέ
768 3202 837 3266 τοῖς
852 3191 889 3256 ἔν
902 3195 943 3277 τῇ
960 3191 1095 3275 ἐνέδρᾳ,
1111 3188 1202 3253 ἔπει-

188 3279 252 3347 δάν
275 3286 371 3350 ίδωσι
392 3284 668 3371 παρεληλυθότας
692 3284 771 3364 τούς
798 3294 996 3373 πολεμίους,
1023 3289 1200 3354 ἐπανίστα-

188 3387 285 3446 σθαι·
298 3384 352 3448 καὶ
365 3380 470 3460 οὕτως
481 3385 650 3470 ἐποίησαν.
663 3384 908 3464 ἐπαναστάντες
918 3383 983 3471 γάρ
994 3383 1201 3452 κατόπισθεν
