2575 3842
454 189 768 258 ΛΕΞΙΦΑΝΗΣ.
1054 193 1115 258 179

102 375 139 436 γε
155 350 269 437 ἀπειμι
282 349 371 436 παρὰ
393 349 453 418 τόν
468 352 612 436 ἕταίριον
629 360 807 439 Κλεινίαν,
828 353 880 422 ότι
894 355 1113 441 πυνθάνομαι

9 494 11 524 ,
101 449 228 533 χρόνον
241 447 304 534 ἤδη
316 447 511 533 ἀκάθαρτον
526 448 610 517 εἶναι
623 448 713 539 αὐτῷ
727 449 788 539 τὴν
803 467 948 538 γυναῖκα
961 455 1015 520 καὶ
1029 451 1112 519 ταό-

101 572 163 631 την
180 560 310 630 νοσεῖν,
327 544 378 613 ὅτι
394 545 437 633 μὴ
454 550 512 634 βεῒ.
538 546 621 614 ὥστε
637 545 746 615 οὐκέτι
765 547 839 616 οὐδ’
859 546 1033 636 ἀναβαίνει
1048 548 1112 616 αό-

101 644 181 728 τήν,
198 640 271 711 ἀλλ’
289 642 411 731 ἀβατος
427 647 482 712 καὶ
496 643 658 731 ἀνήροτός
672 649 749 714 ἐστι.

186 748 238 810 20.
260 750 368 811 ΣΩΠ.
396 749 438 811 Τί
451 746 486 810 δὲ
500 757 607 828 νοσεί,
628 737 809 828 ἀΛυκῐνε,
824 745 1031 829 Λεξιφάνης;

186 846 287 906 ΛΤΚ.
322 836 415 906 Αάτά
440 845 562 923 ταῦτα,
600 829 626 904 ἀ
650 837 797 907 Σιόπολι.
841 837 904 906 οὐκ
930 836 1062 916 ἀκούεις
1089 836 1110 905 ἀ

103 941 301 1022 φθέγγεται;
321 939 376 1003 καὶ
390 932 476 1022 ἡμᾶς
491 933 570 1014 τοὺς
591 942 657 1002 νῦν
671 944 957 1023 προσομιλοῦντας
974 945 1110 1004 καταλι-

103 1031 178 1101 πόν
193 1032 258 1119 πρό
280 1040 395 1119 χιλίαν
413 1036 496 1100 ἐτῶν
516 1031 597 1119 ἡμῖν
614 1036 797 1118 διαλέγεται
818 1035 1029 1127 διαστρέφων
1049 1033 1111 1120 την

101 1138 251 1216 γλῶτταν
271 1133 326 1198 καὶ
347 1133 441 1198 ταυτὶ
458 1128 496 1197 τά
514 1128 678 1198 ἀλλόκοτα
699 1133 867 1210 συντιθεὶς
883 1135 938 1199 καὶ
958 1130 1110 1217 σπουδὴν

101 1227 301 1312 ποιούμενος
317 1224 370 1294 ἐπ’
387 1224 514 1311 αὐτοῖς,
539 1224 582 1305 ὡς
598 1227 640 1313 δή
657 1253 688 1293 τι
702 1231 787 1313 με’γα
805 1227 861 1313 ὅν,
881 1238 914 1296 εί
928 1255 977 1306 τις
992 1233 1107 1308 ξενίζοι
1125 1244 1178 1299 345

102 1325 156 1392 καὶ
171 1322 207 1392 τό
224 1321 430 1410 καθεστηκός
444 1323 589 1410 νόμισμα
606 1331 792 1411 τῆςφωνῆς
807 1325 1024 1410 παρακόπτοι.

185 1429 294 1491 ΣΩΠ.
318 1421 380 1491 Mo}
394 1420 450 1492 Δί’
468 1421 509 1490 οὐ
524 1423 649 1508 μικράν
662 1449 738 1489 τινα
752 1426 856 1508 λέγεις
869 1421 930 1508 τὴν
944 1422 1065 1506 νόσον,
1081 1415 1108 1489 ὦ

103 1529 237 1591 Λυκῖνε.
267 1523 436 1610 βοηθητέα
451 1529 536 1607 γοῦν
556 1529 602 1612 τῷ
622 1519 720 1608 ἀνδρὶ
739 1521 828 1608 πάση
849 1527 978 1607 μηχανῇ
997 1522 1051 1586 καὶ
1066 1561 1109 1570 —-

103 1617 184 1687 κατά
201 1617 287 1687 θεόν
301 1617 366 1704 γάρ
380 1626 447 1686 τῶν
462 1626 616 1705 χολωτῶν
630 1646 697 1687 τινι
709 1618 888 1706 φάρμακον
902 1621 994 1685 τουτί
1007 1643 1108 1703 κερα-

103 1717 246 1802 σάμενος
261 1714 397 1806 ἀπῄειν,
416 1716 460 1795 οἱς
476 1715 563 1785 πιάν
578 1719 703 1803 ἐμέσειε
716 1757 757 1768 -
769 1720 850 1803 φέρε
863 1723 992 1801 πρῶτος
1009 1714 1109 1794 αὐτός

103 1823 193 1899 πῖθι,
219 1806 246 1879 ἀ
258 1819 459 1899 Λεξίφανες,

100 1917 158 1995 τῆς
178 1911 333 1997 τοιαύτης
356 1918 424 1978 τόν
440 1913 550 1999 λόγων
568 1909 704 1990 ἀτοπίας
726 1918 896 1988 κενωθείς.
931 1909 1014 1979 ἀλλά
1037 1918 1108 1977 πεί-

102 2014 206 2094 σθητί
218 2034 273 2093 μοι
288 2011 342 2076 καὶ
357 2018 434 2076 πίθι
451 2009 506 2075 καὶ
519 2008 612 2096 βάσιν
627 2012 696 2093 ἔσῃ.

185 2111 280 2182 Am.
306 2102 378 2172 Οὐκ
394 2101 457 2172 οἶά
474 2101 494 2171 ό
503 2107 559 2171 καὶ
573 2103 713 2188 δράσετέ
724 2129 782 2190 με,
802 2097 829 2170 ό
843 2104 997 2188 Σώπολι,
1014 2105 1057 2171 ου’
1072 2132 1107 2171 τε

99 2207 155 2271 καὶ
164 2212 321 2288 Λυκῖνος,
334 2210 545 2281 πιπίσκοντες
553 2203 688 2269 τουτουὶ
698 2209 759 2268 τοῦ
770 2203 958 2289 φαρμάκου.
975 2205 1107 2269 δέδοικα

99 2308 187 2386 γοῦν
203 2299 246 2387 μη
262 2308 377 2386 πτῶμα
391 2302 522 2387 γένοιτό
536 2326 593 2386 μοι
604 2307 702 2367 τοῦτο
718 2307 787 2367 τῶν
802 2301 913 2385 λόγων
927 2297 964 2366 τό
976 2307 1083 2386 πῶμα.

185 2406 285 2466 AYK.
308 2406 394 2466 Πῖθι
407 2403 461 2467 καὶ
479 2399 523 2484 μὴ
540 2402 653 2484 μέλλε,
670 2396 714 2476 ἀς
729 2396 930 2486 ἀνθρώπινα
944 2397 1008 2485 ἤθη
1019 2426 1106 2484 φρο-

100 2503 194 2582 νοίης
208 2498 262 2563 καὶ
277 2500 394 2583 λε’γοις.

184 2599 278 2670 ΛΕΞ.
309 2591 395 2661 ’1θού
417 2599 576 2680 πείθομαι
597 2598 652 2662 καὶ
669 2600 793 2682 πίομαι.
828 2601 911 2681 φεῦ,
937 2603 971 2662 τί
990 2602 1106 2676 τοῦπος

100 2687 244 2770 πολύςό
269 2692 511 2778 βορβορυγμός.
547 2695 816 2778 ἐγγαστρίμυθόν
837 2721 912 2761 τινα
933 2699 1025 2761 ἔοικα
1045 2719 1106 2760 πε-

101 2791 255 2856 πσκέναι.

185 2892 234 2954 21.
257 2894 364 2955 ΣΩΠ.
380 2887 493 2974 ’Ἀρξαι
509 2886 548 2973 δὴ
562 2892 660 2973 ἐμεῖν.
684 2899 792 2977 βαβαῖ.
815 2897 949 2974 πρῶτον
963 2892 1052 2957 τουτὶ
1068 2890 1104 2956 τὸ
1123 2904 1175 2958 346

99 2991 188 3072 μάν,
207 2984 274 3052 εἶτα
291 2985 362 3072 μετ’
381 2985 461 3054 αὐτὸ
476 2988 655 3073 ἐξελήλυθε
669 2988 706 3055 τό
724 2981 824 3076 κᾷτα,
846 2985 913 3053 εἶτα
928 2985 978 3053 ἐπ’
995 2985 1106 3065 αὐτοῖς

97 3083 134 3152 τό
146 3078 169 3171 ἦ
181 3082 214 3152 θ’
227 3083 263 3162 ός
274 3086 329 3152 καὶ
340 3082 491 3171 ἀμηγέπη
506 3089 561 3153 καί
571 3094 676 3173 λῷστε
686 3088 743 3154 καὶ
754 3086 928 3170 δήπουθεν
940 3087 994 3153 καὶ
1006 3105 1106 3154 συνε-

97 3183 150 3268 χὲς
160 3178 198 3248 τό
211 3179 300 3248 ἀτια.
319 3187 431 3266 βίασαι
443 3179 474 3248 δ’
493 3179 581 3267 ὅμως
587 3233 597 3266 ,
614 3188 719 3261 κάθες
730 3188 775 3260 είς
786 3180 847 3268 τὴν
859 3181 1017 3268 φάρυγγα
1027 3181 1106 3260 τούς

98 3277 292 3357 δακτύλους.
321 3277 452 3348 οὐδέπω
472 3277 508 3346 τό
527 3289 621 3367 ίκταρ
639 3280 801 3366 ἐμήμεκας
816 3276 896 3347 οὐδὲ
915 3275 951 3346 τό
969 3284 1106 3366 σκορδι-

96 3387 224 3447 νᾶσθαι
245 3375 324 3446 οὐδὲ
338 3376 375 3446 τό
393 3379 608 3458 τευτάζεσθαι
624 3377 703 3448 οὐδὲ
722 3376 759 3446 τὸ
774 3376 968 3528 σκόλεσῗὲιι,
998 3376 1104 3446 πολλά
