2575 3842
192 147 233 210 32
545 151 852 210 AOYKIANOY

193 310 385 396 ἐποιούμην.
413 316 499 377 αίτία
517 312 556 376 δέ
573 334 630 395 μοι
652 315 710 394 τὴς
727 306 913 395 ἀποδημίας
932 314 987 378 καὶ
1004 308 1203 395 ἀπόθεσιςὴ

194 414 250 491 τῆς
265 411 412 484 διανοίας
427 413 597 492 περιεργία
609 409 664 473 καὶ
679 407 883 492 πραγμάτων
896 416 1023 477 καινῶν
1040 412 1206 492 ἐπιθυμία

194 506 249 572 καλ
262 503 298 571 τδ
320 505 506 591 βούλεσθαι
527 515 651 591 μαθεῖν
671 511 705 572 τί
723 502 759 573 τὸ
781 508 873 584 τέλος
890 509 957 574 ἐστὶ
973 515 1034 575 τοῦ
1052 505 1206 574 ὠκεανοῦ

195 602 249 669 καλ
266 608 353 681 τίνες
369 607 404 670 οί
422 606 528 686 πέραν
548 609 781 681 κατοικοῦντες
802 602 987 688 ἀνθρωποι.
1022 604 1144 672 τούτου
1165 629 1205 689 γε

194 703 307 785 μέντοι
328 701 425 767 ἕνεκα
447 701 624 786 πάμπολλα
644 701 706 786 μὲν
728 708 815 769 σιτία
837 703 1060 790 ἐνεβαλόμην,
1081 698 1205 768 ίκανδν

196 798 301 865 δὲκαὶ
324 796 418 882 ὕδωρ
444 801 624 885 ἐνεθέμην,
651 799 855 885 πεντήκοντα
876 799 912 867 δὲ
930 807 998 867 τῶν
1017 797 1207 886 ἡλικιωτῶν

196 898 491 983 προσεποιησάμην
505 897 566 984 τὴν
584 896 691 984 αάτὴν
707 901 777 983 ἐμοὶ
792 899 930 985 γνώμην
942 905 1091 984 ἔχοντας,
1107 897 1206 965 ἔτιδὲ

195 998 249 1063 καὶ
264 993 377 1062 ὅπλων
392 996 479 1062 πολύ
493 1022 523 1063 τι
545 1003 674 1081 πλῆθος
689 996 991 1082 παρεσκευασάμην
1010 998 1065 1063 καὶ
1079 1002 1206 1082 κυβερ-

197 1093 301 1177 νήτην
315 1089 375 1158 τδν
389 1089 527 1175 ἀριστον
541 1099 653 1178 μισθῷ
673 1094 805 1184 μεγάλω
820 1100 934 1172 πείσας
946 1096 1135 1178 παρέλαβον
1149 1094 1207 1159 καλ

197 1187 258 1275 τὴν
273 1195 359 1255 ναῦν
375 1231 410 1239 -
424 1187 544 1268 ἀκατος
564 1190 600 1258 δέ
615 1184 660 1276 ἡν
675 1232 717 1241 -
735 1187 779 1268 ὦς
797 1189 881 1277 πρὸς
896 1193 1001 1276 μέγαν
1017 1193 1073 1257 καὶ
1092 1195 1206 1277 βίαιον

148 1298 182 1354 74
198 1295 306 1355 πλοῦν
324 1288 564 1374 ἐκρατυνάμην.
597 1295 626 1356 6.
644 1286 773 1374 ἡμέραν
790 1289 852 1374 μὲν
872 1282 936 1356 οάν
951 1292 1005 1356 καὶ
1022 1287 1127 1356 νύκτα
1142 1286 1206 1354 οὐ-

198 1393 258 1476 ρίῳ
272 1391 426 1462 πλέοντες
441 1391 487 1452 ἔτι
501 1392 558 1471 τὴς
571 1393 631 1470 γῆς
646 1384 919 1473 ὑποφαινομένης
933 1385 975 1454 οά
997 1388 1129 1472 σφόδρα
1150 1394 1207 1472 βι-

198 1493 277 1563 αίως
292 1483 505 1571 ἀνηγόμεθα,
521 1491 560 1572 τῇ
575 1485 714 1572 ἐπιοόση
729 1487 765 1552 δέ
779 1484 848 1570 ἀμα
861 1483 943 1576 ἡλίῳ
957 1481 1170 1553 ἀνατέλλοντι
1184 1482 1207 1551 ὅ

197 1611 232 1651 τε
246 1582 367 1668 ἀνεμος
384 1584 537 1650 ἐπεδίδου
554 1585 609 1650 καλ
621 1580 656 1650 τδ
670 1591 759 1668 κῦμα
770 1582 930 1669 ηὐξάνετο
946 1585 1000 1650 καλ
1016 1583 1116 1667 ζόφος
1127 1584 1207 1648 έπε-

198 1689 327 1767 γίγνετο
343 1681 398 1747 καὶ
414 1677 524 1748 οὐκέτ’
545 1679 622 1748 οὐδὲ
635 1690 758 1749 στεῖλαι
772 1680 833 1766 τὴν
845 1678 975 1767 ὀθόνην
991 1677 1138 1748 δυνατόν
1148 1673 1203 1765 ἡν.

198 1780 430 1863 ἐπιτρέψαντες
444 1773 509 1846 οὖν
529 1786 575 1868 τῷ
591 1778 754 1864 πνεύματι
774 1782 829 1847 καὶ
844 1780 1048 1865 παραδόντες
1065 1777 1207 1856 ἑαντοδς

198 1878 434 1964 ἐχειμαζόμεθα
448 1875 572 1962 ἡμέρας
587 1879 682 1944 ἐννέα
699 1880 753 1946 καὶ
769 1878 1012 1965 ἑβδομήκοντα,
1027 1886 1066 1967 τῇ
1082 1875 1206 1964 ὀγδοη-

198 1984 299 2066 κοστὴ
314 1979 350 2044 δὲ
365 1975 462 2062 ἀφνω
476 1977 706 2063 ἐκλάμψαντος
716 1975 813 2063 ἡλίου
824 1983 1024 2063 καθορῶμεν
1035 1974 1077 2044 οά
1089 1975 1206 2061 πόρρω

200 2083 306 2163 νὴσον
321 2073 454 2161 ὑψηλὴν
470 2077 524 2142 καλ
536 2080 688 2161 δασεῖαν,
704 2075 745 2143 οὐ
759 2089 873 2161 τραχεῖ
884 2077 1149 2160 περιηχουμένην
1159 2081 1207 2164 τῷ

199 2174 336 2258 κύματι·
365 2175 419 2239 καὶ
435 2169 499 2260 γάρ
522 2171 585 2258 ἡδη
605 2171 642 2240 τδ
661 2169 748 2240 πολι)
771 2179 829 2258 τῆς
851 2163 947 2257 ζάλης
967 2175 1204 2239 κατεκέκαυτο.

199 2269 422 2357 προσσχόντες
433 2263 497 2336 οὖν
511 2272 566 2338 καὶ
580 2268 766 2356 ἀποβάντες
781 2268 825 2348 ὡς
839 2266 883 2336 ἀν
897 2273 933 2337 ἐκ
948 2276 1076 2356 μακράς
1090 2275 1208 2335 ταλαι-

200 2375 325 2454 πωρίας
339 2365 446 2434 πολδν
460 2370 522 2453 μὲν
539 2369 590 2434 έπλ
605 2375 663 2453 τῆς
679 2374 739 2452 γης
752 2367 877 2452 χρόνον
894 2370 1066 2454 ἐκείμεθα,
1087 2371 1208 2433 διανα-

200 2465 336 2542 στάντες
359 2465 395 2530 δὲ
418 2460 507 2548 ὅμως
529 2461 754 2549 ἀπεκρίναμεν
773 2463 868 2550 ἡμῶν
893 2462 1005 2532 αὐτῶν
1027 2464 1207 2550 τριάκοντα

199 2563 262 2649 μὲν
282 2562 434 2647 φύλακας
454 2572 511 2650 τὴς
531 2564 614 2644 νεδς
630 2569 849 2653 παραμένειν,
877 2577 980 2636 εῖκοσι
1002 2569 1038 2634 δὲ
1053 2564 1118 2634 σδν
1133 2566 1208 2651 ἐμοὶ

201 2657 358 2727 ἀνελθεῖν
369 2663 421 2730 ἐπὶ
431 2672 622 2753 κατασκοπῇ
633 2673 700 2732 τῶν
715 2668 752 2733 έν
765 2673 804 2754 τῇ
815 2665 916 2755 νὴσςο.
939 2669 967 2732 7.
981 2662 1207 2747 προελθόντες
1279 2744 1280 2747 ¹

202 2757 238 2824 δὲ
255 2756 337 2824 ὅσον
351 2762 506 2838 σταδίους
518 2776 604 2847 τρεῖς
619 2759 683 2829 ἀπὸ
701 2770 758 2848 τῆς
773 2764 940 2848 θαλάττης
955 2760 1000 2828 δι’
1019 2760 1101 2846 ὕλης
1118 2757 1208 2844 ὁρῶ-

151 2865 184 2922 75
201 2857 262 2942 μέν
274 2881 347 2922 τινα
358 2859 482 2943 στὴλην
494 2867 619 2944 χαλκοῦ
630 2865 871 2948 πεποιημένην,
883 2859 1086 2946 Ἑλληνικοῖς
1097 2858 1207 2944 γράμ-

201 2974 280 3040 μασι
294 2959 626 3043 καταγεγραμμένην,
642 2955 802 3044 ἀμυδροῖς
813 2962 849 3028 δὲ
863 2963 918 3027 καὶ
932 2959 1206 3043 ἐκτετριμμένοις,

200 3055 365 3138 λέγουσαν
382 3052 480 3140 ,,άχρι
493 3056 622 3123 τούτων
632 3053 794 3143 Ἡρακλῆς
808 3060 864 3126 καὶ
879 3058 1048 3133 Διόνυσος
1063 3051 1208 3138 ἀφίκον-

200 3158 272 3218 το.“
293 3144 337 3237 ἡν
353 3153 389 3218 δέ
403 3154 458 3219 καλ
473 3161 547 3238 ίχνη
559 3152 620 3221 δόο
633 3161 774 3240 πλησίον
785 3159 836 3223 ε’πὶ
850 3159 986 3240 πέτρας,
1002 3152 1040 3221 τό
1052 3153 1115 3238 μὲν
1125 3159 1207 3218 πλε-

201 3259 354 3336 θριαῖον,
375 3248 411 3318 τδ
434 3251 470 3318 δὲ
487 3257 637 3328 ἔλαττον·
666 3255 737 3338 ἐμοὶ
759 3257 888 3338 δοκεῖν,
916 3250 952 3318 τό
968 3255 1030 3337 μὲν
1045 3258 1107 3319 τοῦ
1120 3260 1208 3318 Διο-

200 3347 309 3415 νόσου
324 3347 360 3415 τδ
375 3350 589 3438 μικρότερον,
607 3350 754 3436 θάτερον
770 3353 805 3418 δὲ
815 3348 1024 3437 Ἡρακλέους.
1056 3369 1209 3436 προσκυ-
