2575 3842
409 223 643 281 ΛΟΥΚΙΟΣ
660 225 687 277 Η
711 223 851 281 ΟΝΟΣ.
1069 221 1132 282 305

119 381 251 467 γορεύει
268 405 309 466 με
325 379 345 466 ἡ
361 381 465 467 γυνή,
483 382 537 448 καί
553 378 730 467 ἀμείβομαι
746 378 829 470 αὐτῇ
841 377 920 465 ὁμοί
919 406 977 465 ως,
997 382 1051 448 καί
1066 408 1132 467 φη-

119 485 190 562 σίν,
214 475 296 563 ’λέγω
307 476 448 565 ’Ἁβροιά
472 484 553 563 εί,μι
579 487 612 545 εί
627 502 702 545 τινα
726 483 783 563 τῆς
804 483 864 562 σῆς
885 476 1007 563 μητρός
1029 478 1131 565 φίλην

119 573 310 696 ἀκούεις,
291 573 384 643 καὶ
367 582 452 662 υμᾶς
471 576 506 644 δὲ
523 572 601 653 τούς
620 577 653 654 ἐξ
677 577 804 658 ἐκείνης
823 576 1025 659 γενομένους
1042 585 1131 660 φιλοῖ

1 671 2 706 ³
20 671 23 676 ⁸
120 671 230 757 ὥσπερ
243 671 302 752 οδς
314 680 428 741 ἔτεκον
439 671 540 761 αὕτη·
562 681 596 742 τί
607 667 672 742 οὖν
682 671 754 758 ούχλ
766 697 832 755 παρ
838 670 929 758 ’ἐμοὶ
944 675 1128 760 καταλύεις,

120 764 295 854 ἀτέκνους
317 769 411 840 Ἀλλά
427 773 478 839 σοὶ
496 776 574 857 μέν,
595 777 697 857 ἔφην,
719 769 825 857 πολλὴ
843 772 953 856 χάρις,
972 776 1129 857 αἰδοῦμαι

77 939 80 946 ,
119 868 155 934 δὲ
171 865 272 934 οὐδὲν
287 864 384 951 ἀνδρὶ
397 873 482 958 φίλω
495 871 644 954 ἐγκαλῶν
657 873 767 935 ἔπειτα
778 867 915 983 φεύγων
927 864 988 952 τὴν
1000 869 1129 936 ἐκείνου

118 971 241 1033 οἰκίαν
265 965 399 1035 ἀλλά
360 993 400 1054 τη
415 967 543 1054 γνώμη,
561 993 586 1033 ω
575 959 752 1052 φιλτάτη,
768 966 953 1052 κατάγομαι
964 963 1054 1051 παρά
1066 973 1127 1033 σοι’.

117 1070 186 1130 Ποῖ
198 1064 248 1147 δε,
273 1069 353 1149 ἔφη,
372 1067 426 1131 καί
441 1091 585 1150 καταγη
617 1061 713 1148 Παρά
722 1061 909 1183 Ἱππάρχῳ
935 1071 989 1153 Τῷ
1007 1072 1128 1151 φιλαρ-

117 1161 229 1249 γύρφ;
252 1166 325 1246 ἔφη
361 1167 550 1248 Μηδαμῶς,
573 1153 734 1246 εἶπον,
708 1187 733 1227 ω
757 1169 876 1247 μῆτερ,
896 1169 995 1229 τοῦτο
1017 1171 1126 1249 εἴπης·

117 1257 267 1345 λαμπρός
286 1258 352 1346 γάρ
375 1265 429 1330 καὶ
447 1262 628 1349 πολυτελης
644 1213 837 1348 γέγονενί
807 1288 853 1340 ες
875 1264 947 1346 ἐμέ,
973 1260 1126 1329 ὥστεκαὶ

117 1356 331 1442 έγκαλέσαι’
311 1384 353 1425 αν
370 1385 418 1438 τις
433 1367 472 1449 τῇ
489 1368 609 1448 τρυφῇ.
639 1387 660 1445 η
648 1359 712 1426 ’δὲ
732 1359 930 1445 μειδιάσασα
944 1366 1001 1426 καί
1014 1385 1054 1444 με
1071 1385 1127 1445 της

115 1452 225 1541 χειρός
242 1458 409 1544 λαβομένη
427 1455 500 1543 ἀγει
516 1457 675 1542 ἀπωτέρω
692 1459 747 1525 καὶ
762 1460 849 1542 λέγει
866 1453 949 1540 πρός
965 1459 1036 1543 ἐμέ,
1053 1464 1125 1524 Φν·
1145 1473 1197 1526 572

117 1555 239 1622 λάινον
254 1578 325 1638 μοι,
341 1560 421 1640 ἔφη,
446 1553 507 1640 τὴν
521 1552 703 1640 Ἱππάρχου
717 1569 861 1640 γυναῖκα
878 1554 969 1641 πάση
982 1561 1125 1642 μηχανῇ·

117 1649 222 1735 μάγος
238 1649 302 1734 γάρ
319 1653 386 1719 ἐστι
401 1650 493 1738 δεινὴ
507 1654 561 1720 καὶ
575 1653 699 1739 μάχλος
708 1657 763 1720 καὶ
777 1660 859 1720 πᾶσι
872 1666 941 1730 τοῖς
956 1655 1043 1728 νέοις
1054 1654 1126 1718 ἐπι-

116 1747 231 1834 βάλλει
254 1745 314 1814 τόν
340 1745 535 1834 ὀφθαλμόν·
568 1751 622 1817 καὶ
644 1755 675 1816 εί
695 1752 740 1836 μή
762 1776 811 1827 τις
832 1747 1007 1833 ὑπακούσῃ
1031 1747 1126 1835 αὐτῇ,

116 1851 238 1912 τοῦτον
254 1852 294 1932 τῇ
314 1849 410 1932 τέχνη
428 1842 605 1932 ἀμύνεται,
630 1848 684 1912 καὶ
704 1843 850 1923 πολλοὺς
868 1845 1125 1930 μετεμόρφωσεν

116 1948 162 2020 είς
186 1948 266 2031 ζῷα,
291 1940 370 2020 τούς
390 1943 426 2011 δὲ
444 1947 557 2011 τέλεον
579 1941 747 2010 ἀπώλεσε·
779 1941 823 2009 σὺ
845 1943 882 2009 δὲ
902 1943 957 2016 καὶ
981 1945 1056 2020 νέος
1086 1941 1124 2026 εἷ,

26 2099 37 2112 s
116 2042 250 2122 τέκνον,
269 2041 322 2106 καὶ
337 2041 452 2126 καλός,
476 2039 560 2108 ὥστε
576 2037 683 2118 εὐθὺς
698 2038 813 2120 ἀρέσαι
829 2046 980 2125 γυναικί,
1001 2040 1057 2106 καὶ
1074 2042 1125 2118 ξέ-

115 2161 189 2221 νος,
209 2143 344 2223 πρᾶγμα
360 2135 665 2227 εὐκαταφρόνητον.
690 2145 719 2205 5.
734 2135 799 2223 ἐγώ
814 2140 850 2204 δὲ
864 2134 1059 2220 πυθόμενος
1074 2133 1124 2202 ότι

114 2231 150 2301 τό
161 2235 262 2302 πάλαι
273 2260 329 2320 μοι
341 2237 544 2323 ζητούμενον
555 2246 640 2305 οίκοι
653 2231 726 2318 παρ’
738 2237 809 2320 ἐμοὶ
819 2235 974 2321 κάθηται,
988 2247 1124 2319 προσεί-

12 2331 14 2335 ’
113 2359 174 2420 χον
185 2332 284 2402 οὐδέν
300 2332 384 2425 αὐτῇ
399 2340 454 2404 ἔτι.
479 2334 522 2415 ἀς
541 2339 580 2404 δέ
595 2360 675 2402 ποτε
686 2330 851 2421 ἀφείθην,
874 2332 994 2422 ἀπῄειν
1011 2338 1123 2401 ολκαδε

113 2441 225 2502 λαλεῖν
236 2431 319 2518 πρὸς
330 2434 475 2521 ἐμαυτόν
487 2439 523 2504 έν
534 2443 573 2524 τῇ
585 2431 669 2526 ὁδῷ,
687 2431 747 2520 άγε
759 2430 799 2518 δὴ
811 2429 855 2500 σύ
867 2431 884 2499 6
897 2431 1039 2518 φάσκων
1050 2435 1123 2500 έπι-

114 2542 238 2616 θνμεῐν
254 2532 375 2619 ταύτης
391 2542 448 2621 τῆς
463 2535 655 2618 παραδόξου
669 2537 766 2619 θέας,
790 2533 896 2618 ἔγειρέ
908 2557 965 2618 μοι
979 2531 1122 2600 σεαυτὸν

113 2631 169 2697 καὶ
183 2633 300 2715 τέχνην
313 2630 445 2718 εὕρισκε
462 2636 588 2721 σοφήν,
604 2625 626 2722 ᾖ
640 2634 738 2722 τεύξη
749 2633 880 2699 τούτων
896 2623 945 2698 όν
959 2636 1050 2720 ἐρᾷς,
1067 2635 1122 2700 καὶ

113 2729 165 2795 ἐπὶ
176 2725 238 2812 τὴν
248 2729 461 2811 θεράπαιναν
471 2729 533 2819 τὴν
542 2738 757 2816 Παλαίστραν
769 2731 832 2816 ἤδη
847 2727 1001 2797 ἀποδύου
1011 2773 1054 2785 -
1065 2737 1122 2816 τῆς
1141 2743 1192 2799 5⁷3

113 2824 178 2912 γάρ
194 2824 354 2911 γυναικός
367 2853 427 2894 του
414 2833 536 2909 ξένου
550 2856 604 2897 και
593 2831 717 2912 φίλον
732 2828 848 2913 πόρρω
862 2832 1031 2895 ιστασο-
1042 2826 1121 2897 κάπὶ

112 2925 234 3043 ταύτης
248 2924 445 3010 κυλιόμενος
459 2929 512 2993 καλ
528 2927 775 3013 γυμναζόμενος
789 2928 844 2994 καλ
854 2927 959 3015 ταύτη
973 2936 1120 3013 συμπλε-

112 3024 255 3108 κόμενος
267 3047 305 3088 εν
293 3013 426 3090 ἔσθι’
405 3050 449 3102 ως
459 3027 580 3115 ῥαδίως
595 3024 726 3113 γνάση·
743 3022 907 3094 δοῦλοι
868 3051 932 3111 γαρ
947 3053 987 3093 τα
975 3024 1120 3094 δεσπο-

80 3131 81 3134 ’
111 3129 179 3190 τῶν
201 3123 391 3190 ἐπίστανται
419 3126 474 3192 καὶ
499 3122 582 3193 καλά
610 3125 665 3191 και
686 3122 812 3242 αἰσχρά.
853 3126 907 3190 καὶ
936 3131 1039 3192 ταῦτα
1066 3131 1120 3194 λε’-

110 3247 181 3306 γων
192 3218 276 3305 πρός
287 3218 475 3307 έμαυτὸνί
445 3249 459 3290 ε
474 3222 567 3312 σῄειυ
579 3227 700 3296 οἴκαδε.
725 3219 785 3288 τόν
795 3215 912 3308 μὲν
870 3248 934 3290 ουν
939 3220 1120 3310 Ιππαρχον

112 3319 153 3387 ού
172 3324 355 3407 κατέλαβον
376 3323 412 3388 έν
434 3329 473 3412 τη
495 3327 582 3412 οίκιήι
598 3319 677 3390 οὐδὲ
692 3320 753 3407 τὴν
771 3323 902 3390 ἐκείνου
919 3338 1077 3409 γυναῖκα,
1098 3322 1118 3410 ἡ

111 3420 147 3486 δὲ
161 3426 354 3504 Παλαίστρα
365 3427 405 3509 τῇ
416 3423 504 3510 ἑστίᾳ
518 3422 707 3509 παρήδρευε
722 3425 859 3489 δεῖπνον
875 3418 1119 3575 ἡμίιὲὄύτρεπί·

196 3530 300 3570 wem«.
321 3518 353 3573 11.
