2575 3842
177 174 219 236 σο
286 249 290 256 ,
532 177 834 236 Λοναεκαον

177 336 291 419 κάσθη
306 339 379 420 περὶ
399 338 576 420 προεδρίας
597 331 801 424 Ἀλεξάνδρῳ
821 361 856 402 τε
876 342 922 423 τῷ
937 342 1106 404 Φιλίππου
1125 337 1179 402 κοιλ

173 431 308 520 Ἀννίβα
323 439 369 520 τῷ
386 435 620 521 Καρχηδονίῳ,
644 433 699 498 καὶ
714 435 806 510 ἔδοξε
824 435 978 518 προέχειν
992 430 1011 500 ὁ
1030 431 1179 513 Ἁλέξαν-

179 535 272 616 δρος,
292 532 347 598 καὶ
360 528 487 617 θρόνος
506 526 596 618 αύτῷ
615 529 713 614 ἐτέθη
735 527 823 615 παρά
837 536 955 614 Κῦρον
971 527 1032 597 τόν
1044 531 1178 614 Πέρσην

177 627 238 696 τὸν
252 627 425 712 πρότερον.
455 631 504 694 10.
528 628 676 710 τέταρτοι
690 626 726 694 δὲ
741 624 834 712 ήμεῖς
850 628 1101 713 προσήχθημεν·
1123 627 1179 692 καί

178 724 195 793 ὁ
219 726 281 811 μὲν
301 723 398 811 ήρειο
415 731 449 791 τί
465 725 632 802 παθόντες
653 729 700 792 ἔτι
723 730 839 804 ζῶντες
857 729 951 806 ίεροῦ
968 733 1092 811 χωρίον
1107 726 1179 792 ἐπι-

178 831 332 912 βαίημεν·
361 819 453 908 ήμεῖς
470 825 507 888 δὲ
529 821 638 888 πάντα
656 823 727 909 ἑξῆς
746 823 988 909 διηγησάμεθα.
1020 814 1117 900 οὗτος
1136 817 1178 907 δή

177 918 463 1007 μεταστησάμενος
484 915 569 1005 ἡμᾶς
586 920 638 986 ἐπὶ
659 915 767 986 πολύν
785 918 910 1005 χρόνον
932 922 1101 988 ἐσκέπτετο
1124 918 1180 986 καὶ

176 1033 245 1096 τοῖς
260 1019 434 1102 συνέδροις
448 1019 618 1084 ἐκοινοῦτο
636 1019 711 1100 περὶ
724 1013 829 1101 ήμῦν.
852 1017 1062 1102 συνήδρευον
1071 1019 1108 1083 δὲ
1119 1013 1179 1083 ἀλ-

176 1125 278 1184 λοιπε
293 1118 408 1184 πολλοὶ
424 1117 479 1183 καὶ
496 1113 694 1199 Ἀριστείδης
715 1111 733 1181 ὁ
748 1118 874 1193 δίκαιος
888 1111 906 1181 ὁ
921 1112 1106 1199 Ἀθηναῖος.
1135 1108 1180 1190 ὡς

177 1213 213 1279 δὲ
231 1215 342 1290 ἔδοξεν
358 1209 464 1302 αύτῷ,
482 1208 693 1296 ἀπεφήνατο,
713 1217 771 1295 τῆς
787 1210 849 1295 μὲν
862 1208 1180 1295 φιλοπραγμοσύνης

176 1311 230 1376 καί
241 1317 298 1395 τής
307 1306 507 1395 ἀποδημίας,
521 1305 657 1374 ἐπειδάν
669 1304 912 1394 ἀποθάνωμεν,
925 1311 1043 1375 δοῦναι
1053 1304 1111 1384 τάς
1122 1304 1181 1373 εύ-

176 1407 302 1492 θύνας,
317 1404 353 1473 τὸ
368 1407 403 1473 δὲ
415 1412 479 1472 νῦν
489 1403 590 1493 ῥητόν
603 1405 727 1490 χρόνον
737 1411 912 1491 μείναντας
923 1412 960 1474 ἐν
973 1413 1012 1493 τῇ
1022 1404 1114 1495 νήσφ
1125 1405 1180 1471 καί

177 1505 473 1589 συνδιαιτηθέντας
496 1516 564 1580 τοῖς
588 1500 717 1587 ἥρωσιν
740 1500 909 1571 ἀπελθεῖν.
949 1506 1039 1582 ἔταξε
1065 1503 1101 1570 δὲ
1124 1504 1177 1570 καλ

176 1599 237 1685 τήν
258 1606 468 1685 προθεσμίαν
487 1607 545 1685 τής
564 1601 735 1684 ἐπιδημίας
755 1597 800 1684 μή
822 1602 925 1667 πλέον
949 1607 1066 1686 μηνῶν
1088 1598 1178 1666 ἑπτά.
1279 1656 1281 1660 ,

109 1712 157 1763 111
179 1704 228 1766 ll.
247 1696 452 1765 τούντεῦθεν
468 1695 549 1784 ἡμῖν
569 1694 766 1782 αὐτομάτων
784 1704 853 1764 τῶν
872 1696 1048 1783 στεφάνων
1062 1721 1180 1783 περιρ-

177 1798 327 1882 ρυέντων
338 1796 523 1881 ἐλελύμεθα
537 1797 592 1864 καὶ
606 1801 652 1872 εἰς
665 1792 728 1881 τήν
741 1796 840 1863 πόλιν
850 1793 1002 1882 ήγόμεθα
1016 1798 1070 1864 καὶ
1086 1800 1131 1874 είς
1142 1794 1179 1862 τὸ

176 1899 243 1960 τῶν
258 1892 433 1980 Μακάρων
448 1893 644 1977 συμπόσιον.
675 1889 758 1977 αὕτη
778 1891 841 1977 μὲν
860 1885 924 1958 οὖν
942 1889 1074 1978 ἡπόλις
1091 1899 1180 1959 πάσα

175 1997 298 2076 χρυσῆ,
319 1987 355 2056 τό
378 1991 414 2057 δὲ
435 2005 538 2075 τεῖχος
559 1995 738 2073 περίκειται
758 1989 1001 2076 σμαράγδινον·
1026 1989 1130 2058 πύλαι
1144 1990 1183 2056 δέ

178 2095 262 2158 εἰσιν
279 2088 375 2174 ἑπτά,
401 2096 502 2156 πᾶσαι
523 2086 711 2173 μονόξυλοι
725 2087 981 2174 κινναμώμινοι·
1013 2086 1051 2153 τό
1067 2088 1182 2172 μέντοι

177 2192 300 2273 ἔδαφος
309 2194 366 2272 τής
375 2187 502 2264 πόλεως
510 2188 565 2254 καὶ
576 2185 596 2273 ή
608 2183 700 2262 ἐντός
710 2191 771 2250 τοῦ
779 2191 905 2270 τείχους
915 2192 957 2270 γῆ
967 2189 1180 2270 ἐλεφαντίνη·

176 2288 251 2352 ναοὶ
271 2287 307 2351 δὲ
332 2286 468 2351 πάντων
488 2290 581 2351 θεῶν
600 2284 773 2369 βηρύλλου
792 2290 894 2351 λίθου
920 2280 1180 2373 ᾠκοδομημένοι,

176 2385 230 2449 καὶ
241 2382 347 2467 βωμοί
358 2383 395 2447 ἐν
405 2379 516 2458 αὐτοῖς
526 2383 674 2465 με’γιστοι
684 2381 862 2466 μονόλιθοι
874 2379 1110 2468 ἀμεθύστινοι,
1123 2379 1178 2467 ἐφ’

178 2471 225 2546 οἷν
240 2485 373 2545 ποιοῦσι
388 2476 447 2556 τάς
462 2478 654 2562 ἑκατόμβας.
683 2481 759 2566 περὶ
773 2480 809 2547 δὲ
822 2477 884 2565 τήν
896 2481 997 2548 πόλιν
1010 2483 1064 2568 όεῖ
1077 2506 1182 2548 ποτα-

177 2573 238 2662 μὸς
253 2576 364 2661 μύρου
378 2583 438 2642 τοῦ
452 2582 628 2644 καλλίστου
642 2574 679 2644 τό
696 2578 818 2656 πλάτος
835 2580 968 2665 πήχεων
982 2577 1100 2646 ἑκατόν
1118 2586 1183 2666 βα-
1280 2598 1283 2607 ’

177 2681 331 2758 σιλικῦν,
343 2675 452 2759 βάθος
464 2674 499 2740 δὲ
510 2675 732 2760 πεντήκοντα,
746 2674 829 2743 ὥστε
840 2691 912 2744 νεῖν
924 2674 1083 2762 εὐμαρῶς.
1100 2685 1182 2745 λου-

176 2769 236 2858 τρά
252 2775 291 2838 δέ
303 2774 392 2840 ἐστιν
408 2773 444 2838 ἐν
459 2769 571 2849 αύτοῖς
585 2770 671 2839 οἶκοι
684 2773 823 2858 μεγάλοι
838 2769 987 2857 ὑάλινοι,
1006 2780 1052 2862 τῷ
1064 2800 1183 2842 κιννα-

176 2871 280 2960 μεόμφ
295 2870 519 2956 ἐγκαιόμενοι·
549 2867 622 2937 ἀντὶ
636 2874 750 2955 μέντοι
770 2868 892 2949 ὕδατος
912 2874 951 2938 ἐν
964 2885 1034 2950 ταῖς
1048 2874 1184 2948 πυέλοις

63 2986 76 3012 ⁸
177 2968 298 3052 δρόσος
318 2967 429 3060 θερμή
450 2969 548 3034 ἐστιν.
583 2972 632 3034 12.
659 2971 775 3053 ἐσθῆτι
792 2969 828 3035 δὲ
848 2974 992 3052 χρῶνται
1014 2965 1184 3053 ἀραχνίοις

176 3076 322 3151 λεπτοῖς,
337 3078 532 3151 πορφυροῖς.
564 3063 658 3132 αὐτοὶ
681 3065 715 3132 δὲ
730 3063 865 3150 σάματα
880 3068 942 3149 μὲν
957 3061 1021 3130 ούκ
1038 3071 1183 3150 ἔχουσιν,
1281 3060 1282 3072 ’

176 3162 250 3234 ἀλλ’
268 3163 406 3250 ἀναφεῖς
421 3165 475 3232 καί
490 3161 633 3247 ἀσαρκοί
647 3169 726 3247 είσι,
744 3158 879 3249 μορφήν
894 3164 930 3230 δὲ
943 3164 999 3229 καί
1012 3165 1105 3228 ἰδέαν
1119 3162 1183 3247 μό-

176 3289 241 3348 νην
262 3269 373 3348 ἔχουσι
395 3265 450 3330 καὶ
471 3265 688 3349 ἐμφαίνουσι,
713 3266 768 3331 καὶ
788 3260 957 3349 ἀσώματοι
979 3259 1073 3340 ὄντες
1094 3260 1184 3347 ὅμως

176 3366 353 3426 συνεστᾶσι
364 3362 419 3426 καὶ
429 3368 600 3426 κινοῦνται
613 3363 667 3428 καί
678 3369 844 3446 φρονοῦσι
855 3363 909 3427 καὶ
920 3357 1042 3448 φωνήν
1052 3357 1183 3445 ἀφιᾶσι,
