2575 3842
355 213 887 271 ΑΠΟΚΗΡΥΤΤΟΜΕΝΟΣ.
1081 207 1123 273 99

114 371 176 455 λης
196 372 309 455 τέχνη,
334 368 422 436 ὅπου
441 395 480 453 γε
493 382 561 445 τοῖς
577 374 700 453 ἰατροῖς
719 371 774 437 καὶ
791 373 931 458 δημοσίᾳ
954 376 989 438 αί
1009 373 1123 449 πόλεις

113 467 211 552 τιμάς
228 470 283 535 καὶ
298 472 474 551 προεδρίας
488 468 543 534 καλ
557 464 702 543 ἀτελείας
717 468 770 533 καὶ
785 477 966 552 προνομίας
981 469 1119 536 διδόασι.
1192 541 1196 557 ,

114 570 166 633 24.
181 571 285 631 ταῦτα
296 564 358 649 μὲν
368 558 433 630 οὖν
444 561 555 641 ἁπλῶς
566 558 708 647 ἀνεῖχον
720 569 824 630 εἰπεῖν
835 561 918 649 ὑπὲρ
929 572 986 649 τῆς
996 568 1121 651 τέχνης,

116 670 148 731 εί
161 666 216 730 καλ
233 669 296 729 σοῦ
312 663 534 745 διδαξαμένου
548 686 588 745 με
603 658 779 728 καὶπολλὰ
796 663 1052 749 ἐπιμεληθέντος
1067 667 1121 731 καί

115 759 367 843 ἀναλώσαντος,
387 755 432 835 ὡς
448 758 606 843 μάθοιμι,
630 756 714 843 πρὸς
733 765 813 843 μίαν
829 758 919 845 ὅμως
937 767 1121 844 θεραπείαν

114 858 258 943 ταύτην,
276 853 423 941 δυνατὴν
435 848 558 939 οὖσαν,
574 852 759 941 ἀντέλεγον.
781 859 858 924 νυνὶ
873 857 909 924 δὲ
919 855 1080 925 κάκεῖνοέ
1102 898 1121 909 -

115 958 260 1041 νόησον,
276 952 321 1032 ὡς
332 954 543 1021 παντάπασιν
554 951 711 1040 ἀγνῶμον
723 970 827 1033 ποιεῖς
841 954 903 1023 οόκ
915 959 979 1023 ἐῶν
990 984 1030 1042 με
1040 965 1122 1043 χρη-

116 1064 198 1121 σθαι
212 1051 284 1139 μετ’
302 1055 493 1133 ἐλευθερίας
506 1054 574 1141 ἐμῷ
588 1051 736 1137 κτήματι.
759 1054 883 1140 ταύτην
897 1052 961 1140 ἐγώ
977 1052 1039 1140 τὴν
1048 1057 1122 1140 τέχ-

115 1179 181 1237 νην
196 1148 257 1236 οόχ
271 1148 343 1228 υίός
360 1147 409 1217 &v
420 1148 478 1227 σός
492 1152 655 1235 ἐξέμαθον
667 1147 745 1219 οὐδὲ
760 1157 806 1240 τῷ
820 1158 868 1239 σῷ
879 1152 972 1242 νόμῳ
983 1150 1121 1220 ὑποκεί-

115 1274 231 1335 μενος,
250 1250 306 1315 καλ
320 1246 409 1332 ὅμως
419 1246 525 1333 αὐτὴν
536 1248 715 1333 μεμάθηκά
731 1266 783 1314 σοι
797 1290 833 1299 -
845 1252 900 1316 καλ
915 1256 1045 1333 πρῶτος
1058 1248 1121 1317 αὐ-

115 1355 173 1433 τῆς
193 1344 421 1423 ἀπολέλαυκας
441 1382 484 1393 -
505 1343 607 1412 οάδέν
627 1342 717 1430 παρὰ
744 1352 806 1413 σοῦ
830 1344 913 1430 πρός
938 1343 975 1412 τό
999 1357 1120 1431 μαθεῖν

116 1452 208 1530 ἔχων.
227 1451 300 1511 τίνα
310 1444 512 1511 διδάσκαλον
521 1444 717 1528 ἐμισθώσως
728 1450 802 1511 τίνα
814 1444 1000 1529 φαρμάκων
1011 1466 1120 1527 παρα-

119 1545 260 1629 «κευήνς
282 1541 358 1610 οὐδ’
374 1542 574 1630 ἡντιναοῦν·
596 1542 680 1612 ἀλλὰ
700 1544 882 1630 πενόμενος
898 1540 962 1629 ἐγώ
983 1546 1037 1609 καὶ
1052 1550 1119 1609 τοῖν

115 1644 307 1729 ἀναγκαίων
322 1641 552 1730 ἀπορούμενος
562 1645 618 1712 καὶ
629 1642 694 1711 ὑπό
707 1653 773 1713 τῶν
786 1643 994 1712 διδασκάλων
1005 1643 1120 1710 ἐλεού-

116 1767 216 1827 μενος
234 1741 467 1827 ἐπαιδευόμηυ.
500 1748 559 1809 καί
572 1768 629 1828 μοι
644 1750 780 1810 τοιαῦτα
803 1741 892 1826 παρὰ
916 1738 1120 1825 τοῦπατρὸς

114 1832 160 1925 ἦν
174 1835 258 1923 πρός
274 1837 310 1905 τό
329 1849 452 1925 μαθεῖν
468 1839 602 1926 ἐφόδια,
619 1841 709 1926 λύπη
726 1842 780 1907 καλ
798 1844 913 1925 ἐρημία
928 1842 982 1907 καὶ
998 1837 1120 1922 ἀπορία

115 1939 170 2003 καί
182 1950 275 2022 μῖσος
285 1943 418 2004 οίκείων
428 1940 483 2005 καὶ
494 1934 688 2021 ἀποστροφὴ
701 1944 882 2023 συγγενῶν.
907 1935 1119 2004 ἀντὶτοότωυ
1140 1954 1187 2007 181

115 2041 233 2102 τοίνυν
245 2041 392 2120 χρῆσθαί
409 2061 476 2121 μου
495 2042 535 2122 τῇ
550 2037 646 2122 τέχνη
667 2030 768 2111 ἀξιοῖς
783 2035 837 2100 καὶ
858 2035 1017 2117 δεσπότης
1037 2031 1120 2099 εἶναι

114 2136 226 2209 θέλεις
239 2139 308 2199 τῶν
322 2131 372 2199 ὅτ’
389 2131 451 2201 οόκ
466 2128 558 2219 ἦσθα
574 2132 734 2218 δεσπότης
749 2134 1018 2216 πεπορισμένων;
1037 2128 1122 2215 ἀμό-

114 2254 178 2311 πα,
194 2238 228 2297 εί
238 2236 270 2297 τί
282 2250 319 2296 σε
334 2232 567 2316 καὶπρότερον
582 2229 669 2299 ἑκών
680 2228 721 2297 οὐ
732 2237 943 2314 προοφείλων
958 2221 997 2296 εὖ
1008 2230 1121 2311 ἐποίη-

114 2349 174 2411 σα,
195 2332 357 2413 μηδεμίαν
374 2329 456 2413 μηδὲ
476 2330 550 2396 τότε
570 2330 669 2415 χάριν
690 2327 899 2395 ἀπαιτεῖσθαι
923 2327 1119 2413 δυνάμενος.

114 2431 165 2493 25.
182 2422 224 2491 οὐ
238 2422 278 2510 δὴ
295 2428 347 2493 δεῖ
358 2423 420 2511 τὴν
439 2424 590 2493 εόποιίαν
608 2424 671 2513 τὴν
685 2428 767 2512 ἐμὴν
783 2423 934 2513 ἀνάγκην
949 2429 982 2504 ἐς
996 2421 1032 2493 τό
1049 2433 1120 2492 λοι·

114 2525 180 2591 πόν
195 2547 252 2609 μοι
272 2523 431 2608 γενέσθαι
452 2521 581 2591 οὐδὲτὸ
604 2524 722 2591 ἑκόντα
738 2522 948 2610 εὐεργετῆσαι
963 2519 1120 2608 ἀφορμὴν

113 2626 175 2688 τοῦ
192 2618 316 2686 ἀκουτα
339 2622 536 2689 κελεύεσθαι
556 2629 757 2710 καταστῆναι
775 2622 853 2690 οὐδὲ
875 2629 953 2701 έθος
974 2620 1119 2708 ὑπάρξαι

114 2724 229 2800 τοῦτο,
245 2713 282 2783 τό
298 2714 385 2796 ἅπαξ
396 2716 471 2784 τιυά
483 2718 664 2805 ἰασόμενον
675 2721 801 2797 πάντας
813 2722 845 2797 ἐς
856 2716 906 2786 ἀεὶ
916 2716 1119 2800 θεραπεύειν

113 2809 259 2893 ὁπόσους
274 2808 318 2878 ἀν
333 2811 351 2879 ὁ
373 2819 597 2899 θεραπευθεὶς
610 2818 711 2903 θέλη·
738 2817 808 2883 ἐπεὶ
823 2814 983 2889 δεσπότας
997 2808 1041 2877 ἀν
1058 2808 1119 2875 οὕ-

113 2935 178 2987 τως
196 2907 278 2976 καθ’
294 2910 390 2997 ἡμῶν
406 2923 519 2998 εῖημεν
533 2913 920 2999 τούς-θεραπευομένους
936 2919 1121 2994 κεχειροτο-

113 3007 315 3094 νηκότεςκαὶ
329 3010 456 3096 μισθόν
469 3012 506 3079 τό
521 3012 696 3080 δουλεύειν
706 3010 818 3088 αὐτοῖς
829 3011 883 3076 καὶ
894 3006 930 3074 τό
943 3007 1052 3073 πάντα
1064 3031 1120 3072 κε-

112 3106 272 3174 λεύουσιν
291 3104 469 3193 ὑπηρετεῖν
495 3109 778 3196 προσδεδωκότες,
805 3099 848 3173 οὗ
869 3112 902 3173 τί
926 3100 1049 3190 γένοιτ’
1077 3098 1120 3170 ἀν

115 3202 334 3291 ἀδικιότερονς
363 3208 447 3276 διότι
469 3229 507 3276 σε
532 3209 720 3294 νοσήσαντα
741 3210 890 3291 χαλεπῶς
912 3200 1018 3280 οὕτως
1041 3200 1119 3269 ἀνέ-

113 3323 232 3389 στησα,
255 3301 309 3370 διά
325 3312 424 3373 τοῦτο
442 3312 581 3392 νομίζεις
602 3310 724 3385 ἐξεῖναί
738 3321 790 3369 σοι
810 3308 1041 3387 καταχρῆσθαί
1053 3326 1119 3387 μου

113 3408 152 3489 τῇ
165 3408 279 3491 τέχνη;
300 3408 351 3471 26.
369 3408 548 3490 ταῦταμὲν
563 3398 784 3488 οὖνείχουάν
799 3404 922 3489 λέγειν,
941 3409 971 3472 εί
986 3407 1040 3472 καὶ
1058 3407 1119 3470 δυ-

622 3492 982 3701 3952648γέ
