2575 3842
192 177 256 240 εον
545 179 861 256 [ammon

1279 274 1285 302 έ

195 337 248 407 ἐπ’
269 341 385 428 ἐκείνῳ
401 326 551 426 εἴπωμεν
573 345 709 424 φίλους,
731 338 800 406 εἶτα
819 338 855 418 δς
875 336 919 407 άν
933 339 1042 426 ἥττων
1060 343 1207 429 γένηται,
1283 314 1285 371 ³

194 436 454 523 ἀποτετμήσεται
470 436 544 504 τότε
559 431 581 520 ἢ
597 433 662 522 έγοδ
676 433 738 522 τὴν
752 434 934 525 γλῶττανῆ
948 438 991 506 σὺ
1006 437 1068 526 την
1084 441 1203 520 δεξιάν.

193 532 215 623 ἢ
236 541 335 604 τοῦτο
358 537 419 620 μὲν
442 533 618 620 ἄγροικον,
645 537 714 602 ἐπεὶ
736 538 771 602 δὲ
793 539 847 604 καλ
864 533 908 603 σύ
926 543 1042 622 φιλίαν
1059 540 1207 605 ἐπαινεῖν
1283 568 1284 619 η

195 636 318 718 ἔδοξας,
338 628 402 717 ἐγώ
414 633 449 698 δὲ
460 629 560 698 οὐδὲν
572 628 653 700 άλλο
665 629 811 718 ἡγοῦμαι
823 631 1018 719 άνδριόποις
1031 633 1116 701 εἶναι
1127 636 1205 702 του’-
1283 682 1284 685 =

195 757 254 798 του
268 738 374 816 κτῆμα
389 727 528 815 άμεινον
543 725 565 816 ἢ
581 730 736 814 κάλλιον,
758 737 793 797 τί
805 729 877 816 οὐχὶ
892 734 947 799 καὶ
969 729 1062 818 ἡμεῖς
1079 736 1207 800 συνθέ-

194 853 289 914 μενοι
304 824 389 912 πρδς
399 825 486 914 ἡμᾶς
498 824 622 906 αὐτοὺς
633 834 724 912 φίλοι
736 855 770 896 τε
783 826 932 897 αὐτόθεν
941 828 1027 898 εἶναι
1038 831 1093 898 καὶ
1106 833 1205 898 εἰσαεὶ

194 936 330 997 ἔσεσθαι
346 925 527 1014 ἀγαπῶμεν
548 925 649 1014 άμφω
671 928 882 1014 νικήσαντες,
905 927 944 996 τά
962 932 1099 1015 μέγιστα
1115 922 1205 997 ἆθλα

194 1021 458 1111 προσλαβόντες,
485 1021 559 1092 ἀντὶ
575 1032 652 1111 μιᾶς
672 1025 818 1112 γλώττης
838 1028 894 1094 καὶ
914 1034 991 1112 μιᾶς
1014 1030 1122 1107 δεξιᾶς
1144 1027 1205 1093 δύο
1282 1032 1285 1055 “

194 1124 347 1210 ἑκάτερος
368 1124 624 1211 ἐπικτησάμενοι
645 1126 701 1192 καὶ
717 1127 852 1211 προσέτι
873 1150 912 1211 γε
933 1127 987 1192 καὶ
1006 1122 1206 1211 ὀφθαλμοὺς

193 1228 348 1309 τέτταρας
362 1224 415 1291 καὶ
432 1224 537 1301 πόδας
552 1227 706 1308 τέτταρας
719 1225 774 1291 καὶ
785 1222 870 1302 ὅλως
882 1229 983 1291 διπλᾶ
995 1224 1120 1303 πάντας
1136 1249 1203 1291 τοι-

134 1376 140 1382 .
193 1323 296 1391 οῦτόν
311 1350 342 1389 τι
356 1323 421 1409 γάρ
432 1325 501 1390 ἐστι
513 1322 737 1400 συνελθόντες
751 1323 815 1390 δύο
829 1317 851 1407 ἢ
865 1336 951 1408 τρεῖς
963 1328 1073 1408 φίλοι,
1088 1320 1203 1390 ὁποῖον

193 1420 254 1489 τόν
267 1420 449 1506 Γηρυόνην
465 1425 499 1486 oc
512 1433 651 1506 γραφεῖς
669 1422 914 1505 ἐνδείκνυνται,
931 1418 1117 1505 άνθρωπον
1132 1419 1202 1499 ἑξά-

193 1545 285 1604 χειρα
302 1520 356 1584 καὶ
372 1519 589 1602 τρικέφαλον·
613 1519 686 1602 ἐμοὶ
697 1516 762 1603 γάρ
777 1523 870 1585 δοκεῖ
882 1531 969 1600 τρεῖς
984 1520 1105 1585 ἐκεῖνοι
1118 1509 1202 1603 ἦσαν
1282 1520 1285 1526 ’

193 1613 262 1700 ἅμα
285 1613 484 1698 πράττοντες
503 1613 628 1700 πάντα,
655 1612 767 1698 όόσπερ
790 1617 857 1682 ἐστὶ
878 1619 1009 1682 δίκαιον
1029 1621 1149 1701 φίλους
1167 1641 1204 1700 γε

197 1737 303 1789 οντας.

125 1826 175 1881 567
281 1815 331 1878 63.
354 1813 448 1888 ΤΟΞ.
469 1803 521 1877 Εὖ
535 1812 656 1896 λέγεις·
676 1813 731 1878 καὶ
746 1808 834 1877 οὕτω
850 1817 1006 1895 ποιῶμεν.

281 1915 430 1977 ΜΝΗΣ.
450 1906 546 1978 Ἀλλά
560 1908 641 1995 μήτε
658 1911 811 1995 αἵματος,
830 1901 857 1974 ά
875 1906 1012 1993 Τόξαρι,
1033 1907 1114 1993 μήτε
1131 1904 1203 1974 ἄκι-
1283 1960 1285 1965 .

197 2006 304 2074 νάκον
319 2007 474 2095 δεόμεθα
497 2004 557 2092 τὴν
580 2012 696 2093 φιλίαν
718 2003 797 2091 ἡμῖν
813 2005 1073 2092 βεβαιώσοντος·
1105 2002 1204 2090 ὁγάρ

194 2104 293 2189 λόγος
307 2101 324 2172 ὁ
337 2102 455 2191 παρεόν
470 2108 524 2173 καὶ
535 2103 571 2172 τό
584 2111 652 2171 τῶν
663 2101 789 2190 ὁμοίων
801 2102 979 2190 ὀρέγεσθαι
990 2098 1077 2170 πολδ
1088 2101 1205 2171 πιστό-
1283 2176 1284 2183 ,

194 2232 273 2291 τερα
289 2214 346 2292 τῆς
364 2205 500 2283 κύλικος
516 2207 642 2290 ἐκείνης
657 2201 701 2289 ἣν
722 2209 848 2289 πίνετε,
870 2204 939 2270 ἐπεὶ
954 2201 994 2270 τά
1008 2227 1047 2288 γε
1067 2207 1205 2269 τοιαῦτα

196 2302 258 2371 οὐκ
274 2302 439 2390 άνάγκης,
456 2301 539 2371 άλλά
554 2303 690 2388 γνώμης
706 2307 841 2370 δεῖσθαί
852 2327 909 2387 μοι
924 2305 1024 2367 δοκεῖ.

283 2404 375 2478 To&
397 2399 537 2468 Ἐπαινῶ
552 2407 667 2486 ταῦτα,
683 2401 738 2468 καὶ
751 2399 814 2487 ἤδη
830 2392 920 2485 άμευ
931 2404 1024 2484 φίλοι
1037 2400 1093 2466 καὶ
1104 2400 1205 2483 ξένοι,

194 2497 266 2582 ἐμοὶ
276 2497 339 2582 μέν
350 2494 393 2563 σδ
407 2499 556 2566 ἐνταῦθα
567 2501 619 2566 ἐπὶ
634 2507 691 2585 τῆς
701 2495 870 2584 Ἑλλάδος,
888 2495 953 2585 έγά
968 2497 1068 2566 δὲσοὶ
1084 2507 1204 2565 εἴποτε
1283 2510 1284 2567 λ

195 2594 227 2669 ές
243 2589 305 2678 τὴν
319 2600 477 2662 Σκυθίαν
483 2592 637 2681 ’ἀφίκοιο

279 2697 429 2759 ΜΝΗΣ.
446 2694 511 2760 Καὶ
523 2691 589 2780 μην
603 2687 641 2762 εὖ
657 2703 745 2780 ίσθι,
765 2691 828 2763 οὐκ
842 2689 886 2762 ἂν
898 2692 1075 2781 ὀκνήσαιμι
1090 2694 1145 2760 καὶ
1157 2697 1204 2760 ἔτι

195 2794 395 2877 πορρωτέρω
405 2794 527 2878 ἐλθεῖν,
539 2798 569 2860 εί
577 2795 686 2878 μέλλω
695 2792 859 2872 τοιούτοις
870 2799 979 2878 φίλοις
990 2791 1208 2871 ἐντεύξεσθαι

194 2885 264 2970 οδος
278 2891 338 2978 σύ,
356 2885 382 2960 τό
401 2893 538 2979 Τόξαρι,
554 2893 716 2979 διεφάνης
731 2888 811 2979 ἡμῖν
824 2888 890 2959 άπδ
905 2899 972 2959 τῶν
989 2891 1111 2978 λόγων.

600 3190 800 3202 nmo-..0⁸⁸—
