2575 3842
467 158 694 217 ΦΑΛΑΡΙΣ
710 161 749 217 A.
1052 158 1112 223 107

103 315 235 401 θήματα
250 315 306 382 καὶ
317 321 377 382 τοῦ
389 314 513 395 ξοάνου
523 314 648 402 ἥψατο,
663 325 863 405 κατηγοροίη
876 321 912 385 δὲ
923 318 1018 405 ὑμῶν
1030 329 1113 389 πολ-

102 413 164 501 λην
177 412 241 500 την
252 410 446 499 ἀγριότητα,
465 410 677 498 ότιἝλληυές
687 440 722 480 τε
733 415 787 480 καὶ
798 417 880 499 ἱεροὶ
895 414 979 484 εἶναι
993 421 1111 503 λέγον-

102 538 154 591 τες
169 508 367 596 ὑπεμείνατε
384 509 568 595 ἀνθρωπου
577 508 720 596 Ἕλληνα
734 519 876 597 πλησίον
889 520 950 580 τοῦ
964 520 1057 600 ίεροῦ
1068 557 1111 567 -
1131 535 1182 594 194

101 611 155 677 καὶ
170 605 235 693 γάρ
254 604 295 672 ού
312 607 404 673 πάνυ
420 608 536 692 πόρρω
550 614 607 693 τῆς
625 606 753 686 πόλεως
768 606 852 677 εἶναι
872 613 1000 695 λέγεται
1014 611 1034 697 ἡ
1052 616 1111 681 πέ-

101 734 162 793 τρα
174 745 218 757 -
232 704 367 772 κολάσει
381 705 519 793 τοιαύτη
534 711 734 791 περιβαλεῖν.
769 703 861 792 ἀλλ’,
885 706 991 793 οἶμαι,
1016 706 1114 776 αὐτοί

101 833 136 873 τε
152 804 435 890 καταγελάσεσθε,
450 800 495 889 ἢν
508 811 611 870 ταῦτα
624 807 704 891 λέγη
718 829 767 882 τις
779 802 861 871 καθ’
877 801 990 891 ὑμῶν,
1009 808 1063 873 καὶ
1079 811 1112 872 οί

102 903 195 971 ἀλλοι
208 904 330 981 πάντες
340 905 570 971 ἐπαινέσονται
585 899 681 987 ὑμῶν
692 900 755 988 τὴν
768 901 850 970 κατά
865 910 933 969 τῶν
945 900 1110 990 ἀσεβούν-

101 1027 168 1069 των
185 999 343 1088 ἀμότητα.
376 1005 405 1069 7.
428 997 465 1067 τό
489 997 520 1066 δ’
547 1000 629 1067 όλον
651 1003 685 1067 οί
703 1004 800 1085 δῆμοι
823 997 885 1067 ούκ
908 1000 1110 1079 ἐξετάζοντες

100 1097 215 1177 ὁποῖός
229 1126 278 1177 τις
295 1097 313 1167 ὁ
329 1113 397 1176 τοῖς
413 1098 606 1184 πράγμασιν
620 1098 766 1183 ἐφεστώς
782 1100 888 1183 ἐστιν,
906 1107 970 1165 εἴτε
983 1101 1109 1174 δίκαιος

100 1207 164 1265 είτε
176 1197 300 1284 ἀδικος,
313 1195 425 1276 ἁπλῶς
436 1196 516 1264 αὐτὰ
528 1196 565 1264 τὸ
578 1207 635 1283 τῆς
646 1200 846 1282 τυραννίδος
857 1195 962 1281 όνομα
974 1203 1109 1280 μισοῦσι

99 1296 154 1363 καὶ
170 1293 230 1361 τόν
245 1296 432 1381 τύραννον,
454 1291 519 1363 κάν
533 1294 659 1374 Αἰακός
674 1291 697 1382 ἦ
712 1302 831 1372 Μίνως
844 1290 864 1380 ἢ
880 1290 1109 1377 Ῥαδάμανθυς

97 1387 137 1481 ᾖ,
157 1390 278 1478 ὁμοίως
293 1396 326 1473 ἐξ
342 1391 488 1470 άπαντος
503 1392 635 1461 ἀνελεῖν
654 1394 852 1478 σπεύδουσι,
872 1389 951 1469 τούς
967 1394 1028 1476 μὲν
1045 1414 1109 1457 πο-

4 1548 7 1554 ,
97 1487 354 1575 νηρούςαύτεδν
377 1487 441 1576 πρδ
460 1488 649 1575 ὀφθαλμῶν
669 1493 855 1577 τιθέμενοι,
876 1485 955 1567 τούς
970 1490 1006 1555 δέ
1026 1513 1108 1574 χρη-

97 1583 198 1663 στούς
210 1592 250 1673 τῇ
264 1592 424 1675 κοινωνίᾳ
438 1593 496 1671 τῆς
510 1594 734 1673 προσηγορίας
744 1594 790 1673 τῷ
806 1584 907 1678 ὁμοίφ
919 1594 1005 1672 μίσει
1021 1605 1107 1670 συμ-

96 1683 407 1770 περιλαμβάνοντες.
440 1682 539 1770 ἔγωγ’
556 1678 620 1751 οὖν
636 1682 750 1753 ἀκούω
768 1688 822 1752 καὶ
839 1682 918 1769 παρ’
935 1682 1016 1770 ὑμίν
1038 1697 1106 1760 τοῖς

94 1780 231 1866 Ἕλλησι
242 1779 386 1859 πολλούς
396 1785 555 1868 γενέσθαι
567 1784 756 1865 τυράννους
765 1780 893 1867 σοφούς
904 1778 970 1850 ὑπὸ
985 1783 1103 1871 φαύλῳ
1124 1802 1174 1857 195

96 1876 236 1963 ὀνόματι
251 1882 408 1947 δοκοῦντι
421 1877 566 1965 χρηστόν
578 1881 632 1947 καὶ
642 1879 769 1966 ἥμερον
782 1874 869 1966 ἦθος
881 1882 1106 1966 ἐπιδεδειγμέ-

94 2000 193 2060 νους,
221 1967 270 2042 όν
294 1978 393 2043 ἐνίων
416 1980 471 2044 καὶ
491 1978 614 2063 λόγους
637 1976 721 2044 εἶναι
748 1986 878 2064 βραχεῖς
899 1982 936 2045 ἐν
958 1985 1004 2067 τῷ
1026 1983 1105 2065 ἱερῷ

92 2070 192 2159 ὑμῶν
210 2070 464 2158 ἀποκειμένους,
488 2072 661 2160 ἀγάλματα
680 2077 735 2143 καὶ
752 2074 952 2161 ἀναθήματα
967 2080 1013 2163 τῷ
1030 2081 1104 2139 Πυ-

92 2178 170 2262 θίφ.
195 2176 225 2239 8.
241 2168 339 2257 ὁρᾶτε
354 2175 390 2241 δὲ
406 2177 461 2242 καλ
477 2175 555 2253 τούς
570 2176 756 2260 νομοθέτας
767 2182 813 2265 τῷ
827 2179 1012 2262 κολαστικῷ
1023 2175 1103 2238 εἴδει

91 2270 131 2340 τό
148 2272 251 2339 πλέον
268 2274 444 2357 νέμοντας,
472 2270 515 2351 ὡς
528 2282 596 2341 τεόν
612 2301 650 2358 γε
664 2274 776 2343 ἀλλων
792 2271 893 2342 ούδέν
910 2269 1048 2356 όφελος,
1075 2275 1105 2337 εί

92 2370 138 2457 μὴ
162 2371 180 2437 ὁ
202 2370 308 2457 φόβος
329 2378 467 2457 προσείη
489 2374 544 2439 καὶ
563 2374 653 2451 ἐλπὶς
675 2382 732 2460 τῆς
756 2373 932 2451 κολάσεως.
966 2367 1046 2457 ἡμῖν
1066 2368 1102 2436 δὲ

91 2476 193 2536 τοῦτο
210 2474 323 2556 πολλῷ
340 2466 600 2555 ἀναγκαιότερον
621 2488 689 2550 τοῖς
709 2472 903 2557 τυράννοις,
933 2468 1001 2559 όσφ
1019 2466 1102 2553 πρὸς

93 2564 248 2652 ἀνάγκην
269 2567 478 2653 ἐξηγούμεθα
501 2570 557 2635 καὶ
577 2578 715 2655 μισοῦσί
738 2598 772 2638 τε
797 2569 865 2657 άμα
885 2572 938 2637 καὶ
964 2571 1099 2655 ἐπιβου-

91 2666 253 2735 λεύουσιν
269 2661 466 2749 ἀνθρώποις
483 2666 665 2754 σύνεσμεν,
688 2667 775 2737 ὅπου
792 2669 875 2755 μηδὲ
890 2674 957 2735 τῶν
972 2691 1100 2752 μορμο-

92 2770 238 2831 λυκείων
248 2761 370 2849 όφελός
380 2789 411 2830 τι
422 2760 502 2849 ἡμῖν
511 2764 670 2853 γίγνεται,Ι
683 2765 766 2835 ἀλλὰ
775 2774 820 2857 τῷ
833 2768 907 2853 περὶ
917 2773 973 2851 τῆς
981 2762 1100 2847 Ὕδρας

90 2864 194 2954 μύθφ
208 2860 245 2930 τό
264 2871 400 2949 πρᾶγμα
414 2868 538 2932 ἔοικεν·
567 2864 636 2954 όσφ
652 2862 718 2951 γάρ
732 2861 776 2932 ἀν
792 2865 1020 2949 ἐκκόπτωμεν,
1042 2888 1100 2929 το-

89 2965 177 3053 σῷδε
197 2968 332 3040 πλείους
352 2959 432 3048 ἡμῖν
457 2961 668 3049 ἀναφύονται
688 2970 749 3031 τοῦ
768 2964 918 3043 κολάζειν
939 2959 1097 3049 ἀφορμαί.

89 3064 208 3146 φέρειν
224 3063 260 3128 δὲ
275 3059 404 3148 ἀνάγκη
419 3064 473 3129 καὶ
486 3060 523 3129 τό
539 3059 779 3149 ἀναφυόμενον
794 3062 967 3129 ἐκκόπτειν
978 3057 1027 3128 ἀεὶ
1042 3062 1096 3128 καὶ
1117 3078 1168 3133 196

87 3163 253 3227 ἐπικαίειν
263 3156 305 3245 νη
317 3165 385 3227 Δία
400 3158 483 3227 κατά
495 3160 555 3228 τόν
567 3158 713 3243 Ἰόλεων,
733 3165 762 3227 εί
772 3163 947 3245 μέλλοιμεν
961 3161 1098 3246 ἐπικρα·

86 3257 218 3343 τησειν·
233 3253 294 3324 τόν
304 3254 368 3341 γάρ
380 3254 467 3339 ἀπαξ
478 3265 523 3337 είς
532 3256 571 3327 τά
581 3266 717 3327 τοιαῦτα
727 3261 880 3345 ἐμπεσεῖν
889 3255 1097 3345 ἠναγκασμέ·

86 3380 150 3422 νον
166 3354 287 3441 ὅμοιον
298 3352 360 3442 χρη
373 3363 413 3445 τῇ
424 3353 584 3426 ὑποθέσει
600 3362 653 3427 καὶ
666 3356 770 3426 αύτδν
782 3358 882 3445 εἶναι,
900 3355 922 3446 ἢ
939 3360 1097 3447 φειδόμε-
