2575 3842
204 194 265 255 110
557 198 863 256 ΛΟΤΚῘΑΝΟΥ

204 352 281 438 ’Ἇχε
298 354 354 439 ῦῆ,
370 360 473 440 ἔφην,
491 347 517 422 ἀ
531 361 690 440 Περίλαε,
713 361 743 423 εί
755 352 799 440 μῆ
816 353 896 441 κενῆ
913 354 1020 434 άλλως
1036 355 1212 442 ὑπόσχεσις

203 452 306 517 ταῦτά
327 454 409 534 ἐστι,
433 455 542 531 δεῖξον
563 450 643 538 ῆμῐν
661 450 762 530 αῦτὺς
782 450 945 521 είσελθῶν
964 452 1026 539 τῆν
1047 452 1211 541 ἀληθειαν

201 558 259 636 τῆς
273 553 387 637 τέχνης
402 554 457 619 καὶ
471 560 610 638 μίμησαι
619 550 699 630 τοὺς
710 559 877 639 βοῶντας,
891 551 939 618 ἵν’
956 557 1097 639 είὺοῦμεν
1112 559 1142 620 εί
1156 556 1211 621 καὶ

202 646 225 715 ἀ
251 648 317 735 φῆς
339 654 420 735 μέλη
442 648 497 717 mo}
521 658 589 717 τῶν
611 649 725 717 αῦλιῦν
748 653 939 735 φθέγγεται.
972 655 1124 717 πείθεται
1149 652 1211 735 μὲν

202 754 306 815 ταῦτα
321 745 338 814 ὑ
355 754 536 835 Περίλαος,
559 747 624 833 ἐμοῦ
642 752 695 832 δέ,
719 750 788 815 ἐπεὶ
806 752 905 814 ἔνδον
920 740 980 832 ῆν,
997 754 1211 825 κατακλείσας

201 841 307 911 αὑτὸν
323 851 391 928 πῦρ
407 842 576 930 ὑφάπτειν
588 848 753 929 ἐκέλευον,
766 841 1004 931 Ἀπολάμβανε,
1021 844 1134 929 εἰπάν,
1153 840 1211 910 τόν

201 942 295 1021 ἀξιον
309 939 436 1026 μισθὸν
450 952 507 1028 τῆς
519 950 716 1028 θαυμαστῆς
731 960 793 1009 σου
806 947 936 1027 τέχνης,
952 940 998 1009 ἵν’
1015 940 1033 1009 ὁ
1049 941 1211 1008 διδάσκα-

202 1047 260 1116 λος
273 1045 331 1123 τῆς
345 1046 507 1125 μουσικῆς
522 1038 623 1117 αῦτὺς
636 1047 767 1122 πρῦτος
781 1038 892 1125 αὐλῆς.
922 1042 976 1107 καὶ
991 1038 1008 1107 ὁ
1024 1045 1085 1126 μέν
1099 1045 1211 1107 δίκαια
1284 1032 1285 1041 “

202 1143 344 1221 ἔπασχεν
366 1135 547 1205 ἀπολαύων
568 1146 625 1223 τῆς
644 1134 751 1205 αὑτοῦ
774 1135 988 1224 εὐμηχανίας·
1020 1136 1084 1223 ἐμοῦ
1107 1140 1143 1204 ὑὲ
1164 1142 1211 1205 ἔτι

202 1242 353 1321 ἔμπνουν
367 1239 421 1303 καὶ
435 1242 540 1316 ζῶντα
554 1235 614 1305 τὸν
626 1236 734 1321 ἀνδρα
749 1241 960 1323 ἐξαιρεθῆναι
974 1238 1149 1320 κελεύσας,
1168 1234 1211 1313 ὡς

201 1330 245 1418 μῆ
266 1333 395 1417 μιάνειε
410 1331 448 1401 τὺ
471 1340 571 1420 ἔργον
588 1335 827 1420 ἐναποθανών,
853 1338 981 1403 ἐκεῖνον
997 1336 1057 1423 μὲν
1079 1334 1211 1419 ἀταφον

201 1426 284 1496 κατά
302 1439 461 1516 κρημνῶν
476 1434 605 1517 ῥίπτειν
622 1435 796 1516 ἐκέλευσα,
818 1433 970 1520 καθήρας
989 1436 1025 1502 δὲ
1045 1434 1105 1501 τὸν
1124 1440 1211 1520 βοῦν

201 1524 375 1611 ἀνέπεμψα
389 1524 470 1611 ὑμῖν
486 1526 781 1615 ἀνατεθησόμενον
796 1536 842 1619 τῷ
863 1537 934 1618 θεῷ
959 1532 1013 1597 καὶ
1030 1529 1210 1614 ἐπιγράψαι

132 1642 184 1693 200
202 1650 240 1709 με
262 1621 314 1690 ἐπ’
332 1621 422 1713 αὐτῷ
438 1627 595 1692 ἐκέλευσα
608 1624 670 1711 τῆν
693 1633 805 1693 πάσαν
822 1628 991 1713 διήγησιν,
1017 1633 1077 1693 τοῦ
1094 1625 1210 1693 ἀνατι-

201 1724 321 1798 θέντος
337 1723 418 1806 ἐμοῦ
433 1721 597 1808 τοῦνομα,
625 1724 684 1790 τὸν
699 1731 849 1811 τεχνίτην
864 1721 924 1791 τὸν
939 1732 1121 1810 Περίλαον,
1149 1722 1210 1808 τῆν

201 1822 353 1887 ἐπίνοιαν
369 1816 431 1905 τῆν
450 1824 598 1905 ἐκείνου,
625 1819 687 1907 τῆν
708 1824 926 1909 δικαιοσύνην
948 1819 1010 1908 τῆν
1024 1821 1123 1908 ἐμῆν,
1148 1819 1210 1905 τῆν
1284 1886 1285 1915 χ

201 1920 395 2002 πρέπουσαν
411 1924 588 2004 τιμωρίαν,
614 1916 655 1986 τά
670 1928 730 1987 τοῦ
745 1927 854 2005 σοφοῦ
871 1923 1015 2005 χαλκέως
1027 1922 1127 2005 μέλη,
1148 1916 1210 2003 τῆν

201 2015 337 2101 πρώτην
363 2030 481 2102 πεῖραν
500 2023 558 2102 τῆς
581 2025 750 2103 μουσικῆς.
796 2024 846 2085 13.
873 2016 966 2103 ὑμεῖς
990 2020 1042 2100 δέ,
1072 2010 1210 2085 αἶΛελ-
1284 2036 1285 2043 ’

202 2121 278 2199 φοί,
295 2117 405 2181 δίκαια
420 2114 573 2201 ποιῆσετε
587 2115 754 2194 θύσαντες
768 2121 829 2202 μὲν
846 2114 931 2200 ὑπὲρ
947 2117 1029 2201 ἐμοῦ
1046 2112 1127 2201 μετὰ
1142 2122 1210 2180 τῦν

201 2214 389 2299 πρέσβεων,
405 2209 588 2291 ἀναθέντες
603 2214 639 2279 ὑὲ
655 2211 714 2279 τὸν
731 2222 857 2300 ταῦρον
872 2216 908 2281 ἐν
923 2220 1013 2303 καλῷ
1029 2222 1092 2280 τοῦ
1104 2217 1209 2297 ίεροῦ,

203 2308 247 2388 ὡς
262 2310 384 2386 πάντες
399 2314 516 2378 εἰδεῖεν
530 2306 599 2389 οἷος
613 2309 678 2397 ἐγώ
699 2311 782 2398 πρὸς
798 2310 878 2391 τοῦς
891 2312 1060 2398 πονηρούς
1076 2317 1140 2396 είμι
1155 2312 1210 2377 καὶ

201 2406 291 2486 ὅπως
302 2406 472 2493 ἀμῦνομαι
483 2407 541 2488 τάς
553 2408 705 2496 περιττάς
717 2415 750 2489 ἐς
761 2418 881 2479 κακίαν
896 2414 1073 2495 ἐπιθυμίας
1086 2406 1207 2477 αὐτῶν.

202 2503 323 2573 ίκανὸν
337 2514 423 2591 γοῦν
439 2511 492 2575 καὶ
513 2517 611 2576 τοῦτο
627 2510 734 2595 μόνον
748 2515 898 2596 ὑηλῦσαί
914 2537 980 2597 μου
994 2507 1053 2577 τὸν
1070 2509 1208 2593 τρόπον,
1284 2566 1285 2577 ,

201 2609 365 2687 Περίλαος
384 2608 560 2683 κολασθεὶς
577 2608 631 2673 καὶ
655 2604 673 2674 ὑ
692 2616 814 2695 ταῦρος
831 2606 1004 2686 ἀνατεθεὶς
1024 2607 1078 2673 καὶ
1092 2608 1207 2691 μηκέτι

202 2704 385 2787 φυλαχθεὶς
400 2702 483 2788 πρὸς
497 2703 609 2773 ἀλλων
624 2708 855 2791 κολαζομένων
870 2705 1041 2793 αὑλῆματα
1052 2705 1134 2791 μηδὲ
1147 2730 1209 2789 με·
1284 2724 1285 2733 ’

201 2802 353 2892 λῳῦῆσας
368 2801 449 2870 ἀλλο
461 2808 508 2870 ἐτι
525 2802 614 2890 πλῆν
628 2804 714 2890 μόνα
729 2804 769 2873 τά
784 2814 845 2874 τοῦ
859 2812 1008 2893 τεχνίτου
1020 2804 1207 2891 μυκῆματα,

201 2902 256 2968 καὶ
271 2899 323 2967 ὅτι
337 2904 372 2968 έν
385 2901 478 2992 μόνῳ
496 2899 585 2992 αὐτῷ
603 2905 657 2970 καὶ
677 2918 795 2989 πεῖραν
812 2910 933 2993 ἔλαβον
952 2912 1009 2990 τῆς
1025 2908 1140 2990 τέχνης
1154 2906 1208 2970 καί

200 3003 391 3068 κατέπαυσα
407 2999 469 3087 τῆν
481 3000 632 3087 ἄμουσον
647 3005 777 3087 ἐκείνην
791 3005 846 3070 καὶ
860 3000 1094 3087 ἀπάνθρωπον
1106 3000 1205 3089 μ’ῦῆν.

199 3101 254 3167 καὶ
270 3098 311 3167 τά
327 3102 389 3186 μὲν
401 3101 551 3185 παρόντα
564 3108 669 3169 ταῦτα
686 3098 765 3186 παρ’
783 3105 865 3187 ἐμοῦ
878 3109 924 3191 τχῦ
938 3109 1022 3191 θεῷ·
1044 3100 1207 3187 ἀναθήσω

199 3196 236 3263 δὲ
251 3199 306 3264 καὶ
320 3196 404 3266 ἀλλα
418 3199 593 3282 πολλάκις,
615 3201 751 3268 ἐπειδάν
765 3226 821 3286 μοι
836 3201 988 3288 παράσχη
1009 3204 1123 3287 μηκέτι
1140 3205 1208 3267 ὑεῖ-

199 3303 280 3361 σθαι
295 3297 475 3365 κολάσεων.
500 3303 551 3365 14.
565 3305 668 3365 ταῦτα
682 3300 760 3385 μέν,
777 3291 803 3365 ἀ
818 3307 952 3385 Δελφοί
955 3352 964 3383 ,
981 3300 1021 3367 τά
1037 3298 1127 3383 παρὰ
1145 3305 1206 3365 τοῦ

197 3391 402 3478 Φαλάριδος,
428 3392 541 3480 ἀληθῆ
554 3396 664 3463 πάντα
678 3398 733 3464 καὶ
754 3392 807 3463 οἷα
823 3398 974 3482 ἐπράχθη
990 3400 1124 3481 ἕκαστα,
1151 3397 1206 3465 καλ
