2575 3842
174 182 235 244 1³0
534 188 830 247 AOYKIANOY

172 339 233 426 τὴν
244 339 383 408 Ἰταλίαν
395 346 581 427 διεφοίτησε
593 352 655 410 τοῦ
668 352 825 429 μαντείου
840 343 876 412 τό
893 349 987 424 κλέος
1003 349 1055 414 καὶ
1074 350 1106 424 ἐς
1117 346 1179 431 τὴν

167 437 332 521 Ῥωμαίων
352 437 452 505 πόλιν
473 441 643 523 ἐνέπεσεν,
665 439 774 519 οόδείς
794 439 883 520 ὅστις
908 440 970 510 οὐκ
991 442 1090 521 άλλος
1110 442 1176 527 πρό

172 533 275 601 άλλου
294 532 460 619 ἠπείγετο,
489 540 522 602 οί
540 535 601 620 μὲν
617 534 710 615 αὐτοὶ
728 537 849 623 ἰόντες,
878 544 913 607 οί
926 540 962 608 δὲ
983 541 1176 624 πέμποντες,

172 633 226 698 καί
245 630 384 716 μάλιστα
405 636 440 699 οί
459 630 682 699 δυνατώτατοι
702 635 757 701 καὶ
771 637 926 720 μέγιστον
947 633 1072 721 άξίωμα
1087 639 1123 703 ἐν
1137 643 1177 721 τῇ

172 730 266 796 πόλει
286 735 431 813 ἔχοντες,
461 723 509 796 άν
530 736 661 814 πρῶτος
685 732 740 797 καί
763 731 1026 816 κορυφαιότατος
1046 734 1177 816 ἐγένετο

166 824 418 909 Ῥουτιλλιανός,
442 825 527 912 ἀνὴρ
547 827 588 893 τὰ
603 827 665 912 μέν
681 827 765 896 ἄλλα
787 828 888 908 καλός
902 832 956 898 καὶ
972 827 1100 916 άγαθός
1121 832 1177 899 καὶ

102 938 154 989 λ38
173 925 208 989 έν
227 929 363 1000 πολλαῖς
384 922 494 1002 τάξεσι
513 920 702 1007 Ῥωμαϊκαῖς
724 928 954 1011 ἐξητασμένος,
979 925 1019 993 τά
1044 924 1080 993 δὲ
1102 927 1177 1007 περὶ

171 1018 249 1098 τοὺς
262 1016 366 1096 θεοὺς
380 1021 471 1087 πάνυ
487 1029 598 1087 νοσῶν
612 1022 668 1088 καί
685 1019 846 1089 ἀλλόκοτα
862 1025 937 1108 περὶ
952 1020 1064 1089 αὐτῶν
1078 1044 1177 1087 πεπι-

172 1115 316 1195 στευκώς
330 1120 385 1185 καί
399 1124 429 1185 εἰ
443 1116 548 1203 μόνον
564 1114 788 1204 ἀληλιμμένον
807 1142 873 1187 που
888 1126 987 1188 λίθον
1001 1116 1022 1205 ἢ
1037 1121 1177 1202 ἐστεφα-

171 1217 322 1301 νωμένον
342 1215 518 1299 θεάσαιτο,
542 1221 759 1299 προσπίπτων
775 1212 879 1293 εὐθὺς
900 1218 956 1284 καὶ
975 1221 1178 1300 προσκυνῶν

171 1316 226 1382 καί
240 1314 292 1381 έπλ
312 1311 398 1381 πολὺ
419 1311 588 1398 παρεστός
603 1314 659 1381 καλ
678 1309 855 1399 εὐχόμενος
871 1315 925 1380 καί
945 1310 1075 1398 τάγαθά
1092 1308 1176 1392 παρ’

171 1409 276 1477 αὐτοῦ
290 1417 400 1477 αἰτῶν.
422 1403 521 1487 οὗτος
534 1416 650 1476 τοίνυν
661 1408 807 1487 άκοόσας
817 1408 858 1476 τά
872 1411 1021 1495 περὶτοῦ
1034 1429 1157 1494 γρηστη

172 1517 247 1593 ρίου
258 1516 380 1593 μικροῦ
390 1508 451 1593 μὲν
461 1510 595 1594 ἐδέησεν
610 1508 705 1592 ἀφεὶς
718 1505 780 1592 την
790 1509 1073 1592 ἐγκεχειρισμένην
1082 1507 1178 1585 τάξιν

172 1612 218 1683 εἰς
231 1602 268 1670 τό
280 1612 341 1671 τοῦ
355 1603 505 1691 Ἀβάνου
520 1620 623 1690 τεῖχος
634 1604 828 1691 άναπτηναι.
857 1610 979 1691 ἔπεμπε
997 1605 1029 1671 δ’
1040 1600 1103 1673 οὖν
1115 1604 1157 1672 άλ

171 1711 251 1778 λονς
265 1702 317 1769 ἐπ’
335 1701 463 1781 άλλοις·
494 1708 528 1771 οί
540 1706 576 1772 δέ
589 1703 796 1789 πεμπόμενοι
813 1707 942 1771 ἰδιῶταί
951 1728 1038 1779 τινες
1054 1706 1178 1770 οἰκέται

121 1861 128 1871 ,
171 1804 292 1887 ῥᾳδίως
306 1803 564 1887 ἐξαπατηθέντες
580 1802 767 1890 ἐπανῄεσαν
782 1800 823 1869 τά
838 1802 898 1886 μὲν
918 1800 1061 1883 ἰδόντες,
1084 1796 1124 1866 τά
1140 1799 1177 1867 δὲ

172 1897 216 1978 ὡς
230 1898 356 1979 ἰδόντες
371 1901 427 1969 καλ
443 1899 487 1979 ὡς
504 1900 706 1979 ἀκούσαντες
720 1899 933 1987 διηγούμενοι
948 1902 1003 1968 καί
1016 1920 1178 1984 προσεπι-

103 2010 155 2065 239
174 2006 370 2084 μετροῦντες
380 2005 429 2071 ,ἐτι
445 2006 546 2067 πλείω
563 1999 708 2081 τούτων,
730 1996 773 2076 ὡς
788 1998 990 2083 ἐντιμότεροι
1005 1996 1070 2063 εἰεν
1085 1993 1176 2076 παρά

173 2104 219 2185 τῷ
234 2095 385 2185 δεσπότη.
408 2099 556 2176 ἐξέκαιον
570 2089 633 2163 οὖν
643 2094 703 2163 τόν
717 2094 839 2163 άθλιον
852 2099 991 2179 γέροντα
1002 2094 1057 2160 καί
1068 2096 1100 2171 ἐς
1111 2118 1177 2178 μα-

173 2201 248 2262 νίαν
263 2198 455 2281 ἐρρωμένην
466 2196 654 2280 ἐνέβαλλον.
675 2200 725 2261 31.
742 2190 809 2261 όδέ
824 2191 868 2270 ὡς
879 2188 999 2269 άντσίς
1012 2197 1177 2267 πλείστοις

172 2292 227 2358 καλ
242 2292 481 2369 δυνατωτάτοις
502 2297 598 2376 φίλος
616 2288 666 2357 όν
686 2292 812 2378 περιῄει
825 2287 865 2356 τά
882 2289 943 2375 μὲν
957 2289 1177 2375 διηγούμενος

173 2386 216 2464 ὡς
231 2384 385 2455 άκοόσειε
401 2386 491 2471 παρά
505 2395 573 2455 τῶν
588 2391 828 2473 πεμφθέντων,
842 2384 882 2453 τά
901 2386 937 2454 δέ
949 2387 1005 2453 καὶ
1019 2382 1098 2467 παρ’
1112 2382 1175 2449 αό-

172 2491 233 2550 τοῦ
242 2492 441 2565 προστιθείς.
459 2488 618 2571 ἐνέπλησε
629 2484 661 2552 δ’
675 2479 740 2553 σάν
750 2482 813 2571 τὴν
827 2486 926 2553 πόλιν
937 2484 991 2551 καὶ
1002 2481 1176 2550 διεσάλευ-

172 2602 230 2647 σεν
245 2572 343 2660 οὗτος
362 2584 499 2649 καὶτῶν
515 2587 553 2651 ἐν
571 2591 610 2676 τῇ
631 2580 717 2672 αὐλῇ
732 2582 812 2662 τοδς
826 2590 999 2659 πλείστους
1016 2581 1176 2661 διεθορύ-

171 2685 290 2764 βησεν,
312 2685 347 2745 οἳ
363 2676 481 2746 αὐτίκα
502 2681 556 2747 καί
577 2678 672 2747 αὐτοὶ
694 2680 869 2767 ἠπείγοντο
893 2678 1035 2747 ἀκοῦσαί
1053 2704 1084 2745 τι
1107 2684 1176 2744 των

171 2774 252 2843 καθ’
264 2774 394 2854 αὑτούς.
418 2774 481 2845 ὅδὲ
491 2776 569 2856 τοὺς
580 2776 847 2865 ἀφικνουμένους
861 2778 952 2845 πάνυ
963 2774 1177 2863 φιλοφρόνως

172 2872 412 2959 ὑποδεχόμενος
427 2879 544 2954 ξενίοις
556 2878 657 2945 τεκαὶ
673 2891 743 2955 ταῖς
757 2876 871 2956 άλλαις
885 2877 1025 2959 δωρεαῖς
1034 2881 1177 2940 πολυτε-

172 2973 263 3039 λέσιν
278 2970 399 3051 εὔνους
412 2974 627 3060 ἐργαζόμενος
641 2972 731 3064 αὐτῷ
744 2972 934 3060 άπέπεμπεν
950 2971 1011 3039 οὐκ
1020 2970 1175 3057 άπαγγε-

102 3089 156 3141 240
173 3075 313 3146 λοῦντας
328 3070 436 3153 μόνον
448 3068 507 3148 τάς
522 3071 712 3159 ἐρωτήσεις,
726 3070 807 3139 άλλά
824 3075 879 3140 καί
893 3070 1104 3157 ὑμνήσοντας
1115 3067 1176 3136 τόν

170 3164 254 3232 θεὸν
277 3169 332 3233 καί
347 3167 500 3250 τεράστια
521 3167 606 3254 ὑπὲρ
629 3176 689 3237 τοῦ
710 3175 868 3253 μαντείου
890 3170 945 3235 καί
963 3164 1069 3234 αὐτοῦ
1091 3181 1175 3247 φευ-

171 3266 340 3346 σομένους.

254 3364 304 3424 32.
324 3356 422 3426 Ἀλλά
437 3362 491 3428 καί
506 3370 689 3447 μηχανᾶται
705 3360 723 3431 ὁ
744 3362 1000 3448 τρισκατάρατος
1016 3358 1077 3430 οόκ
1093 3360 1175 3429 άσο·
