2575 3842
379 187 510 243 zm
530 186 819 245 ΤΡΑΓΩιΔΟΣ.
1041 185 1105 247 369

22 387 28 422 :
84 339 105 410 ὁ
125 341 222 428 ἥλιος
239 341 290 412 ἀεὶ
309 340 372 428 τὴν
387 341 493 429 αὐτὴν
514 341 595 411 ὁδόν
611 341 673 410 ίῦν
690 346 745 412 καὶ
762 344 884 430 σελήνη
901 344 984 412 κατὰ
1000 343 1102 412 ταῦτά

86 442 148 508 καί
167 431 250 524 ῦραι
264 437 464 526 τρεπόμεναι
481 442 534 506 καὶ
551 439 640 524 φυτά
657 441 810 526 φυόμενα
824 444 879 508 καὶ
896 447 960 531 ζῷα
976 441 1104 527 γεννά-

21 583 28 620 ;
87 563 180 621 μενα
198 541 252 605 καὶ
264 534 348 604 αῦτά
360 544 463 604 ταῦτα
474 535 581 614 οὕτως
596 535 790 623 εὐμηχάνως
803 542 1102 624 κατεσκευασμένα,

89 630 137 711 ὡς
154 635 337 718 τρέφεσθαι
354 637 408 702 καὶ
422 636 552 702 ἐννοεῖν
569 636 623 701 καὶ
639 645 808 702 κινεισθαι
821 636 876 702 καὶ
889 640 1035 721 βαδίζειν
1049 637 1103 702 καὶ
1183 639 1189 647 “

87 739 326 800 τεκταίνεσθαι
336 733 391 799 καί
401 736 698 816 σκυτοτομείν,καλ
709 725 829 800 τάλλα·
851 739 955 799 ταῦτα
966 728 1008 798 οῦ
1019 757 1104 818 προ-

88 836 188 907 νοίας
205 836 286 916 ἔργα
303 828 390 898 εἷναί
402 849 455 896 σοι
472 834 577 910 δοκεῖς

180 933 295 993 ΔΑΜ.
315 922 408 992 Αῦτά
420 948 487 990 που
498 924 535 990 τό
548 924 760 1010 ζητούμενον,
780 919 806 991 ἀ
826 923 1007 1009 Τιμόκλεις,
1023 927 1103 1003 ξυν-

91 1024 264 1107 αρπάζεις·
286 1018 417 1089 οὐδέπω
430 1017 494 1106 γὰρ
509 1025 613 1106 δῆλον
627 1027 657 1090 εί
666 1029 808 1111 προνοίᾳ
818 1021 947 1089 τούτων
963 1023 1104 1089 ἕκαστον

20 1137 22 1144 ’
91 1120 308 1188 ἀποτελεῖται.
325 1117 399 1187 ἀλλ’
413 1117 464 1185 ὅτι
477 1117 539 1204 μέν
550 1119 687 1185 τοιαῦτά
697 1122 763 1186 ἐστι
776 1120 816 1186 τά
826 1120 988 1205 γινόμενα
1000 1125 1104 1204 φαίην

91 1215 138 1284 ἀν
152 1219 208 1285 καὶ
222 1214 338 1295 αὐτός·
361 1213 403 1284 οῦ
417 1217 483 1302 μην
499 1214 615 1283 αὐτίκα
630 1226 810 1283 πεπεῖσθαι
825 1214 954 1303 ἀνάγκη
969 1219 1024 1283 καὶ
1035 1214 1103 1283 ὑπό

91 1341 184 1393 τινος
207 1321 413 1401 προμηθείας
433 1311 518 1380 αὐτά
538 1320 734 1399 γίγνεσθαι·
766 1318 816 1380 ένι
840 1312 905 1398 γάρ
923 1316 977 1380 καί
996 1311 1103 1390 άλλως

19 1417 22 1452 ³
93 1410 263 1499 ἀρξάμενα
279 1419 344 1479 νῦν
364 1411 486 1498 ὁμοίως
501 1415 556 1478 καὶ
576 1408 660 1479 κατὰ
681 1407 784 1479 ταῦτά
801 1416 1027 1490 ξυνίστασθαι.
1058 1406 1101 1476 σῦ

19 1531 20 1536 ’
93 1509 130 1576 δὲ
140 1509 234 1589 τάξιν
245 1507 357 1578 αὐτῶν
368 1507 538 1594 ὀνομάζεις
548 1505 610 1593 τὴν
621 1505 782 1594 ἀνάγκην.
800 1505 868 1574 εἶτα
880 1505 1004 1595 δηλαδὴ
1017 1507 1102 1593 ἀγα·
1120 1534 1171 1594 535

19 1613 21 1644 ⁸
94 1607 285 1691 νακτήσεις,
311 1615 344 1674 εί
360 1613 408 1684 τίς
423 1625 476 1672 σοι
497 1601 541 1689 μὴ
564 1601 770 1690 ἀκολουθοίη
789 1600 829 1670 τά
849 1602 1011 1689 γινόμενα
1028 1607 1101 1690 μέν,

19 1725 20 1756 ³
95 1697 192 1768 ὁποῖά
209 1705 287 1786 ἐστι,
299 1705 598 1791 καταριθμουμένῳ
610 1703 665 1769 καὶ
675 1704 878 1783 ἐπαινοῦντι,
895 1703 950 1770 καλ
962 1704 1102 1793 οἰομένῳ

97 1794 133 1862 δέ
148 1793 320 1876 ἀπόδειξιν
336 1806 439 1866 ταῦτα
458 1796 541 1864 εἶναι
564 1806 625 1864 τοῦ
640 1801 696 1865 καὶ
712 1805 854 1888 προνοίᾳ
871 1798 1102 1868 διατάττεσθαι

18 1935 19 1940 1
97 1890 209 1961 αῦτῦν
224 1897 371 1963 ἕκαστον.
397 1894 479 1962 ῦστε
495 1891 578 1962 κατά
595 1892 656 1961 τὸν
670 1894 837 1979 κωμικόν·
889 1976 894 1979 ,

220 1994 312 2060 τουτὶ
326 1992 388 2078 μὲν
401 1991 659 2078 ὑπομόχθηρον,
676 1990 757 2059 ἀλλο
774 2018 831 2077 μοι
846 1995 928 2077 λέγε.

180 2096 231 2157 39.
258 2097 352 2158 TIM.
372 2089 452 2176 Ἐγώ
467 2089 528 2175 μὲν
545 2087 608 2156 οῦκ
619 2087 709 2174 οἶμαι
723 2090 779 2158 καὶ
792 2088 894 2175 ἀλλης
905 2090 958 2158 ἐπὶ
971 2090 1102 2170 τούτοις

97 2188 166 2256 δεῖν
182 2185 386 2269 ἀποδείξεως.
416 2188 506 2275 ὅμως
522 2185 553 2256 δ’
578 2179 641 2255 οῦν
658 2188 735 2273 ἐρῶ·
756 2183 937 2273 ἀπόκριναι
954 2189 1017 2275 γάρ
1033 2216 1099 2275 μοι.

99 2287 241 2374 Ὅμηρός
256 2309 309 2355 σοι
325 2285 568 2374 δοκείποιητης
582 2286 716 2371 ἀριστος
732 2285 833 2368 είναι;

178 2393 292 2454 ΔΑΜ.
315 2389 380 2454 Καὶ
396 2386 494 2472 μάλα.

184 2489 277 2552 TIM.
302 2481 439 2552 Οῦκοῦν
460 2486 575 2573 έκείνφ
596 2486 757 2570 ἐπείσθην
776 2480 838 2568 τὴν
855 2481 1019 2567 πρόνοιαν
1033 2489 1101 2548 τῦν

98 2590 188 2651 θεῶν
201 2587 422 2668 ἐμφανίζοντι.

179 2688 293 2747 ΔΑΜ.
318 2678 424 2766 Ἀλλ’,
454 2674 480 2747 ά
502 2682 689 2769 θαυμάσιε,
719 2679 861 2766 ποιητὴν
883 2683 945 2767 μὲν
968 2679 1101 2767 ἀγαθὸν

104 2777 247 2865 Ὅμηρον
256 2787 459 2865 γεγενῆσθαι
473 2782 594 2858 πάντες
606 2800 659 2848 σοι
675 2782 997 2866 ξυνομολομήσουσι,
1014 2780 1101 2864 μάρ-

101 2903 179 2963 τυροι
196 2878 231 2944 δὲ
246 2875 356 2962 ἀληθῆ
370 2881 445 2962 περί
458 2885 526 2946 τῦν
537 2879 701 2946 τοιούτων
715 2875 792 2944 οῦτε
804 2880 933 2944 ἐκεῖνον
947 2875 1024 2943 οὔτε
1041 2875 1101 2942 ἀλ-

103 2989 158 3044 λον
174 2973 314 3060 ποιητὴυ
329 2973 465 3043 οὐδένα·
488 2974 529 3043 οῦ
543 2973 607 3062 γάρ
622 2974 781 3060 ἀληθείας
795 2979 886 3060 με’λει
900 2971 1027 3061 αὐτοῖς,
1051 2972 1101 3041 οἷ-

102 3102 169 3162 μαι,
186 3071 269 3143 ἀλλά
284 3082 345 3142 τοῦ
360 3083 473 3161 κηλεῖν
486 3074 565 3154 τοῦς
580 3072 780 3158 ἀκούοντας,
795 3075 849 3140 καὶ
861 3071 915 3141 διά
929 3080 1028 3142 τοῦτο
1042 3076 1101 3159 με’-

101 3198 184 3259 τροις
193 3198 227 3239 τε
237 3172 418 3261 κατᾴδουσι
427 3175 483 3243 καὶ
492 3173 616 3260 μάθοις
625 3178 802 3257 κατηχοῦσι
812 3173 867 3238 καὶ
877 3169 962 3250 ὅλως
971 3169 1101 3238 ἅπαντα

102 3268 179 3356 ὑπὲρ
200 3277 262 3338 τοῦ
282 3278 427 3360 τερπνοῦ
446 3278 666 3358 μηχανῶνται.
698 3274 748 3338 40.
765 3267 848 3355 ἀτάρ
863 3267 968 3355 ἡδέως
982 3265 1026 3336 ἀν
1046 3272 1100 3337 καί

102 3366 291 3456 ἀκούσαιμι,
308 3365 426 3438 οἷστισι
442 3372 582 3456 μάλιστα
598 3372 754 3454 ἐπείσθης
769 3375 836 3436 τῦν
853 3365 1012 3521 Ὁμήῖρφυ·
1034 3363 1100 3452 ἀρα

181 3480 275 3518 ιυεωι
307 3466 329 3519 11
