<?xml version="1.0" encoding="UTF-8"?>
<!DOCTYPE html PUBLIC "-//W3C//DTD XHTML 1.0 Transitional//EN"
    "http://www.w3.org/TR/xhtml1/DTD/xhtml1-transitional.dtd">
<html xmlns="http://www.w3.org/1999/xhtml" xml:lang="en" lang="en">
 <head>
  <title>
</title>
<meta http-equiv="Content-Type" content="text/html;charset=utf-8" />
  <meta name='ocr-system' content='tesseract 3.04.00' />
  <meta name='ocr-capabilities' content='ocr_page ocr_carea ocr_par ocr_line ocrx_word'/>
</head>
<body>
  <div class='ocr_page' id='page_1' title='image "./operaadoptimoru00jacogoog/operaadoptimoru00jacogoog_0423.png"; bbox 0 0 2575 3842; ppageno 0'>
   <div class='ocr_carea' id='block_1_1' title="bbox 400 200 1123 265">
    <p class='ocr_par' dir='ltr' id='par_1_1' title="bbox 400 200 1123 265">
     <span class='ocr_line' id='line_1_1' title="bbox 400 200 1123 265; baseline 0.008 -7"><span class='ocrx_word' id='word_1_1' title='bbox 400 203 528 259; x_wconf 75' lang='grc' dir='ltr'><em>ΖΕΥΣ</em></span> <span class='ocrx_word' id='word_1_2' title='bbox 549 201 838 260; x_wconf 77' lang='grc' dir='ltr'><strong><em>ΤΡΑΓΩιΔΟΣ.</em></strong></span> <span class='ocrx_word' id='word_1_3' title='bbox 1061 200 1123 265; x_wconf 82' lang='grc'><strong><em>371</em></strong></span> 
     </span>
    </p>
   </div>
   <div class='ocr_carea' id='block_1_2' title="bbox 114 360 1195 1892">
    <p class='ocr_par' dir='ltr' id='par_1_2' title="bbox 114 360 1195 1892">
     <span class='ocr_line' id='line_1_2' title="bbox 115 360 1123 447; baseline -0.001 -17"><span class='ocrx_word' id='word_1_4' title='bbox 115 369 145 432; x_wconf 84' lang='grc' dir='ltr'><strong><em>εἰ</em></strong></span> <span class='ocrx_word' id='word_1_5' title='bbox 174 369 310 430; x_wconf 88' lang='grc' dir='ltr'><strong><em>τοιαῦτα</em></strong></span> <span class='ocrx_word' id='word_1_6' title='bbox 341 367 517 436; x_wconf 86' lang='grc' dir='ltr'><strong><em>ποιοῦντες</em></strong></span> <span class='ocrx_word' id='word_1_7' title='bbox 544 362 578 426; x_wconf 88' lang='grc' dir='ltr'><strong><em>οἰ</em></strong></span> <span class='ocrx_word' id='word_1_8' title='bbox 605 360 847 447; x_wconf 76' lang='grc' dir='ltr'><strong><em>τραγῳδοποιοὶ</em></strong></span> <span class='ocrx_word' id='word_1_9' title='bbox 874 367 1050 428; x_wconf 84' lang='grc' dir='ltr'><strong><em>πεπείκασί</em></strong></span> <span class='ocrx_word' id='word_1_10' title='bbox 1074 384 1123 447; x_wconf 89' lang='grc' dir='ltr'><strong><em>σε,</em></strong></span> 
     </span>
     <span class='ocr_line' id='line_1_3' title="bbox 115 454 1124 546; baseline -0.001 -19"><span class='ocrx_word' id='word_1_11' title='bbox 115 458 244 546; x_wconf 88' lang='grc' dir='ltr'><strong><em>άνάγκη</em></strong></span> <span class='ocrx_word' id='word_1_12' title='bbox 260 464 356 526; x_wconf 80' lang='grc' dir='ltr'><strong><em>δυοῖν</em></strong></span> <span class='ocrx_word' id='word_1_13' title='bbox 370 458 517 539; x_wconf 72' lang='grc' dir='ltr'><strong><em>θάτερον</em></strong></span> <span class='ocrx_word' id='word_1_14' title='bbox 532 454 604 541; x_wconf 87' lang='grc' dir='ltr'><strong><em>ήτοι</em></strong></span> <span class='ocrx_word' id='word_1_15' title='bbox 616 463 737 523; x_wconf 75' lang='grc' dir='ltr'><strong><em>Πῶλον</em></strong></span> <span class='ocrx_word' id='word_1_16' title='bbox 750 458 805 523; x_wconf 86' lang='grc' dir='ltr'><strong><em>καλ</em></strong></span> <span class='ocrx_word' id='word_1_17' title='bbox 817 454 1054 544; x_wconf 73' lang='grc' dir='ltr'><strong><em>Ἀριστόδημον</em></strong></span> <span class='ocrx_word' id='word_1_18' title='bbox 1068 461 1124 526; x_wconf 81' lang='grc' dir='ltr'><strong><em>καί</em></strong></span> 
     </span>
     <span class='ocr_line' id='line_1_4' title="bbox 115 549 1124 643; baseline -0.004 -17"><span class='ocrx_word' id='word_1_19' title='bbox 115 559 274 643; x_wconf 79' lang='grc' dir='ltr'><strong><em>Σάτυρον</em></strong></span> <span class='ocrx_word' id='word_1_20' title='bbox 284 553 443 641; x_wconf 78' lang='grc' dir='ltr'><strong><em>ἡγεῖσθαί</em></strong></span> <span class='ocrx_word' id='word_1_21' title='bbox 451 573 488 622; x_wconf 89' lang='grc' dir='ltr'><strong><em>σε</em></strong></span> <span class='ocrx_word' id='word_1_22' title='bbox 499 551 603 630; x_wconf 76' lang='grc' dir='ltr'><strong><em>θεούς</em></strong></span> <span class='ocrx_word' id='word_1_23' title='bbox 619 551 704 620; x_wconf 87' lang='grc' dir='ltr'><strong><em>εἰναι</em></strong></span> <span class='ocrx_word' id='word_1_24' title='bbox 713 554 787 620; x_wconf 90' lang='grc' dir='ltr'><strong><em>τότε</em></strong></span> <span class='ocrx_word' id='word_1_25' title='bbox 799 549 820 639; x_wconf 86' lang='grc' dir='ltr'><strong><em>ή</em></strong></span> <span class='ocrx_word' id='word_1_26' title='bbox 831 552 871 620; x_wconf 86' lang='grc' dir='ltr'><strong><em>τά</em></strong></span> <span class='ocrx_word' id='word_1_27' title='bbox 884 554 1046 637; x_wconf 84' lang='grc' dir='ltr'><strong><em>πρόσωπα</em></strong></span> <span class='ocrx_word' id='word_1_28' title='bbox 1057 564 1124 622; x_wconf 78' lang='grc' dir='ltr'><strong><em>τῶν</em></strong></span> 
     </span>
     <span class='ocr_line' id='line_1_5' title="bbox 114 647 1125 737; baseline -0.005 -14"><span class='ocrx_word' id='word_1_29' title='bbox 114 662 207 723; x_wconf 77' lang='grc' dir='ltr'><strong><em>θεῶν</em></strong></span> <span class='ocrx_word' id='word_1_30' title='bbox 227 651 311 721; x_wconf 84' lang='grc' dir='ltr'><strong><em>αύτά</em></strong></span> <span class='ocrx_word' id='word_1_31' title='bbox 327 655 382 719; x_wconf 84' lang='grc' dir='ltr'><strong><em>καλ</em></strong></span> <span class='ocrx_word' id='word_1_32' title='bbox 396 650 475 730; x_wconf 87' lang='grc' dir='ltr'><strong><em>τούς</em></strong></span> <span class='ocrx_word' id='word_1_33' title='bbox 492 651 634 737; x_wconf 78' lang='grc' dir='ltr'><strong><em>ἐμβάτας</em></strong></span> <span class='ocrx_word' id='word_1_34' title='bbox 649 654 705 718; x_wconf 84' lang='grc' dir='ltr'><strong><em>καλ</em></strong></span> <span class='ocrx_word' id='word_1_35' title='bbox 719 647 798 729; x_wconf 87' lang='grc' dir='ltr'><strong><em>τούς</em></strong></span> <span class='ocrx_word' id='word_1_36' title='bbox 814 654 971 736; x_wconf 77' lang='grc' dir='ltr'><strong><em>ποδήρεις</em></strong></span> <span class='ocrx_word' id='word_1_37' title='bbox 984 659 1125 737; x_wconf 79' lang='grc' dir='ltr'><strong><em>χιτῶνας</em></strong></span> 
     </span>
     <span class='ocr_line' id='line_1_6' title="bbox 114 749 1124 836; baseline -0.003 -18"><span class='ocrx_word' id='word_1_38' title='bbox 114 755 170 820; x_wconf 83' lang='grc' dir='ltr'><strong><em>καὶ</em></strong></span> <span class='ocrx_word' id='word_1_39' title='bbox 183 750 353 836; x_wconf 82' lang='grc' dir='ltr'><strong><em>χλαμύδας</em></strong></span> <span class='ocrx_word' id='word_1_40' title='bbox 362 753 417 817; x_wconf 82' lang='grc' dir='ltr'><strong><em>καλ</em></strong></span> <span class='ocrx_word' id='word_1_41' title='bbox 430 754 574 834; x_wconf 81' lang='grc' dir='ltr'><strong><em>χειρῖδας</em></strong></span> <span class='ocrx_word' id='word_1_42' title='bbox 584 750 639 815; x_wconf 88' lang='grc' dir='ltr'><strong><em>καὶ</em></strong></span> <span class='ocrx_word' id='word_1_43' title='bbox 654 752 892 833; x_wconf 73' lang='grc' dir='ltr'><strong><em>προγαστρίδια</em></strong></span> <span class='ocrx_word' id='word_1_44' title='bbox 906 753 961 816; x_wconf 85' lang='grc' dir='ltr'><strong><em>καὶ</em></strong></span> <span class='ocrx_word' id='word_1_45' title='bbox 976 749 1124 834; x_wconf 92' lang='grc' dir='ltr'><strong><em>σωμάτια</em></strong></span> 
     </span>
     <span class='ocr_line' id='line_1_7' title="bbox 114 842 1195 936; baseline -0.006 -19"><span class='ocrx_word' id='word_1_46' title='bbox 114 852 169 917; x_wconf 81' lang='grc' dir='ltr'><strong><em>καὶ</em></strong></span> <span class='ocrx_word' id='word_1_47' title='bbox 183 842 303 934; x_wconf 82' lang='grc' dir='ltr'><strong><em>τάλλα,</em></strong></span> <span class='ocrx_word' id='word_1_48' title='bbox 320 844 369 926; x_wconf 81' lang='grc' dir='ltr'><strong><em>οἷς</em></strong></span> <span class='ocrx_word' id='word_1_49' title='bbox 384 851 504 916; x_wconf 82' lang='grc' dir='ltr'><strong><em>ἐκείνοι</em></strong></span> <span class='ocrx_word' id='word_1_50' title='bbox 520 845 726 932; x_wconf 81' lang='grc' dir='ltr'><strong><em>σεμνύνουσι</em></strong></span> <span class='ocrx_word' id='word_1_51' title='bbox 741 842 803 931; x_wconf 83' lang='grc' dir='ltr'><strong><em>τήν</em></strong></span> <span class='ocrx_word' id='word_1_52' title='bbox 817 850 1022 936; x_wconf 76' lang='grc' dir='ltr'><strong><em>τραγῳδίαν,</em></strong></span> <span class='ocrx_word' id='word_1_53' title='bbox 1039 843 1123 930; x_wconf 84' lang='grc' dir='ltr'><strong><em>ὅπερ</em></strong></span> <span class='ocrx_word' id='word_1_54' title='bbox 1141 864 1195 919; x_wconf 82' lang='grc'><strong><em>689</em></strong></span> 
     </span>
     <span class='ocr_line' id='line_1_8' title="bbox 115 940 1126 1032; baseline -0.004 -18"><span class='ocrx_word' id='word_1_55' title='bbox 115 946 325 1032; x_wconf 88' lang='grc' dir='ltr'><strong><em>γελοιότατον</em></strong></span> <span class='ocrx_word' id='word_1_56' title='bbox 346 945 451 1030; x_wconf 89' lang='grc' dir='ltr'><strong><em>οἰμαι·</em></strong></span> <span class='ocrx_word' id='word_1_57' title='bbox 474 946 544 1011; x_wconf 78' lang='grc' dir='ltr'><strong><em>ἐπεὶ</em></strong></span> <span class='ocrx_word' id='word_1_58' title='bbox 559 940 638 1010; x_wconf 77' lang='grc' dir='ltr'><strong><em>καθ’</em></strong></span> <span class='ocrx_word' id='word_1_59' title='bbox 657 941 777 1010; x_wconf 80' lang='grc' dir='ltr'><strong><em>ἑαυτὸν</em></strong></span> <span class='ocrx_word' id='word_1_60' title='bbox 800 941 927 1011; x_wconf 78' lang='grc' dir='ltr'><strong><em>ὁπόταν</em></strong></span> <span class='ocrx_word' id='word_1_61' title='bbox 948 941 1126 1027; x_wconf 82' lang='grc' dir='ltr'><strong><em>ὁΕύριπί-</em></strong></span> 
     </span>
     <span class='ocr_line' id='line_1_9' title="bbox 116 1040 1127 1130; baseline -0.002 -20"><span class='ocrx_word' id='word_1_62' title='bbox 116 1049 190 1129; x_wconf 90' lang='grc' dir='ltr'><strong><em>δης,</em></strong></span> <span class='ocrx_word' id='word_1_63' title='bbox 206 1044 309 1130; x_wconf 71' lang='grc' dir='ltr'><strong><em>μηδὲν</em></strong></span> <span class='ocrx_word' id='word_1_64' title='bbox 321 1042 517 1128; x_wconf 78' lang='grc' dir='ltr'><strong><em>ἐπειγούσης</em></strong></span> <span class='ocrx_word' id='word_1_65' title='bbox 531 1048 588 1126; x_wconf 81' lang='grc' dir='ltr'><strong><em>τῆς</em></strong></span> <span class='ocrx_word' id='word_1_66' title='bbox 598 1048 709 1125; x_wconf 82' lang='grc' dir='ltr'><strong><em>χρείας</em></strong></span> <span class='ocrx_word' id='word_1_67' title='bbox 723 1049 791 1107; x_wconf 82' lang='grc' dir='ltr'><strong><em>τῦν</em></strong></span> <span class='ocrx_word' id='word_1_68' title='bbox 806 1042 999 1128; x_wconf 80' lang='grc' dir='ltr'><strong><em>δραμάτων,</em></strong></span> <span class='ocrx_word' id='word_1_69' title='bbox 1014 1040 1055 1108; x_wconf 85' lang='grc' dir='ltr'><strong><em>τά</em></strong></span> <span class='ocrx_word' id='word_1_70' title='bbox 1067 1046 1127 1108; x_wconf 91' lang='grc' dir='ltr'><strong><em>δο-</em></strong></span> 
     </span>
     <span class='ocr_line' id='line_1_10' title="bbox 115 1136 1103 1230; baseline -0.006 -20"><span class='ocrx_word' id='word_1_71' title='bbox 115 1143 241 1210; x_wconf 91' lang='grc' dir='ltr'><strong><em>κοῦντά</em></strong></span> <span class='ocrx_word' id='word_1_72' title='bbox 256 1147 291 1210; x_wconf 92' lang='grc' dir='ltr'><strong><em>οἰ</em></strong></span> <span class='ocrx_word' id='word_1_73' title='bbox 305 1146 400 1230; x_wconf 90' lang='grc' dir='ltr'><strong><em>λέγη,</em></strong></span> <span class='ocrx_word' id='word_1_74' title='bbox 416 1140 566 1208; x_wconf 85' lang='grc' dir='ltr'><strong><em>άκουσον</em></strong></span> <span class='ocrx_word' id='word_1_75' title='bbox 580 1136 687 1206; x_wconf 88' lang='grc' dir='ltr'><strong><em>αύτοῦ</em></strong></span> <span class='ocrx_word' id='word_1_76' title='bbox 696 1139 770 1206; x_wconf 87' lang='grc' dir='ltr'><strong><em>τότε</em></strong></span> <span class='ocrx_word' id='word_1_77' title='bbox 784 1142 1103 1223; x_wconf 79' lang='grc' dir='ltr'><strong><em>παρρησιαζομένου,</em></strong></span> 
     </span>
     <span class='ocr_line' id='line_1_11' title="bbox 242 1233 909 1327; baseline -0.004 -21"><span class='ocrx_word' id='word_1_78' title='bbox 242 1237 323 1327; x_wconf 79' lang='grc' dir='ltr'><strong><em>ὁρᾷς</em></strong></span> <span class='ocrx_word' id='word_1_79' title='bbox 338 1236 398 1304; x_wconf 85' lang='grc' dir='ltr'><strong><em>τὸν</em></strong></span> <span class='ocrx_word' id='word_1_80' title='bbox 414 1235 506 1318; x_wconf 74' lang='grc' dir='ltr'><strong><em>ὑψοῦ</em></strong></span> <span class='ocrx_word' id='word_1_81' title='bbox 524 1233 617 1304; x_wconf 91' lang='grc' dir='ltr'><strong><em>τόνδ’</em></strong></span> <span class='ocrx_word' id='word_1_82' title='bbox 634 1234 775 1321; x_wconf 87' lang='grc' dir='ltr'><strong><em>άπειρον</em></strong></span> <span class='ocrx_word' id='word_1_83' title='bbox 789 1240 909 1321; x_wconf 79' lang='grc' dir='ltr'><strong><em>αἰθέρα</em></strong></span> 
     </span>
     <span class='ocr_line' id='line_1_12' title="bbox 242 1330 997 1421; baseline -0.004 -17"><span class='ocrx_word' id='word_1_84' title='bbox 242 1339 296 1404; x_wconf 87' lang='grc' dir='ltr'><strong><em>καὶ</em></strong></span> <span class='ocrx_word' id='word_1_85' title='bbox 313 1342 378 1421; x_wconf 86' lang='grc' dir='ltr'><strong><em>γήν</em></strong></span> <span class='ocrx_word' id='word_1_86' title='bbox 395 1337 489 1419; x_wconf 82' lang='grc' dir='ltr'><strong><em>πέριξ</em></strong></span> <span class='ocrx_word' id='word_1_87' title='bbox 504 1330 617 1419; x_wconf 79' lang='grc' dir='ltr'><strong><em>ἔχονθ’</em></strong></span> <span class='ocrx_word' id='word_1_88' title='bbox 635 1331 752 1419; x_wconf 78' lang='grc' dir='ltr'><strong><em>ύγραίς</em></strong></span> <span class='ocrx_word' id='word_1_89' title='bbox 767 1336 803 1400; x_wconf 89' lang='grc' dir='ltr'><strong><em>έν</em></strong></span> <span class='ocrx_word' id='word_1_90' title='bbox 819 1332 997 1419; x_wconf 86' lang='grc' dir='ltr'><strong><em>άγκάλαις;</em></strong></span> 
     </span>
     <span class='ocr_line' id='line_1_13' title="bbox 242 1429 932 1520; baseline -0.003 -20"><span class='ocrx_word' id='word_1_91' title='bbox 242 1440 363 1500; x_wconf 88' lang='grc' dir='ltr'><strong><em>τοῦτον</em></strong></span> <span class='ocrx_word' id='word_1_92' title='bbox 379 1433 492 1520; x_wconf 83' lang='grc' dir='ltr'><strong><em>νόμιζε</em></strong></span> <span class='ocrx_word' id='word_1_93' title='bbox 506 1439 614 1517; x_wconf 81' lang='grc' dir='ltr'><strong><em>Ζῆνα,</em></strong></span> <span class='ocrx_word' id='word_1_94' title='bbox 630 1429 722 1499; x_wconf 88' lang='grc' dir='ltr'><strong><em>τόνδ’</em></strong></span> <span class='ocrx_word' id='word_1_95' title='bbox 737 1429 824 1517; x_wconf 84' lang='grc' dir='ltr'><strong><em>ἡγοῦ</em></strong></span> <span class='ocrx_word' id='word_1_96' title='bbox 837 1434 932 1500; x_wconf 80' lang='grc' dir='ltr'><strong><em>θεόν.</em></strong></span> 
     </span>
     <span class='ocr_line' id='line_1_14' title="bbox 114 1533 305 1617; baseline -0.01 -16"><span class='ocrx_word' id='word_1_97' title='bbox 114 1535 169 1601; x_wconf 83' lang='grc' dir='ltr'><strong><em>καὶ</em></strong></span> <span class='ocrx_word' id='word_1_98' title='bbox 185 1533 305 1617; x_wconf 91' lang='grc' dir='ltr'><strong><em>πάλιν,</em></strong></span> 
     </span>
     <span class='ocr_line' id='line_1_15' title="bbox 242 1625 1019 1721; baseline 0.003 -24"><span class='ocrx_word' id='word_1_99' title='bbox 242 1629 343 1712; x_wconf 91' lang='grc' dir='ltr'><strong><em>Ζεύς,</em></strong></span> <span class='ocrx_word' id='word_1_100' title='bbox 353 1627 443 1706; x_wconf 85' lang='grc' dir='ltr'><strong><em>ὅστις</em></strong></span> <span class='ocrx_word' id='word_1_101' title='bbox 453 1627 471 1696; x_wconf 88' lang='grc' dir='ltr'><strong>ὁ</strong></span> <span class='ocrx_word' id='word_1_102' title='bbox 483 1628 585 1714; x_wconf 86' lang='grc' dir='ltr'><strong><em>Ζεύς,</em></strong></span> <span class='ocrx_word' id='word_1_103' title='bbox 597 1627 639 1696; x_wconf 91' lang='grc' dir='ltr'><strong><em>ού</em></strong></span> <span class='ocrx_word' id='word_1_104' title='bbox 650 1625 716 1715; x_wconf 84' lang='grc' dir='ltr'><strong><em>γάρ</em></strong></span> <span class='ocrx_word' id='word_1_105' title='bbox 729 1627 819 1713; x_wconf 87' lang='grc' dir='ltr'><strong><em>οἰδα,</em></strong></span> <span class='ocrx_word' id='word_1_106' title='bbox 831 1628 920 1716; x_wconf 84' lang='grc' dir='ltr'><strong><em>πλήν</em></strong></span> <span class='ocrx_word' id='word_1_107' title='bbox 931 1632 1019 1721; x_wconf 78' lang='grc' dir='ltr'><strong><em>λόγῳ</em></strong></span> 
     </span>
     <span class='ocr_line' id='line_1_16' title="bbox 243 1728 367 1794; baseline -0.024 0"><span class='ocrx_word' id='word_1_108' title='bbox 243 1728 367 1794; x_wconf 88' lang='grc' dir='ltr'><strong><em>κλύων.</em></strong></span> 
     </span>
     <span class='ocr_line' id='line_1_17' title="bbox 115 1823 391 1892; baseline -0.011 0"><span class='ocrx_word' id='word_1_109' title='bbox 115 1829 171 1892; x_wconf 85' lang='grc' dir='ltr'><strong><em>καὶ</em></strong></span> <span class='ocrx_word' id='word_1_110' title='bbox 187 1823 227 1891; x_wconf 81' lang='grc' dir='ltr'><strong><em>τά</em></strong></span> <span class='ocrx_word' id='word_1_111' title='bbox 245 1831 391 1891; x_wconf 86' lang='grc' dir='ltr'><strong><em>τοιαῦτα.</em></strong></span> 
     </span>
    </p>
   </div>
   <div class='ocr_carea' id='block_1_3' title="bbox 12 1932 1195 3387">
    <p class='ocr_par' dir='ltr' id='par_1_3' title="bbox 116 1932 1195 2121">
     <span class='ocr_line' id='line_1_18' title="bbox 199 1932 1195 2023; baseline 0 -19"><span class='ocrx_word' id='word_1_112' title='bbox 199 1941 249 2004; x_wconf 77' lang='lat'><strong><em>42.</em></strong></span> <span class='ocrx_word' id='word_1_113' title='bbox 277 1943 371 2004; x_wconf 89' lang='lat' dir='ltr'><em>TIM.</em></span> <span class='ocrx_word' id='word_1_114' title='bbox 398 1932 535 2002; x_wconf 83' lang='grc' dir='ltr'><strong><em>Οὐκοῦν</em></strong></span> <span class='ocrx_word' id='word_1_115' title='bbox 550 1933 696 2012; x_wconf 79' lang='grc' dir='ltr'><strong><em>ἅπαντες</em></strong></span> <span class='ocrx_word' id='word_1_116' title='bbox 714 1934 891 2018; x_wconf 76' lang='grc' dir='ltr'><strong><em>ἄνθρωποι</em></strong></span> <span class='ocrx_word' id='word_1_117' title='bbox 910 1939 965 2002; x_wconf 87' lang='grc' dir='ltr'><strong><em>καλ</em></strong></span> <span class='ocrx_word' id='word_1_118' title='bbox 981 1934 1022 2002; x_wconf 83' lang='grc' dir='ltr'><strong><em>τά</em></strong></span> <span class='ocrx_word' id='word_1_119' title='bbox 1038 1943 1123 2023; x_wconf 74' lang='grc' dir='ltr'><strong><em>ἔθνη</em></strong></span> <span class='ocrx_word' id='word_1_120' title='bbox 1142 1956 1195 2010; x_wconf 82' lang='lat'><strong><em>690</em></strong></span> 
     </span>
     <span class='ocr_line' id='line_1_19' title="bbox 116 2031 1034 2121; baseline -0.004 -17"><span class='ocrx_word' id='word_1_121' title='bbox 116 2035 334 2121; x_wconf 82' lang='grc' dir='ltr'><strong><em>ἐξηπάτηνται</em></strong></span> <span class='ocrx_word' id='word_1_122' title='bbox 349 2031 454 2110; x_wconf 79' lang='grc' dir='ltr'><strong><em>θεούς</em></strong></span> <span class='ocrx_word' id='word_1_123' title='bbox 468 2037 656 2118; x_wconf 80' lang='grc' dir='ltr'><strong><em>νομίζοντες</em></strong></span> <span class='ocrx_word' id='word_1_124' title='bbox 669 2037 724 2100; x_wconf 86' lang='grc' dir='ltr'><strong><em>καλ</em></strong></span> <span class='ocrx_word' id='word_1_125' title='bbox 740 2039 1034 2119; x_wconf 65' lang='grc' dir='ltr'><strong><em>πανηγυρίζοντεςς</em></strong></span> 
     </span>
    </p>

    <p class='ocr_par' dir='ltr' id='par_1_4' title="bbox 12 2122 1127 3387">
     <span class='ocr_line' id='line_1_20' title="bbox 199 2122 1125 2216; baseline -0.003 -15"><span class='ocrx_word' id='word_1_126' title='bbox 199 2139 314 2201; x_wconf 85' lang='grc' dir='ltr'><strong><em>ΔΑΜ,</em></strong></span> <span class='ocrx_word' id='word_1_127' title='bbox 338 2124 390 2198; x_wconf 83' lang='grc' dir='ltr'><strong><em>Εὖ</em></strong></span> <span class='ocrx_word' id='word_1_128' title='bbox 403 2156 458 2216; x_wconf 90' lang='grc' dir='ltr'><strong><em>γε,</em></strong></span> <span class='ocrx_word' id='word_1_129' title='bbox 478 2122 505 2197; x_wconf 74' lang='grc' dir='ltr'><strong><em>ὦ</em></strong></span> <span class='ocrx_word' id='word_1_130' title='bbox 522 2130 711 2214; x_wconf 88' lang='grc' dir='ltr'><strong><em>Τιμόκλεις,</em></strong></span> <span class='ocrx_word' id='word_1_131' title='bbox 728 2129 779 2197; x_wconf 85' lang='grc' dir='ltr'><strong><em>ὅτι</em></strong></span> <span class='ocrx_word' id='word_1_132' title='bbox 794 2157 835 2216; x_wconf 86' lang='grc' dir='ltr'><strong><em>με</em></strong></span> <span class='ocrx_word' id='word_1_133' title='bbox 850 2129 1044 2216; x_wconf 80' lang='grc' dir='ltr'><strong><em>ὑπέμνησας</em></strong></span> <span class='ocrx_word' id='word_1_134' title='bbox 1057 2139 1125 2198; x_wconf 78' lang='grc' dir='ltr'><strong><em>τῶν</em></strong></span> 
     </span>
     <span class='ocr_line' id='line_1_21' title="bbox 37 2219 1125 2314; baseline -0.003 -16"><span class='ocrx_word' id='word_1_135' title='bbox 37 2249 47 2272; x_wconf 81' lang='lat'><strong><em>‘</em></strong></span> <span class='ocrx_word' id='word_1_136' title='bbox 114 2227 197 2298; x_wconf 84' lang='grc' dir='ltr'><strong><em>κατά</em></strong></span> <span class='ocrx_word' id='word_1_137' title='bbox 214 2228 255 2296; x_wconf 83' lang='grc' dir='ltr'><strong><em>τά</em></strong></span> <span class='ocrx_word' id='word_1_138' title='bbox 272 2233 357 2314; x_wconf 77' lang='grc' dir='ltr'><strong><em>ἔθνη</em></strong></span> <span class='ocrx_word' id='word_1_139' title='bbox 373 2229 614 2312; x_wconf 80' lang='grc' dir='ltr'><strong><em>νομιζομένων,</em></strong></span> <span class='ocrx_word' id='word_1_140' title='bbox 630 2223 691 2310; x_wconf 79' lang='grc' dir='ltr'><strong><em>ἀφ’</em></strong></span> <span class='ocrx_word' id='word_1_141' title='bbox 709 2219 758 2294; x_wconf 79' lang='grc' dir='ltr'><strong><em>ὦν</em></strong></span> <span class='ocrx_word' id='word_1_142' title='bbox 772 2227 913 2312; x_wconf 89' lang='grc' dir='ltr'><strong><em>μάλιστα</em></strong></span> <span class='ocrx_word' id='word_1_143' title='bbox 930 2232 1062 2296; x_wconf 91' lang='grc' dir='ltr'><strong><em>συνίδοι</em></strong></span> <span class='ocrx_word' id='word_1_144' title='bbox 1075 2256 1125 2306; x_wconf 89' lang='grc' dir='ltr'><strong><em>τις</em></strong></span> 
     </span>
     <span class='ocr_line' id='line_1_22' title="bbox 114 2321 1123 2412; baseline -0.001 -18"><span class='ocrx_word' id='word_1_145' title='bbox 114 2322 158 2393; x_wconf 85' lang='grc' dir='ltr'><strong><em>άν</em></strong></span> <span class='ocrx_word' id='word_1_146' title='bbox 173 2323 217 2404; x_wconf 79' lang='grc' dir='ltr'><strong><em>ὡς</em></strong></span> <span class='ocrx_word' id='word_1_147' title='bbox 231 2323 331 2394; x_wconf 75' lang='grc' dir='ltr'><strong><em>οὐδὲν</em></strong></span> <span class='ocrx_word' id='word_1_148' title='bbox 342 2321 509 2411; x_wconf 81' lang='grc' dir='ltr'><strong><em>βέβαιονὸ</em></strong></span> <span class='ocrx_word' id='word_1_149' title='bbox 524 2326 599 2405; x_wconf 78' lang='grc' dir='ltr'><strong><em>περὶ</em></strong></span> <span class='ocrx_word' id='word_1_150' title='bbox 612 2331 706 2392; x_wconf 72' lang='grc' dir='ltr'><strong><em>θεῶν</em></strong></span> <span class='ocrx_word' id='word_1_151' title='bbox 717 2325 816 2410; x_wconf 93' lang='grc' dir='ltr'><strong><em>λόγος</em></strong></span> <span class='ocrx_word' id='word_1_152' title='bbox 830 2332 909 2410; x_wconf 77' lang='grc' dir='ltr'><strong><em>ἔχει·</em></strong></span> <span class='ocrx_word' id='word_1_153' title='bbox 931 2329 1048 2393; x_wconf 80' lang='grc' dir='ltr'><strong><em>πολλοὶ</em></strong></span> <span class='ocrx_word' id='word_1_154' title='bbox 1058 2325 1123 2412; x_wconf 84' lang='grc' dir='ltr'><strong><em>γάρ</em></strong></span> 
     </span>
     <span class='ocr_line' id='line_1_23' title="bbox 115 2419 1124 2510; baseline 0 -19"><span class='ocrx_word' id='word_1_155' title='bbox 115 2430 149 2492; x_wconf 90' lang='grc' dir='ltr'><strong><em>οἰ</em></strong></span> <span class='ocrx_word' id='word_1_156' title='bbox 161 2424 297 2510; x_wconf 83' lang='grc' dir='ltr'><strong><em>τάραχοι</em></strong></span> <span class='ocrx_word' id='word_1_157' title='bbox 313 2424 368 2490; x_wconf 87' lang='grc' dir='ltr'><strong><em>καλ</em></strong></span> <span class='ocrx_word' id='word_1_158' title='bbox 389 2420 484 2490; x_wconf 74' lang='grc' dir='ltr'><strong><em>ἄλλοι</em></strong></span> <span class='ocrx_word' id='word_1_159' title='bbox 503 2419 587 2490; x_wconf 83' lang='grc' dir='ltr'><strong><em>άλλα</em></strong></span> <span class='ocrx_word' id='word_1_160' title='bbox 601 2426 788 2509; x_wconf 75' lang='grc' dir='ltr'><strong><em>νομίζουσι,</em></strong></span> <span class='ocrx_word' id='word_1_161' title='bbox 812 2423 951 2490; x_wconf 78' lang='grc' dir='ltr'><strong><em>Σκύθαι</em></strong></span> <span class='ocrx_word' id='word_1_162' title='bbox 971 2424 1033 2509; x_wconf 71' lang='grc' dir='ltr'><strong><em>μὲν</em></strong></span> <span class='ocrx_word' id='word_1_163' title='bbox 1048 2421 1124 2491; x_wconf 82' lang='grc' dir='ltr'><strong><em>οἰκι-</em></strong></span> 
     </span>
     <span class='ocr_line' id='line_1_24' title="bbox 114 2519 1123 2609; baseline 0 -23"><span class='ocrx_word' id='word_1_164' title='bbox 114 2521 201 2609; x_wconf 90' lang='grc' dir='ltr'><strong><em>νάκη</em></strong></span> <span class='ocrx_word' id='word_1_165' title='bbox 214 2521 358 2598; x_wconf 80' lang='grc' dir='ltr'><strong><em>θύοντες</em></strong></span> <span class='ocrx_word' id='word_1_166' title='bbox 371 2521 426 2588; x_wconf 84' lang='grc' dir='ltr'><strong><em>καί</em></strong></span> <span class='ocrx_word' id='word_1_167' title='bbox 439 2527 567 2608; x_wconf 82' lang='grc' dir='ltr'><strong><em>Θρᾷκες</em></strong></span> <span class='ocrx_word' id='word_1_168' title='bbox 576 2520 772 2605; x_wconf 84' lang='grc' dir='ltr'><strong><em>Ζαμόλξιδι,</em></strong></span> <span class='ocrx_word' id='word_1_169' title='bbox 790 2525 936 2608; x_wconf 89' lang='grc' dir='ltr'><strong><em>δραπέτη</em></strong></span> <span class='ocrx_word' id='word_1_170' title='bbox 950 2519 1123 2609; x_wconf 76' lang='grc' dir='ltr'><strong><em>ἀνθρώπω</em></strong></span> 
     </span>
     <span class='ocr_line' id='line_1_25' title="bbox 115 2615 1124 2709; baseline 0.001 -24"><span class='ocrx_word' id='word_1_171' title='bbox 115 2621 151 2686; x_wconf 84' lang='grc' dir='ltr'><strong><em>έκ</em></strong></span> <span class='ocrx_word' id='word_1_172' title='bbox 165 2619 287 2703; x_wconf 86' lang='grc' dir='ltr'><strong><em>Σάμου</em></strong></span> <span class='ocrx_word' id='word_1_173' title='bbox 307 2615 352 2695; x_wconf 84' lang='grc' dir='ltr'><strong><em>ὡς</em></strong></span> <span class='ocrx_word' id='word_1_174' title='bbox 371 2615 496 2696; x_wconf 89' lang='grc' dir='ltr'><strong><em>αύτούς</em></strong></span> <span class='ocrx_word' id='word_1_175' title='bbox 514 2616 647 2704; x_wconf 80' lang='grc' dir='ltr'><strong><em>ἥκοντι,</em></strong></span> <span class='ocrx_word' id='word_1_176' title='bbox 669 2621 801 2705; x_wconf 84' lang='grc' dir='ltr'><strong><em>Φρύγες</em></strong></span> <span class='ocrx_word' id='word_1_177' title='bbox 816 2622 853 2687; x_wconf 81' lang='grc' dir='ltr'><strong><em>δὲ</em></strong></span> <span class='ocrx_word' id='word_1_178' title='bbox 867 2621 972 2709; x_wconf 88' lang='grc' dir='ltr'><strong><em>Μήνη</em></strong></span> <span class='ocrx_word' id='word_1_179' title='bbox 991 2622 1046 2687; x_wconf 87' lang='grc' dir='ltr'><strong><em>καλ</em></strong></span> <span class='ocrx_word' id='word_1_180' title='bbox 1060 2625 1124 2686; x_wconf 77' lang='lat' dir='ltr'><strong><em>Ac-</em></strong></span> 
     </span>
     <span class='ocr_line' id='line_1_26' title="bbox 115 2713 1124 2803; baseline 0 -21"><span class='ocrx_word' id='word_1_181' title='bbox 115 2721 232 2792; x_wconf 76' lang='grc' dir='ltr'><strong><em>θίοπες</em></strong></span> <span class='ocrx_word' id='word_1_182' title='bbox 241 2713 366 2803; x_wconf 79' lang='grc' dir='ltr'><strong><em>Ἡμέρᾳ</em></strong></span> <span class='ocrx_word' id='word_1_183' title='bbox 378 2717 433 2782; x_wconf 85' lang='grc' dir='ltr'><strong><em>καὶ</em></strong></span> <span class='ocrx_word' id='word_1_184' title='bbox 444 2717 630 2801; x_wconf 84' lang='grc' dir='ltr'><strong><em>Κυλλήνιοι</em></strong></span> <span class='ocrx_word' id='word_1_185' title='bbox 641 2717 769 2802; x_wconf 91' lang='grc' dir='ltr'><strong><em>Φάλητι</em></strong></span> <span class='ocrx_word' id='word_1_186' title='bbox 780 2721 835 2786; x_wconf 87' lang='grc' dir='ltr'><strong><em>καλ</em></strong></span> <span class='ocrx_word' id='word_1_187' title='bbox 845 2716 1015 2802; x_wconf 85' lang='grc' dir='ltr'><strong><em>Ἀσσύριοι</em></strong></span> <span class='ocrx_word' id='word_1_188' title='bbox 1029 2741 1124 2800; x_wconf 87' lang='grc' dir='ltr'><strong><em>περι-</em></strong></span> 
     </span>
     <span class='ocr_line' id='line_1_27' title="bbox 12 2812 1123 2898; baseline -0.002 -20"><span class='ocrx_word' id='word_1_189' title='bbox 12 2889 13 2892; x_wconf 18' lang='grc'><strong><em>,</em></strong></span> <span class='ocrx_word' id='word_1_190' title='bbox 116 2817 216 2898; x_wconf 82' lang='grc' dir='ltr'><strong><em>στερᾷ</em></strong></span> <span class='ocrx_word' id='word_1_191' title='bbox 228 2813 283 2877; x_wconf 85' lang='grc' dir='ltr'><strong><em>καλ</em></strong></span> <span class='ocrx_word' id='word_1_192' title='bbox 291 2813 419 2893; x_wconf 89' lang='grc' dir='ltr'><strong><em>Πέρσαι</em></strong></span> <span class='ocrx_word' id='word_1_193' title='bbox 433 2815 514 2894; x_wconf 79' lang='grc' dir='ltr'><strong><em>πυρὶ</em></strong></span> <span class='ocrx_word' id='word_1_194' title='bbox 525 2816 580 2879; x_wconf 81' lang='grc' dir='ltr'><strong><em>καὶ</em></strong></span> <span class='ocrx_word' id='word_1_195' title='bbox 590 2814 769 2896; x_wconf 86' lang='grc' dir='ltr'><strong><em>Αἰγύπτιοι</em></strong></span> <span class='ocrx_word' id='word_1_196' title='bbox 781 2812 888 2880; x_wconf 86' lang='grc' dir='ltr'><strong><em>ύδατι.</em></strong></span> <span class='ocrx_word' id='word_1_197' title='bbox 908 2820 1014 2880; x_wconf 89' lang='grc' dir='ltr'><strong><em>καίτοι</em></strong></span> <span class='ocrx_word' id='word_1_198' title='bbox 1024 2818 1123 2878; x_wconf 88' lang='grc' dir='ltr'><strong><em>τοῦτο</em></strong></span> 
     </span>
     <span class='ocr_line' id='line_1_28' title="bbox 12 2893 1126 2998; baseline -0.002 -20"><span class='ocrx_word' id='word_1_199' title='bbox 12 2893 13 2950; x_wconf 54' lang='grc' dir='ltr'><strong><em>λ</em></strong></span> <span class='ocrx_word' id='word_1_200' title='bbox 113 2915 177 2993; x_wconf 80' lang='grc' dir='ltr'><strong><em>μὲν</em></strong></span> <span class='ocrx_word' id='word_1_201' title='bbox 189 2909 292 2977; x_wconf 79' lang='grc' dir='ltr'><strong><em>ἅπασι</em></strong></span> <span class='ocrx_word' id='word_1_202' title='bbox 303 2907 422 2977; x_wconf 84' lang='grc' dir='ltr'><strong><em>κοινόν</em></strong></span> <span class='ocrx_word' id='word_1_203' title='bbox 436 2925 504 2989; x_wconf 83' lang='grc' dir='ltr'><strong><em>τοίς</em></strong></span> <span class='ocrx_word' id='word_1_204' title='bbox 513 2918 710 2996; x_wconf 81' lang='grc' dir='ltr'><strong><em>Αἰγυπτίοις</em></strong></span> <span class='ocrx_word' id='word_1_205' title='bbox 720 2909 757 2978; x_wconf 86' lang='grc' dir='ltr'><strong><em>τὸ</em></strong></span> <span class='ocrx_word' id='word_1_206' title='bbox 772 2910 883 2997; x_wconf 85' lang='grc' dir='ltr'><strong><em>ύδωρ,</em></strong></span> <span class='ocrx_word' id='word_1_207' title='bbox 899 2916 967 2998; x_wconf 80' lang='grc' dir='ltr'><strong><em>ἰδία</em></strong></span> <span class='ocrx_word' id='word_1_208' title='bbox 978 2913 1015 2978; x_wconf 77' lang='grc' dir='ltr'><strong><em>δὲ</em></strong></span> <span class='ocrx_word' id='word_1_209' title='bbox 1025 2901 1126 2994; x_wconf 87' lang='grc' dir='ltr'><strong><em>Μεμ-</em></strong></span> 
     </span>
     <span class='ocr_line' id='line_1_29' title="bbox 115 3004 1126 3094; baseline -0.003 -19"><span class='ocrx_word' id='word_1_210' title='bbox 115 3015 224 3094; x_wconf 82' lang='grc' dir='ltr'><strong><em>φίταις</em></strong></span> <span class='ocrx_word' id='word_1_211' title='bbox 238 3006 300 3092; x_wconf 77' lang='grc' dir='ltr'><strong><em>μέν</em></strong></span> <span class='ocrx_word' id='word_1_212' title='bbox 314 3004 332 3073; x_wconf 87' lang='grc' dir='ltr'>ὁ</span> <span class='ocrx_word' id='word_1_213' title='bbox 349 3013 431 3092; x_wconf 82' lang='grc' dir='ltr'><strong><em>βοῦς</em></strong></span> <span class='ocrx_word' id='word_1_214' title='bbox 444 3008 535 3092; x_wconf 79' lang='grc' dir='ltr'><strong><em>θεός,</em></strong></span> <span class='ocrx_word' id='word_1_215' title='bbox 551 3009 804 3093; x_wconf 78' lang='grc' dir='ltr'><strong><em>Πηλουσιώταις</em></strong></span> <span class='ocrx_word' id='word_1_216' title='bbox 818 3011 855 3076; x_wconf 77' lang='grc' dir='ltr'><strong><em>δὲ</em></strong></span> <span class='ocrx_word' id='word_1_217' title='bbox 867 3009 1054 3094; x_wconf 91' lang='grc' dir='ltr'><strong><em>κρόμμυον,</em></strong></span> <span class='ocrx_word' id='word_1_218' title='bbox 1070 3009 1126 3074; x_wconf 88' lang='grc' dir='ltr'><strong><em>καί</em></strong></span> 
     </span>
     <span class='ocr_line' id='line_1_30' title="bbox 115 3100 1127 3192; baseline -0.001 -19"><span class='ocrx_word' id='word_1_219' title='bbox 115 3105 228 3182; x_wconf 78' lang='grc' dir='ltr'><strong><em>ἄλλοις</em></strong></span> <span class='ocrx_word' id='word_1_220' title='bbox 241 3100 341 3191; x_wconf 80' lang='grc' dir='ltr'><strong><em>ἰβιςή</em></strong></span> <span class='ocrx_word' id='word_1_221' title='bbox 360 3104 575 3188; x_wconf 89' lang='grc' dir='ltr'><strong><em>κροκόδειλος</em></strong></span> <span class='ocrx_word' id='word_1_222' title='bbox 588 3110 643 3174; x_wconf 84' lang='grc' dir='ltr'><strong><em>καλ</em></strong></span> <span class='ocrx_word' id='word_1_223' title='bbox 660 3106 774 3185; x_wconf 75' lang='grc' dir='ltr'><strong><em>ἄλλοις</em></strong></span> <span class='ocrx_word' id='word_1_224' title='bbox 791 3110 1022 3192; x_wconf 86' lang='grc' dir='ltr'><strong><em>κυνοκέφαλος</em></strong></span> <span class='ocrx_word' id='word_1_225' title='bbox 1034 3101 1056 3190; x_wconf 85' lang='grc' dir='ltr'><strong><em>ή</em></strong></span> <span class='ocrx_word' id='word_1_226' title='bbox 1072 3113 1127 3172; x_wconf 86' lang='grc' dir='ltr'><strong><em>αἰ-</em></strong></span> 
     </span>
     <span class='ocr_line' id='line_1_31' title="bbox 117 3198 1127 3290; baseline -0.005 -18"><span class='ocrx_word' id='word_1_227' title='bbox 117 3213 236 3288; x_wconf 84' lang='grc' dir='ltr'><strong><em>λονρος</em></strong></span> <span class='ocrx_word' id='word_1_228' title='bbox 251 3199 273 3289; x_wconf 83' lang='grc' dir='ltr'><strong><em>ή</em></strong></span> <span class='ocrx_word' id='word_1_229' title='bbox 288 3209 447 3288; x_wconf 77' lang='grc' dir='ltr'><strong><em>πίθηκος·</em></strong></span> <span class='ocrx_word' id='word_1_230' title='bbox 470 3206 526 3272; x_wconf 87' lang='grc' dir='ltr'><strong><em>καλ</em></strong></span> <span class='ocrx_word' id='word_1_231' title='bbox 541 3210 588 3272; x_wconf 81' lang='grc' dir='ltr'><strong><em>ἔτι</em></strong></span> <span class='ocrx_word' id='word_1_232' title='bbox 603 3201 688 3273; x_wconf 83' lang='grc' dir='ltr'><strong><em>κατά</em></strong></span> <span class='ocrx_word' id='word_1_233' title='bbox 704 3205 817 3290; x_wconf 80' lang='grc' dir='ltr'><strong><em>κόμας</em></strong></span> <span class='ocrx_word' id='word_1_234' title='bbox 831 3218 899 3283; x_wconf 79' lang='grc' dir='ltr'><strong><em>τοῖς</em></strong></span> <span class='ocrx_word' id='word_1_235' title='bbox 913 3203 975 3289; x_wconf 69' lang='grc' dir='ltr'><strong><em>μέν</em></strong></span> <span class='ocrx_word' id='word_1_236' title='bbox 989 3200 1007 3270; x_wconf 88' lang='grc' dir='ltr'>ὁ</span> <span class='ocrx_word' id='word_1_237' title='bbox 1020 3198 1127 3280; x_wconf 83' lang='grc' dir='ltr'><strong><em>δεξιός</em></strong></span> 
     </span>
     <span class='ocr_line' id='line_1_32' title="bbox 13 3293 1127 3387; baseline -0.004 -15"><span class='ocrx_word' id='word_1_238' title='bbox 13 3347 15 3372; x_wconf 64' lang='grc' dir='ltr'><strong><em>ι</em></strong></span> <span class='ocrx_word' id='word_1_239' title='bbox 117 3293 205 3386; x_wconf 82' lang='grc' dir='ltr'><strong><em>νόμος</em></strong></span> <span class='ocrx_word' id='word_1_240' title='bbox 218 3300 316 3384; x_wconf 80' lang='grc' dir='ltr'><strong><em>θεός,</em></strong></span> <span class='ocrx_word' id='word_1_241' title='bbox 331 3315 399 3380; x_wconf 78' lang='grc' dir='ltr'><strong><em>τοῖς</em></strong></span> <span class='ocrx_word' id='word_1_242' title='bbox 414 3301 451 3368; x_wconf 78' lang='grc' dir='ltr'><strong><em>δὲ</em></strong></span> <span class='ocrx_word' id='word_1_243' title='bbox 466 3300 538 3370; x_wconf 89' lang='grc' dir='ltr'><strong><em>κατ’</em></strong></span> <span class='ocrx_word' id='word_1_244' title='bbox 555 3300 737 3386; x_wconf 76' lang='grc' dir='ltr'><strong><em>ἀντιπέραν</em></strong></span> <span class='ocrx_word' id='word_1_245' title='bbox 752 3310 904 3371; x_wconf 79' lang='grc' dir='ltr'><strong><em>οἰκοῦσιν</em></strong></span> <span class='ocrx_word' id='word_1_246' title='bbox 915 3299 1047 3387; x_wconf 81' lang='grc' dir='ltr'><strong><em>ἅτερος·</em></strong></span> <span class='ocrx_word' id='word_1_247' title='bbox 1070 3302 1127 3368; x_wconf 84' lang='grc' dir='ltr'><strong><em>καί</em></strong></span> 
     </span>
    </p>
   </div>
   <div class='ocr_carea' id='block_1_4' title="bbox 116 3396 1126 3553">
    <p class='ocr_par' dir='ltr' id='par_1_5' title="bbox 116 3396 1126 3553">
     <span class='ocr_line' id='line_1_33' title="bbox 116 3396 1126 3553; baseline 0.001 -89"><span class='ocrx_word' id='word_1_248' title='bbox 116 3397 227 3476; x_wconf 76' lang='grc' dir='ltr'><strong><em>ἄλλοις</em></strong></span> <span class='ocrx_word' id='word_1_249' title='bbox 238 3405 385 3485; x_wconf 81' lang='grc' dir='ltr'><strong><em>κεφαλῆς</em></strong></span> <span class='ocrx_word' id='word_1_250' title='bbox 394 3396 567 3488; x_wconf 83' lang='grc' dir='ltr'><strong><em>ἡμίτομον,</em></strong></span> <span class='ocrx_word' id='word_1_251' title='bbox 580 3403 635 3470; x_wconf 86' lang='grc' dir='ltr'><strong><em>καλ</em></strong></span> <span class='ocrx_word' id='word_1_252' title='bbox 643 3399 757 3480; x_wconf 76' lang='grc' dir='ltr'><strong><em>ἄλλοις</em></strong></span> <span class='ocrx_word' id='word_1_253' title='bbox 767 3401 1126 3553; x_wconf 50' lang='grc' dir='ltr'><strong><em>ποτήριοιὲἔιὶραμεοῦν</em></strong></span> 
     </span>
    </p>
   </div>
   <div class='ocr_carea' id='block_1_5' title="bbox 0 0 1292 3842">
    <p class='ocr_par' dir='ltr' id='par_1_6' title="bbox 0 0 1292 3842">
     <span class='ocr_line' id='line_1_34' title="bbox 0 0 1292 3842; baseline 0 0"><span class='ocrx_word' id='word_1_254' title='bbox 0 0 1292 3842; x_wconf 95' lang='lat' dir='ltr'><strong><em> </em></strong></span> 
     </span>
    </p>
   </div>
  </div>
 </body>
</html>
