2575 3842
476 189 706 242 PRAEFATIO.
1102 204 1130 241 xi

34 336 38 364 ι
66 318 186 389 ίκογυίου
222 341 243 380 c.
268 325 302 377 53
321 322 488 391 Μελητίδην
506 344 563 378 cum
581 328 638 378 eod.
655 343 702 392 pro
720 325 878 392 Μελιτίδην
912 345 935 378 c.
955 330 989 379 54
1008 318 1134 395 εάοέβητ’

65 386 162 458 ὁμιλίαν
179 393 296 460 κλαίων]
315 387 427 464 εὐσεβὴς
440 388 535 458 ὁμιλία
547 398 621 447 DinvL
639 399 720 447 eiecto
736 397 829 447 ultima
846 413 918 449 voce,
931 397 1082 450 Winckelm.
1101 397 1135 446 κδ

65 465 118 516 Plut'.
135 465 201 514 Erot.
220 481 247 531 p.
267 464 318 515 114
332 457 441 533 εἰσέβην
456 457 568 529 ὁμιλίαν

119 533 222 598 Ιπαμίκ,
250 550 274 586 c.
294 536 310 584 2
328 523 413 600 ἀβραι
430 550 489 583 cum
508 535 584 585 Diod.
608 550 655 600 pro
672 525 757 603 ἅβραι
792 550 815 584 c.
834 532 851 584 3
869 522 931 596 ἥτις
949 541 1053 583 auctore
1069 533 1134 583 Leh-

65 615 142 652 manno
162 617 209 667 pro
229 591 306 659 ὅστις
338 602 398 655 ibid.
418 593 519 670 οὕτως]
545 595 616 652 σάτιο
634 604 711 654 Dind.
752 603 813 656 ibid.
838 594 1043 665 ἀσφαλέστερον
1067 592 1134 650 αάιδ

64 679 150 721 auctore
168 669 263 723 Solone
281 687 328 737 pro
345 663 447 734 ἀσφαλ.
467 661 551 729 αάτδς
585 689 606 722 c.
628 673 647 721 4
667 663 805 736 ἑώρακας]
825 661 944 735 ὅόρακας
960 669 1037 721 Dind.
1076 686 1098 725 c.
1118 672 1135 726 ὅ

64 733 143 800 δεήσει
156 741 242 805 recepi
261 756 319 790 cum
337 742 394 794 eod.
411 756 457 806 pro
474 735 560 808 δεήσῃ
593 757 615 790 ο.
632 741 650 792 6
667 739 820 806 γινομένην
835 755 885 790 τσο.
901 755 949 804 μισ
967 733 1135 803 γιγνομένην

64 807 112 861 ibid.
129 799 359 865 ἀκατακάλυπτος
379 826 436 859 cum
453 809 529 860 Dind.
547 825 594 876 pro
616 799 777 866 ἀκάλυπτος
817 808 878 859 ibid.
902 805 1006 872 δοκεῖς]
1030 809 1136 857 interro-

63 878 158 940 gationis
182 880 286 944 signum
310 877 378 928 tollit
398 879 533 928 Burmeiso.
560 894 585 944 p.
611 877 653 928 32.
695 880 756 930 ibid.
775 895 815 928 vv.
833 872 882 926 καί
905 873 1038 942 μάλιστα,
1062 864 1136 925 ἀποι-

64 938 109 992 δάν
121 936 147 1003 ἐς
161 937 192 994 τὸ
215 939 280 1010 ἀκρ.
303 937 478 1014 ἀποτελεσθῇ
493 947 568 997 Dino.
587 962 643 997 cum
659 949 750 1014 Lycini
772 961 889 998 sermone
906 946 1046 998 coniunxit.
1077 962 1102 999 c.
1119 947 1135 995 7

64 1012 132 1062 Belini
151 1017 353 1066 emendationem
380 1014 508 1065 πλαστῶν
536 1031 583 1080 μισ
606 1005 721 1065 πάντων
740 1017 862 1066 suadente
881 1016 1018 1066 Buvmeiei.
1041 1029 1069 1079 μ.
1091 1013 1134 1066 32.

64 1085 144 1147 recepi.
170 1085 232 1135 ibid.
252 1074 326 1134 οάιω
345 1084 420 1135 Dind.
454 1084 516 1137 ibid.
535 1077 570 1148 δὴ
588 1076 665 1150 τοὺς]
690 1076 799 1150 δηλαδὴ
816 1076 882 1140 τοὺς
899 1084 977 1137 Dind.
1013 1082 1071 1133 ce
1095 1075 1135 1130 ίο-

63 1147 187 1216 βλέφαρον
203 1169 263 1203 cum
283 1154 340 1204 eod.
357 1161 459 1204 auctore
478 1154 572 1204 Scione
589 1169 635 1218 pro
653 1145 684 1202 ιδ
703 1149 844 1222 βλέφαρον
877 1169 900 1207 c.
921 1147 1075 1217 3γὲνοιτο]
1094 1146 1135 1214 γε’-

64 1213 126 1268 νσιτ’
142 1213 177 1270 ἀν
192 1221 229 1276 io.
261 1223 324 1276 icio.
344 1213 571 1286 ἀναγνώσεσθαι,
588 1224 615 1271 in
634 1224 704 1285 quod
719 1238 768 1290 ego
786 1238 888 1285 quoque
905 1222 1056 1278 incideram,
1082 1221 1135 1269 iem

63 1291 147 1340 restitui
164 1306 221 1341 cum
239 1291 376 1342 Buvmcist.
397 1307 423 1356 μ.
442 1291 476 1343 26
494 1308 540 1356 μισ
559 1281 804 1354 ἀναγινώσκεσθαι
838 1306 861 1341 o.
883 1290 915 1341 10
934 1279 1135 1354 ἀναγινώσκων

63 1373 103 1410 rec.
123 1374 166 1424 pro
189 1351 410 1425 ἀναγιγνώσκων
445 1376 466 1410 ο.
490 1362 522 1411 11
549 1353 579 1410 δὲ
597 1350 677 1425 ἄλλα]
700 1352 729 1410 δ’
751 1351 820 1409 ἀλλα
836 1359 912 1408 Dino.
949 1359 1011 1409 ibid.
1030 1349 1135 1422 ἔλεγχό-

64 1418 135 1488 μενίν
153 1442 182 1478 τε
199 1425 248 1478 κα1
272 1423 450 1494 ἀσχημονοῦν
469 1425 518 1479 καλ
536 1421 618 1494 παρ’]
640 1421 821 1494 ἀσχημονοῦν
843 1441 873 1477 τι
890 1422 939 1476 καί
956 1419 1135 1490 ἐλεγχόμενον

64 1488 124 1558 παρ’
140 1499 173 1547 id.
194 1505 321 1563 sequutus
337 1498 483 1548 Gesnevum.
517 1499 579 1549 ibid.
597 1493 624 1548 εί
636 1492 676 1562 μὴ
689 1515 748 1548 cum
764 1498 820 1550 σσδ.
839 1512 886 1578 μισ
904 1484 941 1560 ἢν
958 1487 1006 1560 μὴ.
1027 1509 1135 1545 correxit

64 1566 104 1613 iem
120 1564 243 1617 Struvius.
282 1583 303 1617 ο.
327 1568 360 1617 12
380 1564 452 1634 λῷον
473 1568 550 1620 Diod.
587 1583 610 1616 c.
632 1568 666 1618 13
686 1565 796 1617 σιωπᾶν
819 1577 934 1631 ταχιστα
952 1557 1078 1631 ἀλκυόσι]
1099 1564 1135 1613 ite

65 1627 734 1762 {iiiiiiiii“iiiiiissiiiiiiimnii‘
750 1633 963 1767 {iffi-2522}
977 1627 1135 1753 131111

64 1764 131 1819 ιυόσι
139 1773 262 1827 Halmius.
283 1766 370 1840 ταύτῃ
383 1789 429 1839 pro
445 1771 531 1822 ταῦτα
542 1774 676 1826 Burmeist.
687 1790 715 1840 p.
729 1776 772 1824 27.
797 1775 858 1825 ibid.
869 1775 930 1829 τοῖς
948 1763 1074 1838 κύκνοις]
1091 1779 1135 1820 eut

64 1831 146 1898 αὐτοῖς
159 1845 220 1900 τοῖς
238 1833 354 1899 κύκνοις
371 1850 414 1892 aut
432 1834 528 1899 αὐτοῖς
543 1835 658 1899 κύκνοις
672 1842 769 1904 Helm
789 1851 815 1892 et
831 1841 1033 1893 videBurmeist.
1048 1856 1074 1905 p.
1090 1839 1125 1890 23

65 1925 81 1956 c.
94 1911 124 1960 14
136 1900 274 1977 ἑώρακας]
290 1903 409 1976 ἑόρακας
421 1911 498 1962 Dind.
523 1928 545 1962 ο.
563 1912 593 1963 15
610 1909 683 1978 λῷον
699 1914 735 1965 io.
768 1928 791 1962 c.
805 1912 839 1964 16
856 1902 907 1974 μὲν
926 1896 991 1975 οάν]
1007 1894 1059 1958 οὖν
1073 1908 1134 1958 odd.

65 1991 112 2026 eum
127 1983 180 2031 eod.
201 1983 233 2033 de
248 1981 382 2031 Fritzschii
399 1983 554 2031 coniectura.
593 1996 615 2032 c.
637 1983 669 2032 17
690 1971 809 2045 μέγεθός
830 1972 898 2046 ἔστι]
921 1973 1041 2044 μέγεθος
1058 1970 1135 2026 ἔσται

64 2046 92 2100 id.
122 2065 144 2100 o.
165 2049 197 2101 19
214 2041 328 2115 γράφου
341 2066 373 2100 ex
391 2050 464 2101 codd.
483 2065 529 2114 pro
543 2041 634 2114 γράφε
664 2049 724 2101 void.
739 2047 774 2114 τῇ
786 2058 844 2098 onte
858 2043 982 2109 θυγατρί
997 2063 1056 2096 cum
1077 2045 1134 2097 eoo

64 2121 174 2172 revocavi.
205 2136 228 2172 c.
241 2118 278 2170 20
294 2127 352 2184 post
370 2113 555 2183 σωφροσύνης
577 2118 673 2169 excidit
689 2119 759 2183 opud
777 2118 852 2167 eund.
871 2109 959 2178 αὐτῆς
992 2131 1015 2164 c.
1036 2114 1069 2164 21
1087 2105 1135 2162 hei

65 2175 196 2257 εὐπραξίᾳ]
219 2180 270 2237 ἐπὶ
285 2186 320 2254 τῇ
337 2180 416 2253 εάπρ.
435 2189 471 2242 id.
506 2189 567 2239 coid.
587 2180 743 2253 γινόμεναι]
761 2178 926 2308 μιγνόμεναι
943 2183 981 2237 id.
1012 2198 1034 2234 σ.
1053 2170 1135 2236 2311·

65 2249 156 2320 βιβλίον
173 2273 231 2307 cum
249 2257 306 2308 eod.
326 2258 358 2308 de
373 2258 466 2307 Halmii
482 2257 637 2318 coniectum
657 2258 744 2307 deerat
776 2271 790 2312 ς

120 2325 171 2375 Pro
188 2326 272 2392 Ιυιαμ.
292 2341 314 2375 o.
334 2326 351 2377 6
369 2320 465 2382 αὐτοῖς
483 2333 508 2374 et
530 2317 631 2382 αὐτοὺς
650 2342 707 2375 cum
726 2327 783 2376 σσδ,
802 2339 848 2389 μισ
868 2313 964 2378 αάασῐς
985 2326 1010 2370 et
1033 2308 1135 2375 αάτοδς

65 2390 111 2440 cii
133 2392 399 2513 μετασχηματίοιιμ]
417 2396 649 2459 μετασχηματιεῑν
675 2396 710 2444 id.
752 2412 774 2447 c.
797 2394 831 2443 12
849 2383 1135 2457 ἀναγιγνωσκομένων

65 2457 92 2508 id.
115 2462 172 2513 icoo.
181 2458 312 2514 τοιοῦτόν
325 2480 352 2512 τι
401 2461 446 2526 ogs
460 2472 562 2514 auctore
574 2463 685 2530 Seagero
698 2478 745 2527 pro
758 2452 886 2513 τοιοῦτόν
901 2476 928 2510 τι
941 2453 1032 2509 εἰπεῖν
1045 2451 1129 2519 ἔδοξε.

65 2524 130 2579 Diod.
147 2528 276 2583 τοιοῦτόν
295 2548 322 2581 τι
338 2527 412 2584 εἶναι
427 2527 506 2593 ἔδοξε
524 2533 555 2582 dc
572 2531 667 2582 Struvii
684 2532 838 2582 coniectura.
873 2531 934 2582 ibid.
953 2521 1135 2592 διαγινώσκο-

67 2607 107 2654 oco
123 2614 171 2649 rec.
188 2618 234 2667 pro
260 2596 497 2666 διαγιγνώσκομεν
531 2618 554 2654 ο.
574 2600 607 2651 13
630 2598 737 2664 γίνσται
758 2617 812 2653 rec.
831 2615 878 2665 pro
896 2597 1019 2663 γίγνεται
1059 2613 1082 2649 c.
1102 2596 1136 2645 14

66 2653 142 2716 ίκείνο
160 2665 329 2738 αἰσχυνθῇς]
348 2663 458 2721 ἐκεῖνον
480 2663 638 2734 αίσχυν3”ς
654 2670 731 2721 Dind.
761 2686 784 2720 c.
805 2670 838 2719 15
858 2659 1037 2732 ἐκχυθέντος]
1057 2657 1136 2728 ἐγχυ-

66 2727 154 2812 ίζὲντσς
167 2741 203 2793 io.
220 2739 344 2792 Seianum
358 2748 490 2823 sequutus.
522 2740 583 2792 ibid.
602 2685 634 2791 ἀν
652 2729 808 2795 ἀντιδίκοις
820 2753 877 2787 cum
892 2738 950 2790 eod.
970 2745 995 2817 με
1012 2735 1070 2784 aliie
1087 2748 1137 2851 μορ

67 2802 208 2878 gnosum
243 2827 264 2860 ο.
283 2810 316 2861 16
330 2803 404 2860 ’viiic
420 2801 523 2873 ἐκεῖνο]
542 2799 606 2856 Ἀλλ’
624 2799 715 2855 ἐκεῖνο
736 2809 771 2857 io.
806 2807 868 2860 ι’δίά.
886 2799 953 2857 ολδα
969 2800 1059 2868 οπως]
1076 2798 1123 2850 οδ

67 2883 132 2930 07129
147 2877 182 2926 id.
212 2895 235 2929 ο.
247 2879 280 2930 19
293 2869 404 2942 μάλιστ’
417 2865 453 2927 ἀν
468 2893 526 2927 cum
541 2877 597 2927 eod.
618 2884 720 2927 auctore
737 2877 852 2927 loeobsio
867 2890 914 2940 pro
928 2867 1046 2938 μάλιστα
1072 2871 1135 2949 ibid.

67 2930 122 2991 ῠῦὖδ
138 2938 234 3012 οὕτως]
258 2939 324 2998 occi
345 2938 417 2997 οὕτω
436 2948 473 2998 id.
512 2946 574 2995 ibid.
593 2936 743 3008 Ἀλκμήνας
762 2961 824 3005 ,cum
844 2944 901 2993 eod.
919 2958 966 3008 pro
988 2934 1136 3000 Ἀίκμανας

68 3008 116 3064 ibid.
131 3005 280 3074 δΓλαῦκος
291 3019 365 3067 uncie
377 3016 477 3066 inclusi.
493 3015 566 3064 eiecit
577 3015 652 3064 Dino.
682 3030 704 3066 ο.
715 3013 750 3065 20
764 3004 836 3077 παρ’
848 3003 934 3060 αὑτοῦ
945 3025 1003 3089 com
1016 3008 1073 3057 eod.
1088 3022 1137 3087 pro

68 3071 129 3155 μοῖρ’
144 3074 228 3134 αάιοῦ
259 3103 282 3136 c.
302 3087 336 3136 22
354 3082 409 3135 είτε
426 3076 534 3152 ἐκείνῳ]
554 3071 609 3132 εἴτ’
625 3075 722 3149 ἐκείνῳ
741 3083 777 3132 io.
813 3097 836 3131 c.
855 3079 889 3131 23
908 3071 939 3127 oi
956 3073 1086 3143 αγαθών]
1106 3073 1124 3123 δ

68 3147 172 3208 “voice
192 3155 227 3204 ic
264 3156 326 3206 ibid.
346 3149 411 3219 περὶ
435 3151 512 3202 θεῶν
535 3167 593 3201 cum
611 3152 669 3202 eod.
695 3166 728 3200 ex
748 3150 805 3202 cod.
832 3165 879 3213 pro
904 3142 969 3212 περὶ
986 3145 1042 3196 τών
1059 3143 1136 3194 θεῶν

70 3219 129 3268 cei
143 3213 279 3272 κλαίουσαν
293 3225 329 3277 id.
365 3239 387 3273 c.
405 3222 440 3274 26
457 3210 597 3280 ἀπεικάζει
611 3221 672 3270 olim
690 3220 763 3269 uncie
781 3218 943 3270 incliveerom.
974 3233 996 3267 ο.
1013 3218 1047 3267 27
1065 3210 1136 3278 λίγε-

70 3295 107 3332 ιαι
123 3304 178 3339 cum
196 3293 252 3346 εοδ
268 3292 387 3343 revocavi
405 3307 453 3357 pro
469 3283 515 3354 λέγ
535 3303 581 3338 ται
615 3305 637 3339 c.
656 3288 691 3340 28
711 3282 759 3337 καί
777 3295 837 3352 poet
857 3285 907 3336 ίνα
925 3286 985 3337 clim
1003 3286 1075 3336 uncie
1096 3283 1136 3333 in—

71 3351 190 3413 clusorem.
219 3377 242 3414 c.
261 3360 296 3413 29
313 3353 507 3426 ἐκκεχυμίνον]
516 3305 707 3423 1γκσχυμένον
720 3357 756 3406 id.
1048 3411 1055 3429 .

132 3425 224 3480 Tocor.
244 3431 293 3482 c.l
313 3423 484 3495 μεμνημένοι
496 3426 552 3477 τών
564 3418 701 3492 ἀρίστων,
721 3420 770 3475 καί
784 3423 906 3489 τιμώμεν
921 3415 1134 3482 ἀποθανοντας]
