2575 3842
179 193 241 257 282
540 195 840 254 AOYKIANOY

180 354 387 442 Δημήτριος,
403 356 486 432 θέας
500 354 561 439 μὲν
573 360 640 420 τῶν
652 358 865 440 πυραμίδων,
881 351 1072 441 άκροάσεως
1083 353 1120 422 δὲ
1131 364 1194 422 τοῦ
1282 364 1283 373 ’

109 457 161 512 537
181 457 370 538 Μέμνονος,
382 447 713 520 άνεπεπλεύκεικατά
723 448 1093 538 τόνΝείλονέκτονήδη
1103 460 1192 538 μήνα

179 550 369 638 ὀκνήσαντα
386 547 469 634 πρὸς
485 546 547 634 τήν
567 545 650 614 ὁδόν
664 549 720 615 καί
733 546 770 614 τό
790 548 921 627 θάλπος
935 548 1112 618 άπολιπόν
1130 547 1192 616 τόν

176 647 375 735 Ἀντίφιλον.
397 653 448 716 28.
465 643 482 712 ὃ
499 647 535 713 δέ
550 648 587 713 έν
601 645 750 734 τοσούτω
761 653 920 734 συμφορᾷ
932 648 1091 733 ἐχρήσατο
1103 647 1192 733 μάλα

179 751 338 832 γενναίου
354 742 445 822 τινὸς
461 749 562 829 φίλον
581 743 738 830 δεομένη·
767 745 895 828 οἰκέτης
914 740 979 828 γάρ
995 741 1102 810 αὐτοῦ
1117 741 1192 810 Σύ-

181 870 239 928 ρος
249 845 305 910 καί
314 841 463 927 τοῦνομα
475 843 530 908 καὶ
543 837 605 926 τήν
616 842 775 925 πατρίδα,
793 840 979 926 ἱεροσύλοις
989 844 1055 909 τισί
1069 865 1193 908 κοινω-

179 941 284 1026 νήσας
297 940 500 1024 συνεισήλθέ
514 963 549 1005 τε
564 935 678 1014 αῦτοίς
695 938 728 1014 ές
742 933 779 1003 τό
791 934 1019 1023 Ἀνουβίδειον
1033 941 1089 1006 καὶ
1105 935 1192 1005 άπο-

178 1034 382 1122 συλήσαντες
393 1032 453 1101 τόν
464 1030 551 1101 θεόν
562 1040 687 1119 χρυσᾶς
695 1058 730 1100 τε
743 1033 865 1117 φιάλας
875 1032 936 1100 δύο
949 1037 1002 1102 καί
1015 1036 1190 1121 κηρύκιον,

114 1158 118 1167 ’
178 1140 328 1222 χρυσοῦν
339 1135 393 1201 καὶ
405 1138 514 1217 τοῦτο,
526 1133 582 1199 καὶ
593 1130 848 1214 κυνοκεφάλους
859 1131 1029 1218 άρχυροῦς
1041 1136 1095 1199 καὶ
1107 1131 1192 1200 ἄλλα
1238 1204 1242 1210 ,

179 1238 316 1300 τοιαῦτα
329 1233 508 1299 κατέθεντο
520 1230 630 1296 πάντα
641 1224 731 1312 παρά
747 1234 792 1316 τῷ
806 1227 927 1319 Σύρῳ·
949 1226 1010 1296 εἶτ’
1027 1231 1192 1315 ἐμπεσόν-

179 1356 232 1408 τες
249 1370 287 1381 -
304 1330 454 1400 ἑάλωσαν
476 1327 541 1412 γάρ
557 1352 588 1393 τι
606 1323 862 1411 ἀπεμπολῶντες
875 1365 917 1376 -
933 1324 1064 1393 ἅπαντα
1085 1323 1192 1404 εῦθῦς

181 1433 297 1512 ἔλεγον
313 1423 572 1511 στρεβλούμενοι
585 1424 637 1490 ἐπὶ
651 1429 712 1490 τοῦ
726 1429 848 1509 τροχοῦ
862 1427 917 1492 καί
930 1423 1091 1510 ἀγόμενοι
1104 1417 1192 1510 ἧκον

179 1525 230 1592 ἐπὶ
242 1521 304 1609 τήν
316 1528 424 1589 οίκίαν
434 1528 496 1588 τοῦ
506 1518 698 1604 Ἀντιφίλου
709 1519 815 1588 καὶτὰ
828 1520 940 1606 φύρια
952 1525 1110 1606 ἐξέφερον
1121 1519 1190 1588 ὑπὸ

179 1626 276 1706 κλίνη
289 1621 354 1685 τινὶ
371 1621 408 1686 έν
424 1624 582 1707 σκοτεινῷ
597 1623 742 1703 κείμενα.
767 1617 786 1685 ὅ
802 1645 837 1686 τε
855 1614 920 1686 οῦν
933 1621 1047 1704 Σῦρος
1061 1622 1191 1686 ἐδέδετο

179 1714 285 1794 εύθῦς
306 1718 360 1783 καὶ
382 1713 399 1782 ὁ
418 1715 578 1801 δεσπότης
592 1713 698 1782 αύτοῦ
716 1713 917 1804 Ἀντίφιλος,
939 1710 1037 1795 οὗτος
1052 1719 1114 1803 μὲν
1134 1719 1191 1784 καὶ

179 1812 301 1901 μεταξύ
312 1811 524 1901 ἀκροώμενος
534 1820 595 1881 τοῦ
607 1814 812 1881 διδασκάλου
823 1811 1068 1899 ἀναρπασθείς·
1091 1813 1188 1901 ἐβοή-

104 1931 161 1985 δδθ
179 1922 235 1981 θει
251 1912 286 1981 δὲ
301 1909 426 1998 οὐδείς,
442 1909 593 1981 ἀλλὰκαὶ
608 1915 641 1978 οί
653 1913 732 1987 τέως
747 1912 868 1995 ἑταῖροι
881 1909 1130 1998 ἀπεστρέφοντο
1146 1909 1190 1988 ὡς

177 2008 214 2079 τό
226 2007 454 2097 Ἀνουβίδειον
468 2010 674 2095 σεσυληκότα
688 2009 743 2076 καί
759 2005 908 2094 άσέβημα
919 2007 1032 2076 αὐτῶν
1043 2007 1189 2095 ήηοῦντο

179 2110 280 2198 εἶναι,
303 2117 333 2180 εί
346 2112 505 2180 συνέπιόν
526 2137 605 2179 ποτε
620 2108 642 2198 ή
658 2113 943 2197 συνειστιάθησαν
956 2110 1058 2203 αὐτῷ.
1087 2116 1192 2202 καλοί

125 2225 129 2230 ’
177 2213 288 2278 λοιποί
303 2209 339 2278 δέ
356 2217 423 2277 τῶν
440 2215 594 2295 οίκετῦν,
612 2208 675 2276 δύο
692 2206 802 2294 ὄντες,
819 2207 950 2276 ἅπαντα
963 2213 999 2277 έκ
1014 2217 1071 2295 τῆς
1083 2215 1190 2288 οίκίας

177 2308 464 2393 συσκευασάμενοι
481 2305 605 2397 ᾤχοντο
630 2306 822 2392 φεύγοντες.
857 2312 907 2374 29.
932 2310 1061 2375 ἐδέδετο
1084 2301 1188 2375 ούνό

178 2403 298 2482 άθλιος
312 2401 497 2490 Ἀντίφιλος
508 2401 617 2471 πολύν
630 2401 694 2489 ήδη
705 2404 829 2489 χρόνον
841 2402 1001 2473 ἁπάντων
1015 2404 1089 2473 ὅσοι
1100 2399 1190 2492 ήσαν

178 2507 361 2584 κακοῦργοι
376 2504 414 2567 έν
427 2508 472 2591 τῷ
489 2504 717 2590 δεσμωτηρίῳ,
735 2502 941 2588 μιαρώτατος
957 2500 1042 2570 εἶναι
1058 2507 1186 2571 δοκοῦν

178 2598 233 2664 καὶ
244 2593 261 2664 ὁ
274 2598 405 2664 ἐπὶτῶν
416 2601 548 2683 δεσμῶν
559 2597 754 2683 Αίηύπτιος,
767 2602 982 2686 δεισιδαίμων
994 2599 1186 2686 ἅνθρωπος,

178 2694 258 2785 ήόετο
278 2706 467 2783 χαριεῖσθαι
487 2698 542 2764 καί
560 2691 761 2784 τιμωρήσειν
775 2704 821 2789 τῷ
842 2706 913 2790 θεῷ
927 2697 1033 2787 βαρύς
1047 2707 1093 2788 τῷ
1112 2697 1189 2767 Ἀν-

175 2802 294 2886 τιφίλῳ
309 2795 464 2880 έφεστός.
494 2801 524 2862 εί
539 2792 569 2861 δ’
587 2793 786 2880 ἀπολογοῖτό
806 2820 887 2864 ποτε
903 2799 1011 2882 λέγων
1030 2793 1073 2874 ῦς
1087 2792 1189 2865 οὐδὲν

174 2900 328 2960 τοιοῦτον
344 2901 530 2979 εἴργασται,
553 2891 772 2979 ἀναίσχυντος
786 2895 894 2962 έδόκει
909 2897 964 2963 καὶ
979 2892 1067 2964 πολῦ
1084 2899 1187 2963 πλέον

175 2992 226 3058 ἐπὶ
242 2992 349 3083 τούτῳ
367 2993 518 3078 έμισείτο.
549 2988 708 3060 ὑπενόσει
727 3001 908 3080 τοιγαροῦν
928 2993 993 3081 ήδη
1009 2995 1064 3062 καὶ
1079 2996 1188 3079 πονή-

176 3113 241 3173 ρως
259 3087 345 3175 εἶχεν
360 3085 433 3158 οἷον
452 3086 538 3166 είκός
560 3092 659 3176 χαμαὶ
680 3091 893 3158 καθεύδοντα
910 3092 964 3158 καί
987 3098 1044 3176 τής
1064 3088 1187 3169 νυκτός

175 3185 254 3255 οὐδὲ
271 3186 458 3257 ἀποτείνειν
472 3187 512 3256 τά
525 3193 623 3276 σκέλη
637 3190 828 3277 δυνάμενον
843 3193 935 3282 ἐντῷ
948 3192 1035 3281 ξύλω
1047 3217 1188 3260 κατακε-

175 3290 369 3372 κλεισμένα·
384 3294 441 3373 τῆς
451 3289 513 3373 μὲν
524 3284 588 3373 γάρ
600 3285 724 3374 ἡμέρας
735 3284 753 3354 ὁ
765 3284 876 3368 κλοιός
886 3286 980 3375 ήρκει
992 3292 1047 3357 καί
1059 3288 1079 3376 ή
1093 3292 1186 3375 ἑτέρα

175 3382 244 3466 χείρ
259 3387 482 3471 πεπεδημένη,
507 3390 552 3464 είς
566 3385 602 3453 δὲ
618 3383 681 3470 τήν
701 3385 807 3453 νύκτα
830 3389 895 3453 ἔδει
910 3384 992 3453 ὅλον
1007 3389 1185 3453 καταδεδέ-
