2575 3842
214 184 277 247 336
557 184 883 260 [Λονπικαοοχ

215 370 277 413 απο
294 343 440 430 χελύνης
460 341 598 428 Ἰνδικῆς
617 345 840 429 πεποιημένη,
862 351 975 432 χρυσῷ
998 346 1228 434 ἐσφηκωμέυη,
1273 294 1277 421 λ

215 445 267 511 ἐπὶ
286 443 387 531 ταύτη
402 468 443 528 με
458 440 676 509 ἀυακλίνουσι
693 437 790 506 κάκετ
801 466 857 526 μοι
879 439 940 527 τήν
955 457 1102 527 γυναῖκα
1121 469 1228 528 παρα.
1275 433 1277 497 ἶ

214 541 422 608 κατέκλιναν.
454 536 522 606 εἶτα
539 536 646 616 οὕτως
659 534 745 623 ἡμᾶς
761 539 932 623 ἐπέθηκαν
946 541 1003 607 ἐπί
1014 567 1108 618 τινος
1124 569 1226 628 μηχα-

214 639 360 724 νήματος
375 638 430 704 καὶ
445 645 521 703 είσω
535 642 580 713 είς
591 634 628 715 τὸ
644 638 791 719 θέατρον
805 639 1071 720 παρενέχκαντες
1081 643 1226 724 κατέθη-

214 763 280 804 καν
296 738 331 803 ἐν
352 742 398 825 τῷ
419 736 524 824 μέσςο,
545 736 599 800 καὶ
621 738 655 800 οί
668 731 847 817 ἅνθρωποι
863 739 947 820 μέγα
962 731 1158 822 ἀνεβόησαν
1178 742 1225 804 καὶ

215 833 334 917 κρότος
348 833 455 916 πάσης
469 827 578 916 χειρός
593 828 729 916 ἐξήλατο
746 827 798 896 ἐπ’
816 832 903 915 ἐμοί,
922 832 978 898 καὶ
991 832 1136 914 τράπεζα
1151 831 1227 920 ἡμῖν

216 932 390 1015 παρέκειτο
413 925 589 995 καὶπολλὰ
613 929 839 1012 ἐσκευασμένα
860 924 913 994 ἐπ’
937 926 1022 1016 αὐτή
1043 934 1152 997 ἔκειτο
1170 929 1227 998 ὅσα

214 1033 408 1112 τρυφῶντες
422 1024 600 1110 ἄνθρωποι
615 1027 653 1090 ἐν
663 1028 788 1115 δείπνῳ
803 1030 925 1110 ἔχουσι.
947 1027 1003 1094 καὶ
1018 1032 1136 1107 παῖδες
1150 1026 1227 1115 ἡμῖν

215 1122 491 1210 παρειστήκεισαν
514 1123 661 1208 οἰνοχόοι
682 1124 776 1190 καλοὶ
799 1121 860 1190 τὸν
881 1121 975 1190 οίνον
998 1121 1078 1209 ἡμῖν
1102 1134 1227 1215 χρυσίῳ

215 1221 482 1306 διακονούμενοι.
506 1218 525 1287 ὁ
543 1221 604 1306 μὲν
619 1212 684 1286 οὖν
695 1217 772 1305 ἐμός
784 1220 958 1306 ἐπιστάτης
969 1221 1071 1299 ἑστώς
1081 1219 1226 1290 ὄπισθεν

216 1323 349 1388 ἐκέλευέ
357 1346 397 1405 με
412 1318 568 1406 ἀριστᾶν
591 1316 655 1404 ἐγω
669 1317 704 1385 δὲ
715 1316 783 1403 άμα
794 1318 857 1403 μὲν
867 1315 1021 1406 ᾐδούμην
1032 1320 1070 1385 έν
1081 1325 1129 1408 τῷ
1145 1321 1227 1386 θεά-

215 1445 282 1508 τρῳ
298 1425 542 1503 κατακείμενος,
560 1415 628 1501 ἀμα
641 1417 677 1482 δὲ
689 1419 828 1483 ἐδεδίειν
839 1417 885 1501 μή
896 1440 963 1483 που
974 1415 1095 1498 άρκτος
1108 1413 1131 1502 ή
1143 1420 1225 1484 λέων

216 1515 469 1601 άναπηδήσεται.
506 1519 556 1581 54.
583 1514 749 1604 ἐντούτῳ
775 1516 814 1580 δέ
833 1540 923 1592 τινος
947 1513 1038 1600 ἀνθη
1064 1518 1225 1599 φέροντος

216 1613 461 1700 παροδεύοντος
471 1617 508 1680 έν
519 1627 586 1690 τοῖς
596 1609 710 1690 άλλοις
720 1611 863 1680 ἀνθεσιν
874 1610 943 1695 δρῶ
953 1614 1007 1679 καλ
1016 1611 1132 1698 ῥόδων
1142 1622 1225 1696 χλω-
1275 1592 1277 1655 λ

217 1719 287 1798 ρῶν
298 1713 427 1798 φύλλα,
446 1715 500 1780 καὶ
515 1711 619 1798 μηδὲν
631 1717 678 1780 ἔτι
689 1708 801 1779 ὀκνῶν
812 1709 1028 1798 ἀναπηδήσας
1038 1717 1099 1778 τοῦ
1112 1713 1224 1795 λέχους

215 1812 376 1877 ἐκπίπτω·
398 1809 502 1877 καλοί
517 1807 577 1894 μέν
593 1806 699 1899 ήόοντό
713 1834 755 1894 με
768 1807 968 1877 ἀνίστασθαι
981 1805 1223 1894 ὀρχησάμενον·

216 1903 280 1992 έχώ
298 1907 333 1974 δὲ
351 1910 388 1974 ἓν
402 1910 434 1986 ἐξ
452 1905 525 1985 ἑνὸς
543 1909 721 1994 ἐπιτρέχων
736 1907 792 1973 καὶ
806 1904 1073 1991 άπανθιζόμενος
1088 1902 1148 1971 ἀπ’
1166 1902 1224 1971 αύ

216 2014 284 2074 τῶν
299 2013 366 2074 τῶν
378 2002 514 2074 ἀνθέων
531 2002 570 2072 τά
586 2007 669 2090 ῥόδα
684 2007 872 2072 κατέπινον.
895 2011 963 2072 τῶν
978 2007 1015 2072 δὲ
1026 2011 1074 2072 ἔτι
1088 2014 1225 2090 θανμα-
1275 2086 1276 2091 ¹

58 2168 59 2172 ,
148 2121 198 2176 522
218 2106 343 2186 ζόντων
359 2101 410 2172 ἐπ’
428 2107 500 2190 ἐμοὶ
515 2103 692 2171 ἀποπίπτει
707 2104 739 2182 ἐξ
753 2105 836 2188 ἐμοῦ
851 2107 960 2187 ἐκείνη
976 2101 1069 2188 ήτοῦ
1083 2103 1227 2188 κτήνους
1275 2100 1276 2173 Τ

216 2204 292 2286 όηιις
306 2207 360 2271 καὶ
379 2201 576 2290 ἀπόλλυται,
593 2205 648 2271 καλ
662 2201 794 2287 ἀφανής
808 2203 933 2278 ἐκεῖνος
946 2197 964 2267 ὁ
980 2199 1081 2268 πάλαι
1094 2199 1191 2285 όυος,
1211 2197 1227 2266 ὁ

217 2304 253 2371 δὲ
264 2303 408 2381 Λούκιος
419 2300 518 2382 αὐτὸς
530 2309 630 2370 ἔνθεν
642 2327 698 2387 μοι
710 2298 837 2386 γυμνός
850 2299 999 2385 εἱστήκει.
1018 2307 1058 2388 τῇ
1069 2298 1105 2367 δέ
1117 2323 1228 2384 παρα-

217 2401 302 2491 δόξςσ
316 2401 420 2488 ταύτη
435 2401 490 2468 καλ
512 2403 675 2486 μηδέποτε
691 2402 884 2486 έλπισθείση
907 2399 972 2487 θέμ
992 2396 1114 2474 πάντες
1128 2400 1229 2463 ε’κπε-
1275 2398 1277 2425 ²

217 2503 400 2584 πληγμένοι
415 2497 527 2568 δεινὸν
543 2498 801 2586 ἐπεθορύβησαν
814 2492 868 2565 καλ
885 2496 921 2563 τὸ
937 2499 1085 2582 θέατρον
1100 2501 1147 2573 είς
1163 2497 1229 2562 δύο

216 2596 350 2682 χνύμας
367 2598 522 2682 ἐσχίζετο·
546 2603 579 2665 οί
589 2599 651 2684 μέν
664 2596 729 2684 γάρ
745 2594 856 2681 όόσπερ
872 2595 1032 2680 φάρμακα
1048 2591 1142 2660 δεινά
1155 2595 1229 2661 έπι-

216 2695 381 2781 στάμενον
398 2697 452 2762 καὶ
467 2695 573 2764 κακόν
587 2723 618 2763 τι
632 2696 855 2781 πολύμορφον
870 2690 1111 2780 ήξίουυέύθύς
1126 2696 1230 2760 ἔνδον

216 2801 300 2879 πυρί
311 2821 351 2881 με
366 2791 572 2881 ἀποθανεῖν,
594 2799 627 2862 οί
647 2794 682 2862 δὲ
697 2806 884 2879 περιμεῖναι
898 2794 953 2860 καὶ
973 2789 1052 2870 τούς
1067 2788 1126 2857 ἀπ’
1145 2793 1229 2876 ἐμοῦ
1275 2814 1276 2833 ³

216 2896 337 2981 λόγους
352 2901 467 2982 έλεχου
485 2899 555 2962 δεῖν
570 2892 803 2978 καὶπρότερον
820 2896 1020 2976 διαγνῶναι,
1036 2887 1102 2957 εἶθ’
1119 2887 1229 2965 οὕτως

216 2997 348 3064 δικάσαι
369 2996 444 3082 περὶ
465 2995 602 3062 τούτων.
636 2989 728 3076 κάγιδ
745 2992 882 3077 δραμών
902 2990 986 3077 πρὸς
1000 2987 1060 3057 τόν
1081 2987 1228 3074 ἄρχοντα

215 3101 271 3179 τῆς
287 3098 442 3180 ἐπαρχίας
459 3135 494 3144 -
512 3097 604 3178 έτνχε
621 3091 658 3158 δὲ
672 3098 711 3179 τή
724 3093 790 3179 θέηι
803 3090 907 3177 ταύτῃ
921 3087 1040 3174 πυρσόν
1054 3127 1097 3139 -
1110 3092 1229 3171 ἔλεγον
1275 3110 1277 3237 Ι

216 3192 371 3260 κάτωθεν
385 3190 435 3259 ὅτι
451 3192 536 3278 γυνή
552 3217 592 3277 με
608 3187 753 3276 Θετταλή
768 3184 929 3276 γυναικός
941 3193 1105 3272 Θετταλής
1120 3185 1228 3267 δούλη

215 3299 368 3377 χρίσματι
390 3291 629 3380 μεμαηενμένιμ
651 3290 853 3369 έπαλείψασα
874 3285 958 3355 όνον
978 3287 1145 3372 ποιήσειε,
1175 3286 1229 3351 καὶ

215 3391 366 3455 ἱκέτευον
375 3385 479 3456 αύτδν
489 3388 635 3474 λαβόντα
646 3393 733 3472 ἔχειν
743 3412 783 3472 με
794 3390 831 3454 ἐν
841 3392 975 3475 φρουρᾷ
985 3381 1053 3452 ἔστ’
1065 3380 1110 3451 ἀν
1121 3381 1229 3450 αὐτόν
