2575 3842
25 307 33 346 λ

24 380 26 454 χ
93 367 274 443 παραθεῖν,
286 360 445 443 ἐχομένην
457 365 518 425 τοῦ
530 359 701 443 ἐφιππίου,
715 358 758 436 ῶς
769 357 813 444 μή
825 357 1036 430 ἀπολείποιτο
1048 370 1106 449 τῆς

24 495 26 524 ι
91 464 213 540 φοράς.
235 461 285 524 46.
303 459 357 523 παὶ
372 454 439 542 μὴν
450 459 504 524 καὶ
516 457 672 544 συνθήκη
684 465 752 523 τῶν
766 454 941 543 ὀνομάτων
952 459 1103 552 εύκράτφ

187 199 294 257 ΠΩΣ
312 203 401 259 ΔΕΙ
420 203 666 261 ΙΣΤΟΡΙΑΝ
685 204 1020 263 ΣΤΓΓΡΑΦΕΙΝ.
1063 202 1105 264 25

91 557 147 621 καὶ
161 557 247 640 μέση
260 555 436 639 χρηστέον,
455 553 531 620 οὔτε
542 553 629 639 ἀγαν
640 551 827 639 ἀφιστάντα
840 559 893 623 καὶ
905 555 1102 640 ἀπαρτῶντα

22 659 24 704 ι
91 691 134 702 -
148 648 253 735 τραχύ
268 651 333 735 γάρ
346 692 387 702 -
400 649 477 717 οὔτε
491 654 612 740 ῥυθμῷ
623 648 703 736 παρ’
720 647 852 737 ὀλίγον,
871 650 915 731 ῶς
932 659 967 722 οί
974 663 1101 740 πολλοί,

91 748 322 814 συνάπτοντα·
340 745 378 815 τό
390 747 452 832 μέν
461 748 526 833 γάρ
540 753 699 832 ἐπαίτιον,
710 745 747 815 τό
761 751 798 816 δὲ
812 747 909 835 ἀηδές
919 765 986 828 τοῖς
996 749 1102 818 ἀκού-

90 864 177 910 ουσι.
202 842 307 912 47.τά
324 845 360 912 δέ
371 846 547 930 πράγματα
562 841 647 912 αύτά
663 841 723 928 ούχ
738 842 782 922 ῶς
796 850 890 930 ἔτυχε
903 849 1097 932 συνακτέον,
1115 869 1149 923 59

90 939 174 1010 ἀλλά
192 942 384 1027 φιλοπόνως
398 946 450 1011 καὶ
465 941 681 1028 ταλαιπώρως
697 943 856 1022 πολλάκις
866 947 941 1028 περὶ
954 952 1022 1012 τῶν
1037 943 1101 1012 αύ-

90 1045 157 1105 τῶν
169 1035 414 1124 ἀνακρίναντα,
430 1041 485 1106 καὶ
495 1039 635 1123 μάλιστα
647 1038 709 1123 μέν
719 1040 869 1125 παρόντα
881 1045 935 1110 καὶ
947 1044 1100 1128 ἐφορῶν-

88 1159 139 1218 τα,
151 1141 183 1202 εί
191 1136 228 1202 δὲ
238 1136 293 1220 μη’,
306 1151 373 1214 τοῖς
383 1133 644 1221 ἀδεκαστότερον
654 1138 885 1222 ἐξηγουμένοις
895 1142 1098 1223 προσέχοντα

87 1233 143 1298 καὶ
158 1229 218 1309 οὓς
234 1233 396 1300 εἰκάσειεν
411 1231 453 1300 ἀν
469 1260 518 1312 τις
533 1232 651 1319 ἥκιστα
666 1231 751 1316 πρὸς
765 1235 863 1320 χάριν
877 1231 899 1320 ή
916 1233 1098 1321 ἀπέχθειαν

87 1327 292 1414 ἀφαιρήσειν
307 1325 329 1414 ή
345 1331 553 1416 προσθήσειν
567 1345 635 1409 τοῖς
649 1332 814 1416 γεγονόσι.
843 1328 1019 1399 κάνταῦθα
1032 1330 1097 1418 ἤδη

87 1427 143 1492 καὶ
166 1427 379 1510 στοχαστικός
399 1454 448 1505 τις
472 1429 526 1495 καὶ
554 1425 754 1506 συνθετικὸς
778 1434 839 1495 τοῦ
861 1430 1096 1513 πιθανωτέρου

87 1529 182 1591 έστω.
214 1526 265 1590 48.
288 1526 342 1591 καὶ
365 1522 501 1592 ἐπειδάν
521 1524 665 1613 ἀθροίση
688 1524 818 1592 ἀπάντα
840 1519 861 1610 ή
887 1523 927 1591 τὰ
950 1533 1095 1610 πλείστα,

87 1626 204 1702 πρῶτα
220 1620 282 1704 μὲν
301 1617 483 1707 ὑπόμνημά
501 1647 533 1690 τι
554 1625 788 1706 συνυφαινέτω
803 1618 915 1689 αὐτῶν
931 1623 986 1689 καὶ
1000 1629 1095 1708 σῶμα

87 1723 225 1785 ποιείτω
239 1714 377 1796 ἀκαλλὲς
393 1724 439 1786 ἔτι
453 1722 508 1786 καί
529 1717 779 1804 ἀδιάρθρωτον·
809 1718 877 1788 εἶτα
894 1723 1019 1799 ἐπιθεὶς
1032 1719 1095 1806 τήν

85 1816 183 1895 τάξιν
196 1817 342 1899 ἐπαγέτω
354 1814 391 1882 τό
403 1817 523 1895 κάλλος
534 1818 588 1884 καὶ
602 1819 784 1902 χρωννύτω
797 1825 837 1906 τῇ
851 1820 933 1898 λεξει
949 1820 1004 1886 καὶ
1014 1838 1094 1903 σχη-

84 1915 244 1997 ματιζέτω
258 1916 312 1980 καὶ
327 1916 520 2002 ῥυθμιζέτω.
555 1919 605 1982 49.
628 1917 683 1982 καὶ
703 1913 788 1992 ὅλως
809 1917 941 1982 ἐοικέτω
961 1916 1034 1983 τότε
1048 1922 1094 2004 τῷ

84 2017 146 2077 τοῦ
164 2007 310 2095 Ὁμήρου
323 2013 380 2079 Διὶ
397 2011 471 2098 ἀρτι
490 2011 552 2099 μέν
571 2010 716 2098 τὴντῶν
736 2012 931 2080 ἱπποπόλων
949 2018 1091 2099 Θρηκῶν
1107 2028 1142 2083 60

84 2114 149 2194 γῆν
165 2105 304 2194 ὁρῶντι,
322 2107 396 2192 άρτι
411 2114 447 2177 δέ
460 2107 522 2194 τὴν
537 2116 685 2177 Μυσῶν·
708 2109 791 2175 κατὰ
808 2114 910 2173 ταῦτα
925 2109 980 2174 καὶ
994 2104 1094 2184 αὐτὸς

14 2211 15 2232 ¹
85 2207 162 2290 ἀρτι
178 2206 241 2292 μέν
257 2205 298 2274 τά
315 2211 384 2275 ίδια
405 2207 514 2292 ὁράτω
529 2211 583 2275 καὶ
600 2207 752 2293 δηλούτω
771 2205 852 2292 ἡμῖν
869 2201 922 2273 οἷα
939 2209 1091 2289 ἐφαίνετο

84 2305 177 2396 αὐτῷ
188 2303 249 2390 ἀφ’
262 2303 395 2391 ὑψηλοῦ
411 2303 543 2388 ὁρῶντι,
559 2304 633 2390 ἀρτι
645 2308 681 2373 δέ
691 2304 730 2374 τά
742 2313 900 2391 Περσῶν,
916 2302 967 2372 εἶτ’
980 2301 1092 2389 ἀμφό-

84 2430 181 2490 τερα,
200 2411 231 2472 εί
243 2405 409 2491 μάχοιντο.
433 2408 487 2473 καὶ
501 2407 537 2472 ἐν
553 2403 635 2492 αὐτῇ
653 2405 688 2472 δέ
702 2412 741 2493 τῇ
756 2404 934 2487 παρατάξει
948 2400 993 2489 μη
1008 2400 1091 2488 πρὸς

85 2508 122 2571 ἓν
136 2507 238 2590 μέρος
258 2501 368 2589 ὁράτω
382 2503 464 2590 μηδέ
482 2505 515 2582 ἐς
528 2506 587 2570 ἕνα
604 2499 740 2589 ίππέαή
756 2502 870 2585 πεζόν,
894 2507 924 2568 εί
942 2498 986 2586 μὴ
1004 2510 1092 2585 Βρα-

85 2608 180 2681 σίδας
201 2629 249 2680 τις
270 2613 320 2689 εἴη
336 2606 518 2687 προπηδῶν
536 2598 795 2687 ήΔημοσθένης
814 2598 1014 2667 ἀνακόπτων
1030 2601 1091 2686 τήν

85 2704 256 2787 ἐπίβασιν·
273 2703 305 2777 ἐς
320 2697 398 2777 τούς
414 2696 617 2785 στρατηγούς
628 2701 740 2784 μέντοι
754 2697 794 2765 τά
805 2705 936 2782 πρῶτα,
954 2700 1007 2764 καλ
1021 2707 1054 2764 εί
1059 2724 1091 2765 τι

84 2797 383 2884 παρεκελεύσαντο,
396 2795 530 2864 κάκεῖνο
541 2795 755 2882 ἀκηκούσθω,
772 2798 826 2894 καὶ
837 2795 927 2873 ὅπως
937 2800 991 2864 καὶ
1002 2789 1091 2883 ᾗτινι

85 2895 203 2984 γνῶμη
214 2898 269 2963 καὶ
283 2897 412 2984 ἐπινοίᾳ
424 2901 550 2976 ἔταξαν.
569 2893 704 2962 ε’πειδάν
715 2898 751 2962 δέ
761 2893 981 2980 ἀναμιχθῶσι,
993 2891 1089 2981 κοινή

85 3001 167 3063 έστω
181 2992 203 3080 ἡ
220 2996 301 3078 θέα,
316 2996 371 3061 καὶ
386 3000 618 3079 ζυγοστατείτω
631 2994 705 3060 τότε
717 2991 827 3075 ῶσπερ
838 2995 875 3059 ἐν
888 2992 1036 3079 τρυτάνη
1050 2991 1090 3059 τά

84 3095 266 3179 γιγνόμενα
278 3095 333 3160 καὶ
345 3095 555 3161 συνδιωκέτω
567 3095 621 3160 καὶ
632 3093 859 3176 συμφευγέτω.
881 3096 931 3158 50.
945 3094 998 3158 καὶ
1010 3098 1090 3159 πᾶσι
1106 3105 1139 3160 61

85 3192 214 3270 τούτοις
228 3194 350 3278 μέτρον
366 3194 505 3279 ἐπέστω,
525 3189 570 3279 μὴ
586 3195 619 3269 ἐς
641 3190 745 3276 κόρον
761 3188 843 3274 μηδέ
863 3185 1090 3273 ἀπειροκάλως

85 3291 166 3377 μηδέ
183 3298 323 3376 νεαρῶς,
348 3288 430 3358 ἀλλά
446 3294 568 3381 ῥᾳδίως
590 3288 806 3357 ἀπολυέσθω·
826 3287 881 3354 καὶ
896 3287 1017 3372 στήσας
1034 3290 1090 3355 ἐν-

84 3387 195 3456 ταῦθά
205 3410 272 3456 που
283 3396 386 3456 ταῦτα
398 3387 449 3456 ἐπ’
464 3391 573 3457 ἐκεῖνα
587 3387 827 3474 μεταβαινέτω,
841 3379 886 3470 ἢν
896 3393 1089 3474 κατεπείγῃ·
