2575 3842
163 161 225 223 τεο
501 161 827 238 [Λονκιλαον]

163 318 338 410 μαλθακάς
359 323 448 410 ῥίζας
469 318 665 405 ὀρύττοντες
681 321 736 387 καὶ
755 317 795 386 τά
813 329 950 388 πλείστα
966 319 1069 406 δρυὸς
1089 347 1167 407 καρ·

163 419 229 488 πὰν
250 422 428 497 ἐσθίοντες.
461 415 534 487 ἀλλ’
559 416 662 505 ῆμέν
684 415 818 503 ἀλόγοις
836 417 930 508 ζηόοις
949 414 1032 504 μετά
1049 415 1171 505 χρόνον

162 520 301 604 ἐρρίφη,
325 518 455 605 σπόρον
471 515 508 584 δὲ
525 523 636 600 πυροῦ
651 519 706 584 καὶ
722 523 844 603 κριθῆς
858 513 948 584 είδου
965 521 1002 584 αί
1013 523 1171 603 γεωργοῖν

163 621 342 703 ἐπιμέλειαι
361 613 522 701 εὑροῦσαι
537 610 611 682 κατ’
629 619 701 693 ἔτος
716 614 923 694 έκνεάζοντα.
945 617 999 681 καὶ
1014 611 1093 681 οὐδὲ
1108 640 1171 698 μα-

162 718 229 792 νεὶς
244 710 288 781 ἀν
310 722 398 781 είποι
417 737 467 789 τις
488 709 539 778 ότι
561 715 643 797 δρῦς
660 710 800 796 στάχυος
816 709 973 796 ἀμείνων.
1000 715 1051 778 34.
1077 717 1110 779 τί
1121 708 1171 790 δ’;

163 810 226 880 ούκ
246 813 283 879 έν
297 809 381 898 ἀρχῆ
402 811 464 895 μέν
485 805 574 876 εύθύ
595 815 658 875 τοῦ
678 814 757 894 βίον
777 812 899 894 σκέπης
915 810 1091 895 δεηθέντες
1111 806 1172 875 ἀν-

163 920 296 994 θρωποι
311 906 415 993 νάκη,
436 913 540 993 θηρία
563 910 746 993 δείραντες,
768 904 990 992 ῆμφιέσαντο;
1017 909 1072 975 καὶ
1087 906 1173 992 σπη’-

164 1018 290 1093 λυγγας
305 1003 397 1088 ὀροῖν
417 1007 543 1090 κρύους
560 1004 757 1082 καταδύσεις
778 1004 963 1092 ἐπενόησαν
982 1001 1173 1092 ῆπαλαιῶν

164 1109 263 1193 ῥιζῶν
277 1097 299 1187 ἦ
318 1108 435 1187 φυτολν
452 1093 520 1168 αύα
534 1099 742 1186 κοιλύματοι;
762 1099 826 1188 τῆν
842 1104 878 1170 δέ
892 1100 957 1170 ἀπδ
973 1103 1103 1170 τούτων
1118 1110 1174 1188 μί-

164 1222 265 1289 μησιν
282 1201 333 1267 έπὶ
352 1196 389 1266 τό
406 1213 556 1285 κρείττον
570 1195 628 1265 ἀεὶ
646 1197 842 1287 μετάγοντες
861 1199 1001 1286 ὕφηναν
1017 1199 1079 1287 μέν
1094 1201 1164 1268 ἑαυ

164 1314 232 1378 τοῖς
242 1303 408 1385 χλανίδας,
425 1307 537 1375 οίκους
549 1298 585 1364 δέ
597 1294 772 1384 ᾠκίσαντο,
787 1299 842 1364 καί
853 1298 1043 1383 λεληθότως
1053 1301 1089 1366 αί
1097 1297 1172 1379 περὶ

95 1418 146 1473 435
165 1405 268 1466 ταῦτα
285 1400 395 1482 τέχναι
410 1392 470 1461 τόν
483 1392 607 1480 χρόνον
621 1400 785 1479 λαβοῦσαι
805 1394 1007 1464 διδάσκαλον
1021 1392 1094 1462 ἀντί
1112 1393 1173 1480 μέν

164 1503 254 1581 λιτῆς
270 1492 357 1581 ὑφῆς
379 1491 417 1560 τό
441 1491 579 1559 κάλλιον
595 1493 784 1577 ἐποίκιλαν,
803 1491 877 1561 ἀντὶ
893 1493 929 1561 δὲ
948 1490 1091 1560 εὐτελῶν
1107 1495 1171 1558 δω«

165 1601 291 1682 ματίων
305 1587 418 1677 ὑφηλά
432 1593 572 1674 τέρεμνα
587 1589 642 1655 καὶ
656 1594 765 1656 λίθων
779 1593 996 1657 πολυτέλειαν
1010 1587 1172 1675 έμηχανῆ·

166 1714 267 1760 σαντο
294 1688 350 1755 καί
376 1684 510 1772 γυμνὴν
529 1691 649 1770 τοίχων
670 1683 842 1771 ἀμορφίαν
869 1684 1027 1755 εύανθέσι
1051 1694 1176 1774 βαφαῖς

165 1786 349 1876 χρωμάτων
377 1787 599 1869 κατέγραφον.
636 1779 726 1868 πλὴν
747 1785 866 1871 ἑκάστη
892 1810 930 1870 γε
952 1783 1083 1851 τούτων
1106 1789 1175 1848 τῶν

164 1891 291 1972 τεχνῶν
307 1885 363 1951 καί
378 1884 566 1967 ἐπιστημῶν
582 1879 720 1966 ἀφωνος
734 1874 819 1968 ούσα
834 1885 889 1950 καί
909 1889 1052 1969 βαθεῖαν
1067 1883 1176 1947 ἐπιτε-

165 1988 304 2070 θειμένη
321 1982 434 2066 λη’θην
449 1977 494 2057 ὡς
515 1975 580 2046 ἀπὸ
599 1985 729 2064 μακρᾶς
745 1979 873 2058 δύσεως
892 1976 975 2047 κοιτά
990 1975 1112 2065 μικρὸν
1128 1983 1176 2056 είς

165 2079 223 2158 τάς
234 2085 318 2156 ίδίας
330 2076 498 2144 ἀνέτειλεν
508 2073 659 2153 ἀκτῖνας·
682 2077 819 2154 ἕκαστος
829 2074 895 2162 γάρ
907 2075 1059 2160 εὑρόντι
1070 2099 1176 2158 παρε-

165 2183 321 2266 δίδουχτῷ
338 2172 409 2262 μετ’
429 2171 549 2241 αὐτόν·
572 2170 676 2259 εἶθ’ίγ
698 2173 834 2261 διαδοχὴ
847 2182 916 2244 τῶν
931 2174 1176 2263 λαμβανόντων

166 2272 214 2354 οἷς
224 2282 352 2361 ἔμαθεν
361 2271 425 2359 ῆδη
436 2282 671 2358 προστιθεῖσα,
687 2271 723 2340 τὸ
737 2276 854 2342 ένδέον
864 2275 1043 2361 έπλῆρωσε-ο
1065 2277 1116 2342 35.
1129 2270 1175 2359 μῆ

165 2374 207 2459 δῆ
218 2400 266 2451 τις
280 2379 403 2456 ἔρωτας
414 2366 567 2455 ἀρρένων
576 2368 751 2440 ἀπαιτείτω
765 2374 856 2460 παρά
867 2382 929 2441 τοῦ
940 2379 1084 2440 παλαιοῦ
1094 2371 1176 2456 χρό-

166 2496 246 2540 νον·
267 2470 398 2557 γυναιξί
415 2465 480 2554 γάρ
497 2465 625 2552 ὁμιλείν
642 2467 825 2557 ἀναγκαῖον
841 2466 902 2558 ῆν,
924 2475 981 2539 ἵνα
997 2468 1041 2558 μῆ
1056 2473 1177 2548 τελέως

166 2569 339 2653 ἀσπερμον
355 2563 450 2653 ἡμῶν
470 2574 587 2656 φθαρῇ
604 2567 641 2636 τό
658 2572 763 2654 γένος,
793 2576 830 2639 αί
842 2572 879 2639 δέ
895 2576 1041 2637 ποικίλαι
1058 2574 1177 2654 σοφίαι

166 2669 292 2752 καὶτῆς
312 2663 500 2749 φιλοκάλου
519 2666 641 2751 ταύτης
655 2665 772 2754 ἀρετῆς
792 2671 966 2754 ἐπιθυμίαι
989 2666 1083 2754 μόλις
1106 2663 1174 2732 ὑπὸ

166 2775 227 2836 τοῦ
238 2763 341 2852 μηδὲν
353 2766 474 2841 ἐόντος
482 2760 678 2849 ἀνίχνευτον
690 2772 810 2846 αίολνος
821 2772 866 2845 είς
877 2764 1066 2853 τούμφανὲς
1078 2771 1177 2850 ἔμελ-

99 2887 150 2942 436
168 2876 230 2936 λον
249 2862 356 2950 ἥξειν,
378 2863 435 2929 ἵνα
449 2869 489 2950 τῇ
503 2868 581 2952 θείᾳ
603 2871 787 2954 φιλοσοφίᾳ
809 2869 864 2934 καί
882 2863 919 2932 τό
941 2869 1180 2951 παιδεραστεῖν

167 2962 372 3050 σννυκμάση.
397 2959 441 3048 μὴ
454 2967 553 3047 δῆτα,
568 2969 759 3050 Χαρίκλεις,
777 2962 797 3030 ό
805 2964 851 3050 μῆ
863 2965 1029 3049 πρότερον
1040 2961 1175 3048 εὕρητο,

166 3071 265 3133 τούτο
282 3063 462 3147 έπινοηθέν
473 3055 575 3139 αὖθις
586 3060 631 3140 ὡς
642 3069 775 3151 φαῦλον
789 3061 933 3147 εύθυνε,
948 3059 1026 3148 μηδ’
1042 3058 1176 3128 ὅτιτῶν

168 3167 331 3229 παιδικῶν
352 3159 486 3246 ἐράτων
509 3165 545 3228 αί
562 3175 749 3248 γυναικεϊαι
766 3160 905 3229 σύνοδοι
926 3163 1178 3247 πρεσβυτέρους

168 3259 406 3346 ἐπιγράφονται
421 3259 582 3345 χρόνους,
604 3261 741 3327 ἐλάττου
755 3258 919 3344 θάτερον·
950 3255 1034 3326 ἀλλά
1049 3256 1088 3325 τά
1110 3259 1176 3342 μὲν

168 3353 290 3425 παλαιά
306 3361 374 3422 τῶν
394 3356 663 3441 ἐπιτηδευμάτων
683 3354 848 3443 ἀναγκαία
867 3362 1067 3442 νομίζωμεν,
1093 3354 1116 3423 ἀ
1136 3359 1175 3424 δέ
