2575 3842
370 217 813 290 λΚΑΡοΜαΝιΠΠοΣ.
1036 230 1099 293 407

82 414 159 468 ποις
180 389 356 477 ἀνέλθοιμι
373 392 406 467 ἐς
426 388 487 456 τόν
503 387 665 475 οὐρανόν.
696 388 819 455 τούτου
841 393 880 458 δέ
891 417 948 475 μοι
965 406 1100 478 παρεῖχε

82 487 151 574 τήν
167 493 281 558 ἐλπίδα
296 489 436 575 μάλιστα
454 488 515 572 μὲν
529 487 585 553 καὶ
598 483 619 571 ἡ
634 488 797 570 ἐπιθυμία
813 490 867 554 καὶ
886 484 904 553 ό
922 486 1100 573 λογοποιὸς

82 593 245 664 Αίσοιπος
260 584 365 663 ἀετολς
384 586 439 652 καὶ
453 583 655 667 κανθάροις,
678 585 783 649 ἐνίοτε
793 585 847 650 καλ
862 584 1021 669 καμήλοις
1035 584 1098 670 βά-
1117 596 1168 651 762

82 704 189 770 σιμον
206 683 405 770 ἀποφαίνων
424 679 485 748 τόν
505 679 662 765 οὐρανόν.
695 678 799 746 αὐτόν
816 682 878 766 μὲν
892 673 958 747 οῦν
978 706 1099 766 πτερο-

86 786 222 866 φυῆσαί
232 806 312 848 ποτε
323 778 462 869 οὐδεμιᾷ
473 786 602 866 μηχανῇ
614 775 762 844 δυνατόν
777 775 864 845 εἷναί
874 805 930 864 μοι
941 785 1099 863 κατεφαί-

85 904 181 946 νετο·
211 885 241 946 ελ
262 879 297 947 δέ
315 877 424 964 μυπὸς
442 874 464 965 ή
485 877 584 946 ἀετοῦ
598 883 799 962 περιθείμην
817 877 922 960 πτερά
936 921 981 931 -
995 885 1099 942 ταῦτα

83 976 153 1062 γάρ
169 977 256 1062 μόνα
271 981 442 1062 διαρκέσαι
457 976 540 1062 πρὸς
555 979 697 1062 μέγεθος
711 974 934 1059 ἀνθρωπίνου
948 977 1100 1060 σῶματος

85 1116 130 1125 -
146 1074 227 1159 τάχα
243 1071 285 1140 ἀν
301 1101 358 1160 μοι
378 1072 440 1161 τήν
455 1088 574 1157 πεῖραν
589 1079 810 1159 προχωρῆσαι.
840 1075 895 1140 καὶ
915 1070 955 1157 δή
973 1081 1098 1140 συλλα-

85 1169 160 1258 βῶν
170 1169 211 1238 τά
221 1170 321 1256 όρνεα
332 1175 480 1258 θατέρου
489 1171 550 1257 μὲν
559 1169 620 1257 τήν
631 1167 744 1250 δεξιάν
754 1174 911 1255 πτέρυγα,
921 1176 982 1236 τοῦ
992 1169 1098 1256 γυπός

85 1268 123 1336 δὲ
138 1267 201 1354 τήν
215 1272 330 1355 ἑτέραν
341 1268 505 1356 ἀπέτεμον
516 1263 556 1337 εὖ
570 1270 675 1355 μάλα·
697 1267 764 1334 εἶτα
776 1268 935 1354 διαδήσας
948 1271 1004 1334 καλ
1015 1266 1097 1336 κατά

85 1363 168 1444 τοῦς
189 1364 300 1452 ῶμους
319 1373 483 1453 τελαμῶσι
501 1379 673 1453 καρτεροῖς
694 1363 927 1452 ἁρμοσάμενος
942 1369 998 1434 καὶ
1015 1362 1099 1451 πρός

84 1464 203 1547 άκροις
223 1478 290 1544 τοῖς
318 1463 521 1549 ὠκυπτέροις
545 1466 650 1552 λαβάς
671 1491 762 1543 τινας
786 1479 857 1542 ταῖς
876 1466 967 1550 χερσὶ
989 1489 1098 1549 παρα-

85 1565 253 1641 σκευάσας
268 1563 457 1651 ἐπειρώμην
474 1567 621 1651 ἐμαυτοῦ
639 1564 677 1633 τό
693 1571 827 1651 πρῶτον
843 1562 1027 1651 ἀναπηδῶν
1043 1566 1097 1630 καλ

86 1674 158 1738 ταῖς
173 1663 286 1746 χερσὶν
306 1659 483 1746 ὑπηρετῶν
498 1665 553 1730 καὶ
569 1661 680 1748 ῶσπερ
701 1669 736 1732 ολ
752 1671 850 1751 χῆνες
866 1669 914 1731 ἐτι
934 1684 1097 1748 χαμαιπε-

87 1764 152 1836 τῶς
168 1757 386 1842 έπαιρόμενος
400 1761 455 1825 καλ
470 1757 666 1846 ἀκροβατῶν
680 1759 748 1846 άμα
762 1759 843 1847 μετά
860 1768 917 1846 τής
930 1760 1094 1846 πτήσεως·

87 1857 157 1921 ἐπεὶ
173 1854 208 1922 δέ
224 1852 377 1940 ὑπήκουέ
393 1879 449 1939 μοι
469 1853 506 1922 τό
523 1863 659 1941 πρᾶγμα
665 1908 674 1940 ,
697 1857 944 1943 τολμηρότερον
960 1856 1023 1943 ήδη
1039 1867 1098 1944 τῆς

87 1958 203 2034 πείρας
217 1948 386 2038 ἡπτόμην,
402 1955 456 2019 καὶ
473 1949 629 2020 ἀνελθῶν
644 1957 697 2022 ἐπὶ
710 1952 772 2040 τήν
782 1952 966 2040 ἀκρόπολιν
982 1952 1096 2040 ἀφῆκα
1114 1975 1166 2031 763

88 2045 235 2133 ἐμαυτόν
250 2045 333 2115 κατά
348 2055 409 2116 τοῦ
427 2058 581 2135 κρημνοῦ
601 2053 715 2137 φέρειν
736 2055 768 2130 ἐς
789 2049 870 2120 αὐτὸ
886 2049 923 2119 ιδ
940 2055 1095 2134 θέατρον.
1178 2068 1181 2072 ’

89 2150 138 2213 11.
155 2142 199 2224 ὡς
209 2143 245 2212 δὲ
256 2143 444 2223 άκινδόνως
453 2147 674 2235 κατεπτόμην,
686 2147 799 2235 ὑψηλά
811 2147 875 2235 ήδη
885 2151 939 2216 καλ
950 2151 1097 2234 μετέωρα

87 2245 258 2331 ἐφρόνουν
271 2248 327 2313 καλ
341 2245 424 2330 ἀρας
436 2245 501 2316 ἀπό
516 2248 701 2334 Πάρνηθος
715 2243 737 2332 ή
752 2245 818 2314 ἀπό
827 2245 988 2334 Ὑμηττοῦ
1003 2251 1096 2333 μέχρι

88 2349 267 2427 Γερανείας
282 2345 457 2432 ἐπετόμην,
473 2343 565 2415 εἶτ’ἐ
549 2350 682 2415 ἐκεῖθεν
692 2343 792 2413 ἐπὶ
758 2372 818 2413 τον
833 2344 1096 2432 Ἀκροκόρινθον

89 2439 213 2526 άνω,ε
198 2441 265 2509 εἶτα
284 2439 369 2529 ὑπὲρ
380 2444 516 2531 Φολόης
535 2448 591 2513 καὶ
610 2441 826 2549 Ἐρυμάνθου
847 2447 939 2532 μέχρι
958 2443 1042 2529 πρὸς
1057 2442 1094 2511 τό

92 2540 270 2625 Ταΰγετον.
297 2539 361 2627 ήδη
379 2540 410 2608 δ’
428 2536 493 2610 οὖν
509 2570 565 2629 μοι
580 2551 642 2610 τοῦ
659 2544 864 2631 τολμήματος
879 2547 1095 2632 ἐκμεμελετη-

90 2640 191 2721 μένου
205 2639 328 2716 τέλειός
339 2666 373 2707 τε
384 2643 439 2708 καὶ
449 2637 609 2764 ὑψιπέτης
623 2645 805 2730 γενόμενος
819 2640 983 2710 οῦκέτι
946 2671 987 2710 τα
999 2669 1094 2710 νεοτ-

90 2741 155 2801 τῶν
174 2738 360 2823 ἐφρόνουν,
386 2736 460 2806 ἀλλ’
484 2739 591 2806 ἐπὶ
556 2767 617 2808 τον
631 2741 806 2826 Ὄλυμπον
826 2737 955 2826 ἀναβάς
975 2737 1096 2818 καλῶς

91 2836 169 2918 ἐνῆν
182 2835 324 2919 μάλιστα
344 2834 481 2920 κοῦφος
495 2838 759 2926 ἐπισιτισάμενος
777 2835 814 2906 τό
832 2836 951 2906 λοιπόν
967 2844 1095 2906 ἔτεινον

92 2928 176 2998 εῦθῦ
192 2939 252 2999 τοῦ
268 2930 433 3019 οὐρανοῦ,
447 2931 485 3000 τό
497 2935 559 3021 μὲν
573 2945 708 3023 πρῶτον
720 2943 872 3024 ίλιμγιῶν
882 2933 947 3002 ὑπό
961 2942 1022 3002 τοῦ
1031 2935 1095 3022 βά-

91 3039 189 3114 θους,
212 3028 293 3116 μετά
310 3033 345 3098 δέ
363 3038 485 3118 ἔφερον
500 3038 555 3103 καλ
570 3043 669 3103 τοῦτο
685 3035 846 3123 εὐμαρῶς.
877 3037 946 3103 ἐπεὶ
968 3038 1004 3102 δὲ
1019 3032 1093 3102 κατ’

91 3124 193 3212 αὐτήν
208 3125 323 3246 ήδη
288 3155 351 3212 την
371 3131 515 3216 σελήνην
537 3134 700 3220 ἐγενόμην
715 3136 875 3220 πάμπολυ
896 3141 964 3200 τῶν
979 3138 1095 3216 νεφῶν

90 3222 298 3309 ἀποσπάσας,
319 3223 477 3344 ήσθόμην
491 3231 678 3351 κάμνοντος
697 3237 859 3329 ἐμαυτοῦ,
882 3234 936 3298 καὶ
953 3230 1094 3316 μάλιστα
1111 3248 1162 3304 764

92 3320 169 3388 κατὰ
183 3322 246 3408 τήν
264 3321 444 3409 ἀριστεράν
457 3331 605 3450 πτέρυηα
621 3329 683 3415 τήν
700 3337 857 3416 γυπίνην
886 3329 1094 3413 προσελάσας

19 3433 24 3441 ’
93 3413 152 3486 οῦν
162 3425 216 3488 καὶ
227 3425 450 3512 καθεζόμενος
464 3423 518 3493 ἐπ’
532 3425 633 3514 αῦτής
644 3429 929 3516 διανεπαυόμην’
912 3457 944 3508 ες
957 3427 1019 3516 τήν
1030 3436 1093 3515 μήν
