2575 3842
331 202 576 261 ΑΛΗΘΟΥΣ
594 201 836 260 ΙΣΤΟΡΙΑΣ
856 205 889 261 Β.
1073 197 1116 262 73

108 358 239 426 ίστάναι
253 362 308 427 καὶ
322 358 401 437 τοῦς
417 363 567 448 ἑταίρους
581 368 761 445 συγκαλεῖν
776 362 830 427 καὶ
846 362 877 437 ἐς
891 358 930 427 τά
948 356 1033 426 ὅπλα
1047 384 1113 445 χω-

107 467 179 537 ρεῖν
203 452 265 522 οῦκ
289 458 491 541 ἐδοκίμαζον.
518 457 810 543 προχειρισάμενος
830 457 865 523 δέ
884 456 946 541 τήν
963 457 1114 542 μαλάχην

13 559 16 588 “
107 549 214 619 πολλὰ
227 549 378 638 ηὐχόμην
388 551 472 642 αὐτή
485 559 662 639 διαφυγεῖν
676 557 710 621 ἐκ
723 562 790 620 τῦν
801 554 977 640 παρόντων
988 562 1110 620 κακῶν.

107 646 177 734 μετ’
202 647 316 736 ὀλίγον
332 654 368 717 δέ
383 660 440 737 τῆς
455 655 548 738 ξένης
565 653 827 737 διακονουμένης
847 649 937 717 εἶδον
957 647 996 716 τά
1014 653 1111 734 σκέλη

108 742 149 810 οῦ
169 747 347 832 γυναικός,
371 744 444 815 ἀλλ’
461 747 545 816 όνου
561 748 681 827 ὁπλάς·
709 753 764 816 καὶ
786 747 825 834 δή
848 748 1059 833 σπασάμενος
1073 746 1108 814 τό
1131 763 1181 818 140

109 847 203 927 ξίφος
222 844 446 931 συλλαμβάνω
460 871 495 912 τε
509 846 634 931 ταύτην
648 848 703 914 καὶ
721 847 824 933 δήσας
839 849 913 931 περὶ
934 852 1001 913 τῶν
1023 841 1113 911 ὅλων

10 1020 15 1044 ἲ
108 937 297 1026 ἀνέκρινον.
319 939 340 1028 ἡ
357 946 409 1028 δέ,
429 941 558 1011 ἀκουσα
572 946 650 1029 μέν,
672 941 741 1011 εἶπε
757 945 794 1011 δέ
808 943 914 1030 ὅμως,
935 939 1036 1017 αὐτάς
1052 940 1113 1025 μέν

109 1035 194 1104 εἶναι
210 1046 409 1117 θαλαττίους
425 1056 586 1125 γυναῖκας
599 1038 809 1119 Ὀνοσκελέας
823 1039 1113 1126 προσαγορευομέ-
1203 1107 1206 1121 Ι,

109 1162 178 1221 νας,
189 1134 319 1222 τροφήν
329 1138 366 1204 δὲ
374 1149 540 1207 ποιεῖσθαι
551 1137 629 1218 τοῦς
639 1144 879 1226 ἐπιδημοῦντας
889 1142 1011 1219 ξένους.
1023 1138 1112 1203 ἐπει-

108 1231 173 1300 δάν
186 1236 268 1319 γάρ,
290 1241 369 1321 ἐφη,
391 1237 595 1323 μεθύσωμεν
611 1234 749 1320 αύτούς,
767 1247 1025 1323 συνευνηθεῖσαι
1040 1257 1111 1300 κοι-

108 1335 272 1419 μωμένοις
289 1336 529 1420 ἐπιχειροῦμεν.
557 1333 703 1413 ἀκούσας
720 1338 756 1403 δὲ
776 1342 878 1402 ταῦτα
901 1335 1030 1417 ἐκείνην
1051 1330 1111 1416 μέν

107 1428 213 1495 αῦτοῦ
232 1431 409 1498 κατέλιπον
431 1434 627 1518 δεδεμένην,
656 1432 757 1511 αὐτὸς
775 1433 811 1500 δέ
831 1428 988 1500 ἀνελθων
1004 1431 1057 1497 ἐπὶ
1073 1425 1109 1495 τὰ

108 1529 221 1611 στέγος
245 1528 352 1614 ἐβόων
379 1556 414 1596 τε
438 1532 494 1597 καὶ
514 1528 593 1609 τοῦς
615 1534 765 1619 ἑταίρους
787 1531 1005 1599 συνεκάλουν.
1043 1528 1112 1593 ἐπεὶ

111 1624 143 1694 δὲ
157 1634 348 1712 συνῆλθον,
373 1627 413 1696 τά
428 1630 536 1697 πάντα
558 1630 704 1717 ἐμήνυον
723 1630 901 1711 αὐτοῖςκαὶ
920 1630 1011 1697 τότε
1032 1626 1111 1695 ὀστᾶ

108 1724 283 1790 ἐδείκνυον
293 1727 347 1792 καλ
358 1718 443 1811 ήγον
454 1733 519 1795 ἔσω
532 1724 616 1810 πρὸς
626 1726 688 1813 τήν
703 1731 881 1813 δεδεμένην
894 1754 900 1766 ·
920 1725 940 1812 ἡ
953 1727 989 1794 δέ
996 1722 1113 1793 αὐτίκα

109 1816 202 1902 ὕδωρ
215 1821 344 1903 ἐγένετο
356 1825 410 1890 καλ
420 1820 552 1909 ἀφανής
562 1817 616 1910 ήυ.
628 1823 718 1909 ὅμως
728 1824 764 1891 δέ
775 1822 811 1890 τό
824 1827 918 1909 ξίφος
929 1826 961 1900 ές
971 1820 1008 1889 τδ
1021 1820 1113 1905 ὕδωρ

110 1922 244 2001 καθῆκα
258 1918 479 2004 πειρώμενος·
501 1919 537 1989 τό
550 1923 586 1989 δὲ
598 1917 678 2008 αἷμα
693 1924 831 2007 ἐγένετο.
854 1925 905 1990 47.
917 1922 1037 2005 ταχέως
1051 1910 1114 1984 οῦν

106 2015 160 2079 ἐπλ
185 2018 274 2078 ναῦν
294 2017 514 2095 κατελθόντες
535 2015 805 2102 ἀπεπλεύσαμεν·
837 2018 892 2083 καὶ
917 2018 985 2083 ἐπεὶ
1008 2012 1113 2100 ἡμέρα

105 2105 294 2195 ὑπηύγαζε,
315 2108 376 2197 τήν
397 2110 538 2198 ἤπειρον
558 2112 824 2201 ἀποβλεπόμενοι
842 2113 1011 2197 εἰκάζομεν
1029 2109 1113 2177 εἶναι

105 2202 168 2291 τήν
183 2201 366 2291 ἀντιπέραν
381 2216 420 2296 τῇ
434 2206 496 2296 ὑφ’
510 2210 606 2297 ήμῶν
620 2215 799 2297 οἰκουμένη
814 2212 977 2293 κειμένην.
1007 2225 1111 2293 προσ-

103 2305 313 2391 κυνήσαντες
326 2305 358 2373 δ’
375 2302 439 2375 οῦν
454 2313 508 2379 καὶ
523 2311 784 2396 προσευξάμενοι
800 2309 956 2392 περὶτῶν
971 2307 1113 2392 μελλόν-

103 2429 174 2470 των
185 2404 403 2491 έσκοποῦμεν,
419 2408 472 2474 καὶ
484 2423 552 2486 τοῖς
563 2407 625 2493 μέν
636 2407 743 2475 ἐδόκει
754 2408 885 2493 ἐπιβᾶσι
896 2403 1002 2490 μόνον
1012 2396 1112 2480 αὖθις

103 2499 214 2567 ὀπίσω
228 2497 466 2589 ἀναστρέφειν,
484 2520 553 2582 τοῖς
566 2505 603 2573 δέ
623 2502 660 2572 τό
679 2503 740 2590 μέν
756 2512 874 2589 πλοῖον
891 2500 995 2569 αὐτοῦ
1011 2526 1112 2568 κατα-

104 2607 233 2682 λιπεῖν,
248 2596 454 2680 ἀνελθόντας
466 2602 502 2671 δέ
518 2606 550 2681 ἐς
562 2601 623 2689 τήν
638 2604 822 2690 μεσόγαιαν
832 2607 1034 2686 πειραθῆναι
1044 2607 1112 2665 τοῖν

103 2695 340 2763 ἐνοικούντων.
363 2699 401 2764 έν
411 2696 479 2789 ὅσω
491 2697 640 2769 δὲταῦτα
652 2699 878 2784 ἐλογιζόμεθα,
892 2695 1016 2783 χειμών
1027 2717 1112 2780 σφο-

104 2789 187 2876 δρός
209 2790 376 2860 ἐπιπεσάν
390 2797 445 2862 καὶ
464 2796 674 2879 προσαράξας
697 2793 734 2863 τδ
759 2795 887 2880 σκάφος
908 2800 953 2881 τῷ
974 2797 1111 2877 αίγιαλῷ

104 2893 270 2959 διέλυσεν.
300 2889 394 2978 ἡμεῖς
414 2894 450 2960 δέ
469 2893 565 2978 μόλις
579 2894 803 2979 ἐξενηξάμεθα
818 2889 857 2959 τά
874 2889 959 2956 όπλα
977 2890 1112 2963 ἕκαστος

102 2990 161 3055 καὶ
178 2997 212 3056 ελ
221 3015 252 3056 τι
265 2987 348 3057 ἀλλο
366 2985 436 3068 οἶός
449 3016 485 3057 τε
498 2983 541 3076 ήν
556 2988 797 3074 ἁρπασάμενοι.

195 3092 306 3151 Ταῦτα
321 3087 384 3171 μέν
395 3079 459 3154 οῦν
474 3084 513 3154 τά
530 3091 623 3173 μέχρι
634 3091 691 3169 τής
702 3084 811 3166 ἑτέρας
821 3089 880 3167 γῆς
891 3084 1113 3164 συνενεχθέν-

102 3208 145 3249 τα
160 3207 218 3268 μοι
238 3184 275 3249 ἐν
291 3191 331 3272 τῇ
347 3184 496 3272 θαλάττη
511 3186 566 3252 καὶ
586 3178 675 3266 παρά
694 3178 753 3247 τόν
773 3186 881 3246 πλοῦν
902 3180 939 3245 έν
960 3191 1030 3255 ταῖς
1049 3177 1112 3263 νή-

102 3300 178 3359 σοις
192 3282 247 3348 καὶ
261 3283 356 3370 ἐντῷ
371 3280 445 3367 ἀέρι
460 3283 514 3350 καὶ
531 3278 603 3368 μετ’
618 3274 703 3346 αύτά
719 3280 756 3344 ἐν
768 3284 814 3367 τῷ
828 3274 919 3362 κήτει
932 3276 987 3342 καὶ
1001 3275 1111 3361 ἐπειδή

103 3378 308 3465 ἐξήλθομεν,
331 3380 420 3467 παρά
435 3406 469 3447 τε
491 3373 562 3457 τοῖς
573 3377 679 3464 ήρωσι
693 3378 747 3445 καλ
761 3390 829 3456 τοῖς
844 3372 985 3463 ὀνείροις
1000 3376 1054 3443 καὶ
1070 3373 1109 3442 τά
1131 3390 1178 3445 141
