2575 3842
194 196 304 253 1152
322 198 410 254 Διιι
430 163 677 256 ιΣνοΡιΑοι
695 200 1026 258 Σννννιοαιιν.
1095 197 1116 258 9

101 351 236 422 ἆστείον
256 347 300 440 ἦν
322 351 425 436 ὅρκον
447 355 615 423 ἐντιθέναι
640 342 886 443 συγγράμματι.Ι
915 353 961 436 εἷς
982 361 1043 442 μέν
1064 384 1114 436 τις

100 447 215 517 αὐτῶν
229 448 295 519 άπὸ
313 458 466 519 Μουσῶν
484 450 589 530 εὐθὺς
606 451 726 538 ἤρξατο
743 461 946 539 παρακαλῶν
960 454 1018 533 τάς
1030 453 1114 531 θεάς

100 546 367 631 συνεφάψασθαι
388 553 449 615 τού
470 549 735 635 συγγράμματος.
766 549 847 640 ὁρᾷς
863 547 908 628 ὡς
930 550 1070 636 ἐμμελὴς
1090 547 1112 636 ἡ

100 642 183 730 ἀρχὴ
201 646 256 711 καί
272 647 353 728 περὶῖ
362 644 450 711 πόδα
466 654 506 733 τῇ
521 649 650 732 ίστορία
665 648 719 714 καί
735 653 781 736 τῷ
795 647 934 737 τοιούτῳ
950 651 1029 714 εἴδει
1041 654 1110 713 τῶν
1128 659 1164 712 25

100 744 214 828 λόγων
234 744 435 862 πρέπουσα;
455 742 522 810 ἐἶτα
538 741 659 828 μικρὸν
676 742 805 831 ὑποβάς
823 742 1085 861 ’χίχιλλεϊμέν
1051 769 1113 811 τον
1174 737 1189 763 ³

100 838 297 926 ἡμέτερον’
284 840 427 927 άρχοντα
450 847 572 924 είκαζε,
595 848 736 928 Θερσίτῃ
757 839 846 908 δὲ
812 866 873 908 τον
890 847 959 907 τῶν
968 847 1111 958 Περσῶν

101 941 255 1023 βασιλέα,
274 936 335 1006 ούκ
352 936 480 1015 είδοδς”
461 964 511 1004 οτι
527 937 544 1006 5
557 936 722 1023 Ἀχιλλεύς
739 931 922 1023 άμείνων
900 963 944 1032 ην
959 933 1065 1022 αύτῷ,
1083 941 1113 1004 εί

102 1034 244 1120 Ἕκτορα
256 1031 417 1122 μάλλονῆ
432 1042 594 1122 Θερσίτην
605 1035 764 1124 καθῄρει,
780 1037 877 1103 καὶεί
864 1035 1111 1119 ίπρόσθενν
1049 1037 1111 1120 μὲν

103 1139 248 1218 ἔφευγεν
263 1135 384 1212 ἐσθλός
400 1161 458 1218 τις,
651 1166 655 1174 ·
821 1185 824 1193 ·

309 1235 424 1300 ἐδίωκε
441 1235 481 1300 δέ
491 1257 551 1318 μιν
559 1229 676 1318 ·’μέγ
655 1239 812 1318 αμείνων.
871 1251 889 1278 ··

103 1326 200 1395 εἶτ”
182 1335 305 1414 επῆγεν
320 1326 404 1414 ὑπὲρ
427 1328 533 1396 αύτού
553 1355 585 1396 τι
600 1328 789 1414 ἐγκώμιον,
814 1324 931 1404 καλάς
951 1324 1041 1406 ύξιος
1059 1336 1109 1413 είη

101 1425 294 1511 συγγράψαι
316 1425 375 1504 τάς
399 1428 532 1512 πράξεις
556 1424 643 1493 οὕτω
669 1424 820 1512 λαμπράς
841 1423 951 1502 ούσας.
985 1422 1049 1509 ἤδη
1072 1423 1109 1490 δὲ

101 1519 226 1590 κατιιύν
238 1522 351 1608 ἐπῄνει
362 1526 416 1590 καὶ
429 1520 492 1608 τὴν
503 1526 644 1607 πατρίδα
657 1521 720 1608 την
731 1530 899 1608 Μίλητον,
916 1522 1108 1605 προστιθεὶς

102 1618 143 1698 ὡς
160 1617 302 1704 άμεινον
315 1635 408 1688 ποιοῖ
421 1627 518 1688 τούτο
538 1627 598 1688 τού
613 1619 761 1706 Ὁμήρου
776 1621 881 1706 μηδὲν
901 1621 1108 1704 μνησθέντος
1164 1611 1173 1622 ’

101 1723 155 1802 τῆς
164 1719 331 1801 πατρίδος.
345 1715 401 1785 εἶτ’
414 1721 466 1786 ἐπὶ
477 1720 561 1785 τέλει
571 1724 631 1784 τοῦ
642 1724 802 1803 φροιμίου
812 1716 1000 1802 ὑπισχνεῖτο
1012 1722 1107 1801 διαρ-

99 1814 162 1898 ρήδ
166 1839 207 1898 ην
218 1815 273 1880 καὶ
284 1823 414 1900 σαφῶς,
429 1818 480 1884 ἐπὶ
491 1821 601 1901 μεῖζον
612 1816 674 1901 μὲν
686 1825 794 1901 αίρειν
805 1813 846 1882 τά
856 1813 1011 1901 ἡμέτερα,
1027 1811 1105 1891 τούς
1123 1829 1155 1882 21

98 1911 292 1996 βαρβάρους
310 1913 345 1978 δὲ
366 1914 650 1998 καταπολεμήσειν
673 1917 727 1980 καὶ
744 1912 860 1998 αύτός,
883 1910 927 1991 ύς
942 1909 986 1979 55
1001 1913 1107 1997 δύνη-

98 2035 166 2076 ται·
190 2011 245 2074 καλ
258 2005 379 2094 ἤρξατό
388 2035 427 2095 γε
440 2017 497 2096 τῆς
509 2015 653 2095 ἱστορίας
663 2009 784 2095 οὕτως,
800 2020 888 2077 αίτια
898 2008 966 2095 ἅμα
977 2016 1035 2094 της
1045 2016 1106 2076 τοῦ

97 2107 247 2191 πολέμου
259 2103 358 2190 άρχῆς
370 2108 515 2187 διεξιών·
539 2106 591 2193 ,,Ὁ
605 2107 670 2194 γάρ
682 2108 887 2194 μιαρώτατος
901 2109 956 2173 καὶ
967 2107 1106 2172 κάκιστα

98 2202 331 2288 ἀπολούμενος
357 2204 565 2290 Οὐολόγεσος
595 2206 715 2293 ἤρξατο
739 2216 897 2292 πολεμεῖν
922 2203 969 2272 δι’
997 2209 1105 2271 αἰτίαν

97 2304 241 2370 τοιάνδε.
246 2309 267 2343 “
291 2307 339 2370 15.
357 2296 455 2385 οὗτος
469 2303 530 2389 μὲν
547 2314 695 2388 τοιαῦτα.
718 2309 828 2391 ἕτερος
842 2306 878 2372 δέ
892 2307 1105 2374 Θουκυδίδου

97 2398 279 2519 ζηλωτέχς”
253 2425 383 2524 ακρος,
399 2398 469 2480 οἷος
484 2429 522 2470 ευ
510 2397 626 2490 μάλα
641 2413 688 2494 τῷ
708 2403 881 2493 ἀρχετύπῳ
901 2405 1102 2488 εἰκασμένος,

97 2497 204 2567 καὶ
167 2501 230 2584 την
241 2496 347 2584 ἀρχὴν
360 2525 404 2592 αις
416 2502 563 2581 ἐκεῖνος’
551 2499 616 2568 σ’ύν
627 2512 672 2591 τφ
660 2500 835 2590 ἑαυτοῦ’
817 2501 957 2586 ονόματι
970 2498 1102 2586 ἤρξατο,

96 2597 314 2683 χαριεστάτην
325 2594 435 2682 άρχυῖν
448 2595 587 2666 ἁπασῶν
597 2602 777 2687 καὶβύμου
787 2609 848 2668 τού
858 2599 1007 2666 Ἀττικοῦ
1017 2595 1103 2663 550-

96 2699 276 2764 πνέουσαν
300 2694 363 2778 ὅρα
379 2697 461 2782 γάρ’·
484 2701 706 2786 ,,Κρεπε’ρηος
712 2695 993 2782 Καλπουρνιανὸς
1007 2703 1115 2779 Πομ--

96 2801 334 2881 πηλουπολίτης
350 2798 538 2879 συνέγραψε
560 2793 620 2864 τόν
643 2797 791 2884 πόλεμον
810 2803 878 2864 τῶν
893 2800 1102 2877 Παρθυαίων

96 2891 168 2961 καὶ
168 2891 378 2979 Ρύμαίαν,“
357 2921 399 2971 ας
411 2897 617 2981 ἐπολέμησαν
628 2894 712 2980 πρὸς
725 2894 898 2982 άλλήλονς,
915 2892 1098 2976 ἀρξάμενος
1110 2907 1149 2959 52

96 2990 202 3070 εύβύς
212 2993 469 3110 ξυνισταμένου.
473 3001 493 3036 “
522 2993 605 3061 ὥστε
621 2995 702 3081 μετά
716 3021 754 3080 γε
769 2994 928 3076 τοιαύτην
949 2987 1054 3073 άρχην
1070 3015 1112 3055 τι

95 3089 136 3156 άν
151 3110 205 3157 σοι
220 3087 260 3157 τά
277 3089 376 3170 λοιπά
389 3095 552 3182 λέγοιμι,
550 3091 648 3160 ὁποῖα
661 3090 718 3159 ἐν’
714 3099 853 3177 Αρμενί
842 3116 862 3155 α
875 3087 1102 3173 ἐδημηγόρησε

94 3187 152 3255 τὸν
163 3191 395 3274 Κερκυραῖον
395 3187 499 3256 αύτδν
515 3173 649 3309 ῥύτορα
658 3189 968 3274 παραστησάμενος,
990 3211 1011 3270 η
998 3181 1101 3253 οἷον
1148 3210 1159 3224 ’·

93 3291 292 3374 Νισιβηνοῖς
307 3285 426 3373 λοιμὸν
436 3301 503 3366 τοῖς
514 3315 558 3374 μη
571 3287 610 3355 τά
621 3289 786 3374 Ῥωμαιων
797 3313 818 3352 α
820 3286 1035 3372 ίρουμένοις’
1019 3283 1100 3370 επη-

94 3413 173 3474 γαγε
185 3412 277 3469 παρα
267 3384 502 3453 Θουκυδίδου
513 3387 718 3472 χρησάμενος
729 3384 810 3454 ὅλον
821 3384 928 3471 άρδην
938 3382 1026 3470 πλην
1037 3411 1111 3469 μο-·
