2575 3842
383 141 833 224 ἰαπνοιιοαιααοε
1054 163 1114 225 421

78 326 190 394 ὥστε
214 325 287 409 οῗρα
305 324 384 412 ὑμῖν
397 331 602 410 λογίζεσθαι,
625 323 710 391 διότι
727 320 770 408 ήν
790 321 876 402 ἅπαξ
892 316 985 390 οὗτοι
1006 339 1117 392 πείσαι

80 422 158 490 τόν
178 430 260 511 βίον
277 429 491 507 δυνηθῶσιν,
516 418 557 487 ού
572 426 710 506 μετρίως
725 421 906 505 πεινήσετε.
929 427 977 497 τίς
992 419 1056 507 γὰρ
1072 417 1116 487 δν

84 527 144 587 ἔτι
163 522 313 588 θύσειεν
333 518 414 604 ύμῖν
435 522 537 587 πλέον
555 516 656 585 οὐδὲν
675 521 762 597 ἕξειν
782 522 997 601 προσδοκων;
1016 516 1038 586 δι’
1054 520 1116 603 μέν

85 615 166 708 γὰρ
184 615 355 703 ήΣελήνη
367 622 522 701 αἰτιᾶται,
540 617 662 695 πάντες
674 614 840 702 ήκούσατε
850 625 910 684 τοῦ
928 620 1026 696 ξένον
1036 619 1115 702 χθὲς

85 717 349 800 διηγουμένου·
371 712 455 800 πρὸς
465 722 568 782 ταῦτα
582 715 789 801 βουλεύεσθε
800 711 824 779 δι’
834 716 966 792 καὶτοῖς
976 713 1114 799 ἅνθρω-

90 825 189 890 ποις’
196 811 321 898 γένοιτ’
338 809 381 879 δν
398 811 637 898 ὠφελιμώτατα
653 814 707 880 καί
721 808 799 896 ἡμῖν
815 810 1055 897 ἀσφαλέστατα.

190 915 243 1002 33.
255 910 423 987 -Είπόντος
437 918 540 976 ταῦτα
555 917 616 976 τού
630 907 716 986 Διός
731 905 751 995 ἡ
768 913 922 996 ἐκκλησία
938 911 1105 995 διετεθρύ-

91 1017 201 1093 λητο,
229 1010 285 1075 καὶ
306 1005 412 1086 εὐθὺς
436 1009 543 1095 ἐβόων
564 1007 722 1092 ἅπαντες,
748 1008 982 1094 κεραύνωσον,
1011 1010 1101 1079 κατά·

95 1110 246 1191 φλεξον,
271 1109 460 1193 ἐπίτριψον,
485 1110 518 1183 ές
537 1103 574 1172 τὸ
593 1105 788 1192 βάραθρον,
810 1109 843 1183 ἐς
858 1103 918 1172 τόν
939 1108 1113 1193 Τάρταρον

96 1205 147 1283 ως
169 1203 253 1283 τούς
266 1210 438 1300 Γίγαντας.
463 1203 605 1290 ἡσυχίαν
624 1205 660 1270 δέ
676 1200 694 1270 ὁ
708 1201 794 1282 Ζεύς
812 1197 915 1299 αὖθις
931 1214 1113 1292 παραγγείν

99 1301 300 1386 λας,Ἕσται
317 1309 420 1369 ταῦτα
436 1299 479 1379 ὡς
492 1301 670 1389 βούλεσθε,
688 1307 762 1387 ἐφη,
780 1303 835 1369 καὶ
851 1303 973 1381 πάντες
987 1308 1114 1386 ἐπιτρί-
1215 1384 1217 1386 ,

100 1415 227 1481 ψονται
245 1398 327 1488 αὐτῇ
345 1405 547 1487 διαλεκτικῇ,
570 1394 659 1483 πλήν
671 1398 709 1464 τό
723 1423 761 1482 γε
775 1405 842 1465 νῦν
860 1397 944 1466 εἶναι
960 1398 1000 1467 ού
1014 1404 1113 1485 θέμις

100 1503 318 1581 κολασθῆναί
329 1522 418 1565 τινα·
441 1501 614 1582 ἱερομηνία
629 1495 694 1580 γάρ
711 1497 818 1582 ἐστιν,
834 1493 879 1573 ὡς
892 1506 977 1582 ἴστε,
995 1505 1112 1584 μηνῶν

102 1596 235 1661 τούτων
251 1596 430 1678 τεττάρων,
453 1598 509 1662 καὶ
522 1594 585 1680 ήδη
603 1592 665 1679 τήν
680 1596 860 1679 ἐκεχειρίαν
879 1595 1106 1681 περιηγγειλά-

103 1718 182 1779 μην.
199 1695 233 1770 ἐς
243 1696 348 1759 νέωτα
361 1686 424 1759 οὖν
435 1691 620 1778 ἀρχομένου
629 1684 709 1777 ήρος
719 1694 814 1759 κακοὶ
824 1701 935 1773 κακῶς
943 1691 1112 1761 ἀπολούν-

104 1817 158 1858 ται
172 1799 221 1880 τῷ
235 1794 424 1881 σμερδαλέω
440 1799 602 1880 κεραυνῷ.

210 1881 232 1975 ἦ
247 1892 300 1958 καὶ
317 1893 498 1976 κυανέησιν
512 1884 563 1955 ἐπ’
582 1885 708 1974 ὀφρύσι
723 1894 822 1954 νεύσε
838 1894 1003 1972 Κρονίων.
1129 1899 1180 1954 790

109 1991 158 2054 34.
174 1989 249 2070 περὶ
266 1991 301 2055 δέ
313 1994 497 2054 Μενίππου
506 1992 626 2069 ταῦτα,
643 1991 724 2069 ἔφη,
740 2010 797 2069 μοι
813 1988 920 2052 δοκεῖ·
942 2009 1112 2069 περιαιρε-

110 2090 209 2154 θέντα
228 2085 331 2155 αύτδν
347 2085 386 2154 τὰ
401 2087 514 2172 πτερά,
529 2089 585 2153 ἵνα
599 2084 643 2171 μή
659 2087 714 2153 καὶ
728 2077 830 2163 αὖθις
841 2090 924 2172 ἔλθη
939 2087 1028 2170 ποτέ,
1045 2083 1111 2152 ὑπό

110 2193 169 2252 τού
177 2183 299 2270 Ἑρμοῦ
313 2187 345 2263 ἐς
359 2183 421 2271 τήν
435 2194 499 2271 γῆν
513 2191 752 2269 κατενεχθῆναι
767 2185 919 2270 τήμερον.
944 2180 1001 2252 καὶ
1017 2183 1035 2251 ὁ
1050 2186 1113 2270 μὲν

116 2288 209 2348 ταῦτα
224 2278 326 2349 είπων
340 2285 470 2351 διέλυσε
485 2279 545 2351 τόν
561 2281 743 2366 σύλλογον,
766 2283 822 2368 ἐμὲ
838 2281 874 2348 δὲ
890 2278 908 2348 ὁ
925 2283 1112 2367 Κυλλήνιος

116 2387 170 2446 τοῦ
184 2384 293 2459 δεξιοῦ
314 2378 397 2459 ὠτός
414 2380 647 2468 ἀποκρεμάσας
661 2383 736 2461 περὶ
752 2381 895 2463 ἑσπέραν
914 2383 994 2467 χθὲς
1014 2387 1112 2450 κατέ-

114 2489 192 2564 θηκε
207 2482 320 2563 φέρων
333 2483 365 2558 ἐς
379 2479 439 2548 τὸν
454 2479 672 2566 Κεραμεικόν.

183 2574 329 2643 ’Ἁπαντα
345 2575 500 2662 ἀκήκοας,
515 2574 656 2662 ἅπαντα,
676 2569 832 2662 οδέταῐρε,
848 2573 888 2642 τό
904 2579 937 2656 ἐξ
952 2575 1109 2662 ούρανοῦ·

116 2671 219 2759 ἄπειμι
238 2681 356 2742 τοίνυν
375 2676 430 2742 καὶ
449 2689 516 2752 τοῖς
534 2677 571 2741 ἐν
585 2682 625 2761 τῇ
642 2681 783 2761 Ποικίλη
803 2682 1022 2758 περιπατοῦσι
1044 2681 1111 2740 τῶν

118 2771 302 2856 φιλοσόφων
316 2771 401 2839 αὐτὰ
416 2779 519 2839 ταῦτα
535 2768 842 2857 εὐαγγελιούμενος.

449 3075 773 3087 *mu-un*
