2575 3842
198 165 261 226 τοι
555 165 844 224 ΛοναιΑαον
1276 150 1278 235 λ

198 331 326 410 μᾶλλον
342 320 363 410 6
380 326 503 413 έπαίνφ
519 324 663 390 ἐοικέναι
679 348 735 408 μοι
749 328 848 392 δοκεῖ.
871 331 900 392 2.
917 329 1009 412 μέχρι
1024 324 1090 412 γὰρ
1107 331 1204 394 τοῦδε
1276 336 1279 439 ή

199 430 233 493 οί
246 430 374 492 ἔπαινοι
388 421 524 490 ἀνεκτοί
536 427 619 490 είσιν
634 423 667 498 ἐς
681 420 763 490 ὅσον
778 418 850 489 ἀνό
866 424 1105 510 ἐπαινούμενος
1116 451 1204 510 γνω-

199 527 269 609 ρίζη
283 521 423 588 ἕκαστον
439 527 507 586 τόν
523 522 712 604 λεγομένων
726 517 855 605 προσόν
870 525 991 611 ἑαυτῷ·
1012 519 1049 589 τό
1071 521 1107 588 66
1122 518 1204 605 ὑπὲρ
1277 442 1280 597 6

198 625 296 685 τοῦτο
308 618 484 702 ἀλλότριου
494 615 558 702 ήδη
570 617 624 683 καὶ
635 624 790 684 κολακεία
802 617 919 702 σαφής.
942 624 1049 686 καίτοι
1060 615 1204 696 πολλοὺς
1279 628 1280 693 λ

199 713 290 800 οἶδα,
312 720 393 800 ἐφη,
415 720 604 800 χαίροντας,
628 721 662 779 εί
674 739 723 790 τις
740 711 862 792 αὐτοὺς
882 717 1027 781 ἐπαινῶν
1048 717 1103 782 καὶ
1124 712 1203 799 άμῆ

200 819 311 898 έχουσι
326 811 511 897 προσάπτοι
532 815 576 899 τῷ
598 809 704 900 λόγῳ,
729 805 802 878 οἷον
821 817 850 878 εί
859 814 1023 897 γέροντας
1033 810 1133 889 ὄντας
1149 809 1204 877 εὐ-

200 915 381 995 δαιμονίζοι
396 915 453 993 τῆς
467 905 572 994 ἀκμῆς
586 903 607 993 6
619 904 784 993 ἀμόρφοις
799 902 875 977 οὖσι
889 907 926 977 τό
939 914 1070 994 Νιρέως
1084 910 1205 986 κάλλος

199 1005 220 1095 6
236 1006 273 1075 τό
290 1008 431 1083 Φάωνος
451 1011 620 1090 περιθείη·
656 1013 782 1073 οἴονται
797 1004 862 1091 γάρ
879 1003 945 1074 ὑπὸ
967 1016 1036 1074 τῶν
1059 1009 1205 1074 ἐπαίνων

199 1105 445 1191 ἀλλαγήσεσθαι
459 1109 553 1188 σφίσι
568 1100 690 1180 καὶτὰς
703 1102 835 1188 μορφάς
848 1107 902 1172 καὶ
913 1103 1007 1172 αὐτοὶ
1022 1103 1204 1191 ἀνηβήσειν

199 1197 301 1281 αὖθις
323 1200 433 1282 ὥσπερ
453 1198 472 1268 6
495 1208 617 1277 Πελίας
633 1197 724 1288 ρ’όετο.
758 1205 787 1268 3.
808 1198 845 1267 τό
867 1201 903 1268 δὲ
919 1199 979 1286 οὐχ
1001 1200 1107 1279 οὕτως
1124 1207 1202 1286 ἔχει·

199 1307 325 1370 πολλοῦ
340 1297 404 1386 γάρ
420 1295 464 1365 ἀν
479 1295 496 1364 6
513 1303 647 1374 ἔπαινος
661 1289 705 1382 ἦν
721 1303 842 1383 τίμιος,
867 1308 901 1366 εί
909 1325 941 1364 τι
956 1300 1011 1366 καὶ
1026 1304 1126 1383 ἔργον
1142 1295 1204 1363 αό-

198 1404 258 1464 τοῦ
276 1395 463 1464 ἀπολαῦσαι
485 1390 629 1462 δυνατόν
649 1386 693 1478 ήν
714 1397 751 1461 έκ
765 1402 823 1480 τῆς
836 1395 991 1482 τοιαότης
1006 1392 1200 1482 ὑπερβολῆς.

198 1504 263 1562 νῦν
280 1498 315 1562 66
330 1493 448 1580 ὅμοιόν
462 1519 518 1578 μοι
531 1496 707 1575 δοκοῦσιν,
725 1498 805 1579 ἔφη,
820 1494 976 1578 πάσχειν,
994 1490 1105 1577 ὥσπερ
1119 1487 1164 1558 ἀν
1176 1499 1208 1558 εί

198 1619 264 1659 τινι
283 1589 426 1680 ἀμόρφῳ
442 1602 654 1674 προσωπεῖον
671 1586 844 1675 εὔμορφον
863 1593 993 1676 ἐπιθείη
1009 1617 1058 1668 τις
1078 1591 1203 1675 φέρων,

199 1685 217 1753 6
233 1688 268 1755 δὲ
283 1690 365 1771 μέγα
380 1687 433 1754 ἐπί
449 1691 496 1776 τῷ
509 1686 621 1753 κάλλει
638 1691 797 1770 φρονοίη,
819 1687 992 1754 καὶταῦτα
1006 1690 1204 1771 περιαιρετῷ

199 1783 270 1850 όντι
288 1785 341 1850 καὶ
358 1780 424 1850 ὑπὸ
439 1788 501 1850 τοῦ
520 1779 678 1866 τυχόντος
696 1788 915 1901 συντριβῆναι
935 1786 1128 1871 δυναμένῳ,
1149 1779 1204 1846 ὅτε

199 1883 253 1950 καὶ
268 1881 475 2006 γελοιότερος
490 1877 534 1948 ἀν
552 1883 682 1965 γένοιτο
702 1877 963 1964 αὐτοπρόσωπος
979 1887 1154 1965 φανείς,ο
1135 1873 1205 1956 οἷος

199 2007 247 2048 ων
262 2007 310 2065 υφ
342 1982 402 2046 οιω
417 1982 596 2063 κέκρυπτο
618 1974 758 2064 ηκαὶ
720 2004 761 2063 νη
773 1977 830 2045 Δί
848 1989 935 2057 είτις
950 1977 1204 2064 υποόησαμενος

130 2089 180 2145 486
200 2078 389 2164 κοθόρνους
408 2074 525 2162 μικρός
548 2073 648 2153 αιἰιός
670 2100 718 2141 ων
740 2078 838 2159 ἐρίζοι
857 2078 932 2161 περὶ
951 2079 1115 2162 μεγέθους
1136 2089 1205 2152 τοῖς

198 2175 297 2245 άπόί
284 2179 440 2245 ίσοπέθον
457 2175 524 2266 ὅλῳ
541 2174 636 2261 πήχει
654 2170 882 2258 ὑπερέχουσιν.
912 2180 940 2242 4.
963 2177 1122 2261 ἐμέμνητο
1137 2171 1204 2259 γάρ

198 2279 253 2343 καὶ
267 2275 421 2342 τοιούτου
437 2275 535 2352 τινός.
566 2279 629 2357 έφη
644 2272 789 2356 γυναῖκά
804 2298 879 2340 τινα
893 2299 961 2340 των
975 2271 1200 2359 ἐπιφανῶν
1163 2299 1202 2340 τοι

198 2373 259 2455 μὲν
276 2368 359 2439 ἀλλα
380 2369 486 2456 καλήν
507 2372 561 2437 καί
577 2370 735 2454 κόσμιον,
761 2367 885 2454 μικράν
906 2373 942 2438 66
964 2374 1019 2440 καὶ
1038 2369 1125 2439 πολὺ
1142 2377 1205 2439 τοῦ

161 2467 163 2472 ’
198 2470 388 2552 συμμέτρου
400 2465 627 2550 ἀποδέουσαν,
643 2469 851 2535 ἐπαινεῖσθαι
867 2468 950 2551 πρός
960 2496 1049 2547 τινος
1063 2477 1205 2554 ποιητοῦ

197 2566 233 2632 έν
248 2563 368 2652 ᾅσματι
382 2563 422 2630 τά
436 2589 470 2630 τε
482 2562 565 2632 ἀλλα
577 2567 631 2632 καὶ
643 2563 694 2631 ότι
708 2566 792 2650 καλή
807 2593 841 2632 τε
858 2570 912 2634 καὶ
926 2568 1052 2652 μεγάλη
1066 2561 1128 2653 ήν·
1150 2574 1204 2635 αί-

196 2669 296 2752 γείρω
312 2659 342 2727 6'
362 2659 463 2747 αὐτῆς
478 2667 604 2742 είκαζεν
616 2664 740 2742 ἐκεῖνος
751 2663 787 2730 τό
805 2663 944 2750 εὕμηκές
955 2691 990 2732 τε
1004 2667 1059 2733 καὶ
1070 2664 1202 2749 όρθιον.

197 2759 258 2847 τήν
272 2761 334 2846 μὲν
350 2757 390 2845 66
406 2757 577 2845 γάνυσθαι
597 2766 642 2848 τῷ
659 2762 781 2851 ἐπαίνῳ
796 2764 949 2847 καθάπερ
971 2760 1205 2850 αὐξανομένην

122 2893 124 2898 ·
197 2857 280 2945 πρὸς
299 2886 336 2926 το
326 2857 451 2945 μέλος
466 2855 577 2926 καὶ
541 2885 603 2943 την
623 2871 714 2979 χειρα
731 2862 901 2944 ἐπισείειν,
926 2857 986 2926 τόν
1007 2859 1148 2947 ποιητήν
1168 2859 1204 2927 66

196 2955 401 3036 πολλάκις
366 2985 402 3025 το
419 2955 500 3025 αότο
490 2954 639 3024 66ew‘
625 2983 757 3038 ορωντα
775 2956 819 3037 ὡς
837 2958 951 3044 ήδοιτο
967 2962 1203 3082 ἐπαινουμένη,

197 3057 270 3144 ἀχρι
288 3057 328 3144 66
349 3085 417 3125 των
432 3057 610 3140 παρόντων
626 3054 701 3122 τινὰ
723 3057 964 3143 προσκόψαντα
980 3057 1064 3144 πρὸς
1086 3058 1123 3126 τὰ
1144 3052 1206 3136 οὖς

198 3163 302 3224 εἰπεῖν
318 3153 424 3244 αὐτῷ,
442 3159 618 3238 Πέπαυσο,
639 3146 666 3220 6
681 3147 794 3242 οὗτος,
811 3156 856 3284 μή
866 3156 1048 3244 ἀναστῆναι
1063 3157 1206 3244 ποιήσης

196 3281 258 3338 την
272 3268 423 3338 γυναῖκα.
452 3260 481 3321 5.
497 3253 730 3339 παραπλήσιον
750 3253 785 3322 δέ
805 3284 859 3323 και
849 3259 990 3348 μακρῷ
1007 3257 1130 3323 τούτου
1146 3281 1205 3341 γε·

196 3350 368 3434 λοιότερον
384 3358 615 3438 Στρατονίκην
630 3358 764 3438 ποιῆσαι
778 3352 839 3441 τήν
855 3355 1028 3424 Σελεύκου
1042 3367 1202 3440 γυναῖκα·
