2575 3842
159 200 221 263 100
514 200 805 260 ΛουΚιΑΝον
883 186 893 199 ”

157 361 242 428 νατά
258 386 315 445 μοι
335 352 434 438 οὗτος
452 362 688 445 προσέταττεν,
714 356 778 444 ε’γώ
795 359 830 425 δὲ
847 356 891 444 μη
912 358 1044 435 πάντως
1064 356 1167 425 ἅπασι

89 471 140 525 18²
159 459 241 544 μηδὲ
257 456 341 540 πρὸς
352 455 503 542 άνάγκην
517 455 702 543 ὑπήκουον.
725 462 791 523 νῦν
806 455 842 522 δὲ
856 453 919 541 ἤδη
931 458 1101 535 σκέψασθε
1113 459 1167 524 καὶ

158 553 211 625 οἷά
226 559 316 623 ἐστιν
327 553 432 622 αὐτοῦ
443 552 483 622 τά
495 554 712 641 ἐπιτάγματα·
735 557 803 622 ἐπεὶ
817 551 880 639 γάρ
896 554 951 639 ἐμὲ
963 554 1057 638 ἰάσω,
1074 561 1165 639 φησί,

157 653 341 740 μεμηνότα,
359 656 483 739 μέμηνε
499 652 603 721 δὲκαὶ
619 650 639 738 6
657 649 743 738 γυνη
760 654 815 719 καὶ
829 649 869 719 τά
883 650 982 738 όμοια
997 650 1164 737 πάσχει-

156 758 255 819 τοῦτο
268 748 333 837 γάρ
350 760 453 817 οἴεται
466 790 510 802 -
523 753 576 817 καὶ
594 748 660 817 ὑπό
676 758 743 817 τῶν
758 749 869 821 ἄλλων
881 747 1002 835 ὁμοίως
1013 745 1167 832 άπέγνω-

157 871 247 934 σται,
264 850 406 917 δύνασαι
417 852 452 917 δὲ
464 847 508 916 σύ
520 848 628 918 πάντα
641 848 684 929 ὡς
700 857 839 936 ἔδειξας,
855 857 894 918 ἰῶ
906 852 960 917 καὶ
972 850 1098 935 ταύτην
1112 850 1167 915 καὶ

159 946 344 1015 ἀπάλλαττε
365 945 428 1033 ἤδη
447 957 504 1033 τῆς
520 950 634 1016 νόσου.
667 956 766 1015 τοῦτο
788 948 824 1015 δὲ
839 945 960 1015 οὑτωσὶ
976 949 1037 1033 μὲν
1054 944 1167 1023 ἁπλῶς

159 1043 300 1111 άκοῦσαι
311 1044 402 1111 πάνυ
415 1043 556 1130 εὔλογον
568 1042 612 1111 άν
623 1046 746 1130 δόξειε,
763 1049 818 1114 καὶ
829 1046 971 1131 μάλιστα
982 1043 1097 1131 ίδιάτη
1112 1044 1166 1111 καὶ

158 1139 283 1231 ἀπείρῳ
298 1146 461 1226 ἰατρικῆς·
494 1149 524 1210 εί
538 1144 576 1210 δέ
593 1169 660 1226 μου
680 1141 858 1211 άκοόσαιτε
877 1141 962 1226 ὑπὲρ
981 1150 1038 1229 τῆς
1052 1144 1184 1226 τέχνης

159 1241 494 1324 δικαιολογουμένου,
515 1237 651 1325 μάθοιτ’
670 1237 713 1309 άν
734 1240 778 1321 ὡς
794 1240 871 1309 οὕτε
887 1240 996 1308 πάντα
1011 1239 1089 1325 ἡμῖν
1104 1243 1166 1305 δυ-

158 1334 242 1402 νατά
259 1336 349 1402 ἐστιν
363 1334 443 1403 οὔθ’
459 1341 496 1403 αί
509 1344 576 1403 τῶν
596 1340 795 1424 νοσημάτων
810 1340 929 1425 φύσεις
943 1339 1165 1424 παραπλήσιοι

157 1430 231 1499 οὔτ’
256 1441 343 1511 ίασις
363 1431 384 1518 6
406 1431 489 1519 αὕτη
506 1433 583 1501 οὔτε
605 1436 765 1521 φάρμακα
786 1435 826 1504 τά
848 1435 932 1504 αὐτά
954 1439 1006 1503 ἐπὶ
1027 1437 1165 1502 πάντων

157 1532 293 1616 ἰσχυρά,
318 1530 453 1608 καὶ,τότ’
471 1539 560 1600 ἔσται
582 1538 685 1619 δῆλον
702 1533 745 1613 ὡς
766 1536 924 1622 πάμπολυ
944 1541 1005 1601 τοῦ
1019 1531 1062 1619 μὴ
1081 1533 1165 1619 βοό-

157 1635 279 1694 λεσθαί
296 1627 379 1695 τιτὸ
395 1628 438 1715 μη
461 1632 631 1699 δυ’νασθαι
649 1636 809 1719 διαφέρει.
843 1632 1028 1719 ἀνάσχεσθε
1046 1636 1083 1699 δέ
1097 1656 1165 1716 μου

156 1720 197 1789 τά
208 1725 283 1809 περὶ
294 1725 423 1793 τούτων
434 1736 712 1814 φιλοσοφοῦντος,
725 1730 834 1817 καὶμὴ
846 1730 1070 1813 ἀπειρόκαλον
1081 1729 1163 1814 μηδὲ

159 1821 340 1905 ἐξαγώνιον
355 1827 437 1909 μηδὲ
452 1823 628 1911 άλλότριον
642 1823 664 1912 6
679 1826 820 1912 άκαιρον
835 1825 1008 1914 ἡγήσησθε
1018 1824 1077 1893 τόν
1088 1825 1163 1907 περὶ

157 1918 286 1985 κου’των
307 1922 418 2006 λόγον.
452 1930 503 1993 27.
523 1934 637 2009 πρώτα
657 1928 719 2011 μὲν
734 1925 774 2011 66
796 1927 959 2012 σωμάτων
973 1926 1092 2011 φάσεις
1109 1922 1162 1989 καλ

156 2016 291 2099 κράσεις
312 2017 372 2105 οὐχ
389 2026 425 2089 ac
444 2020 557 2109 αὐταί,
581 2019 645 2090 κάν
661 2022 711 2091 ὅτι
732 2024 872 2108 μάλιστα
892 2027 928 2091 ἐκ
948 2031 1016 2091 τάν
1039 2021 1161 2107 ὁμοίων

157 2116 359 2184 συνεστάναι
382 2117 625 2207 ὁμολογῶνται,
652 2118 735 2188 άλλά
762 2119 801 2187 τά
829 2121 890 2207 μὲν
910 2124 1031 2205 τοῖνδε,
1060 2116 1099 2186 τά
1128 2118 1163 2184 δὲ

157 2216 261 2280 τάνδε
276 2223 403 2300 μάλλον
414 2213 435 2302 6
447 2224 583 2286 ἔλαττον
597 2224 732 2304 μετέχει.
755 2222 809 2287 καὶ
819 2222 905 2306 λέγω
915 2228 1013 2286 τοῦτο
1028 2224 1075 2285 ἔτι
1090 2217 1162 2300 περὶ

157 2317 224 2375 τῶν
236 2308 416 2399 ἀνδρείων,
433 2313 477 2393 ὡς
492 2314 570 2383 οὐδὲ
584 2325 688 2384 ταῦτα
702 2325 805 2385 πᾶσιν
819 2328 874 2387 ίσα
888 2314 910 2404 6
921 2316 1020 2403 ὅμοια
1032 2314 1109 2384 οὔτε
1124 2324 1164 2401 τη

156 2408 273 2491 κράσει
295 2408 372 2477 οὔτε
390 2439 428 2500 τη
448 2416 620 2501 συστάσει,
644 2416 791 2532 διάφορα
808 2414 873 2502 γάρ
895 2414 935 2502 66
957 2418 1011 2482 καὶ
1029 2415 1163 2499 μεγέθει

156 2505 212 2570 καὶ
227 2503 337 2571 εἴδετ’
317 2508 451 2632 ανάγκη
459 2514 514 2578 και
528 2509 568 2578 τά
580 2514 750 2633 νοσηματα
767 2519 959 2602 ἐγγίνεσθαι
972 2512 1094 2597 αὐτοῖς,
1109 2513 1164 2578 καὶ

157 2599 196 2668 τά
212 2628 274 2686 μεν
289 2601 402 2671 εὐίατα
420 2606 505 2675 εἶναι
526 2613 581 2678 καὶ
596 2611 680 2696 πρός
695 2612 756 2699 τὴν
771 2621 955 2699 θεραπείαν
971 2612 1163 2679 ἀναπεπτα-

157 2702 257 2786 μένα,
272 2728 312 2767 τα
301 2699 364 2769 δὲ
380 2706 523 2773 τέλεον’
504 2714 744 2796 απεγνωσμένα
758 2738 812 2780 και
802 2714 945 2801 ῥᾳδίως
960 2708 1163 2793 ἁλισκόμενα

156 2800 212 2866 καλ
232 2798 314 2865 κατά
337 2802 457 2885 κράτος
472 2804 538 2873 ὑπὸ
554 2816 622 2876 τῶν
642 2811 841 2897 νοσημάτων
857 2811 1103 2898 λαμβανόμενα.
1124 2802 1162 2873 τδ

89 2912 140 2966 183
157 2905 275 2965 τοίνυν
290 2910 420 2971 οἴεσθαι
439 2906 547 2972 πάντα
567 2904 748 2993 πυρετὸνῆ
766 2917 877 2977 πᾶσαν
893 2910 1009 2995 φθοην
1025 2935 1046 2993 η
1068 2931 1163 2989 περι-

157 2997 398 3085 πνευμονίανῆ
415 3011 538 3088 μανίαν
558 3014 638 3092 μίαν
655 3008 784 3092 καλιὴν
801 3004 907 3126 αὐτην
924 3001 1031 3073 οὖσαν
1045 3013 1091 3095 τῷ
1106 3008 1163 3090 γε’-

156 3119 207 3159 νει
217 3091 336 3177 ὁμοίαν
350 3100 403 3168 ἐπλ
416 3100 539 3182 παντός
554 3105 638 3173 εἶναι
652 3106 818 3191 σώματος,
838 3102 878 3173 06
890 3104 1162 3190 σωφρονούντων

157 3188 235 3259 0666
254 3200 500 3317 λελογισμένων
522 3201 600 3271 οὐδὲ
623 3201 662 3271 τά
687 3213 822 3273 τοιαῦτα
847 3205 1052 3291 ἐξητακότων
1073 3202 1163 3269 ἐστὶν

156 3285 368 3378 ἀνθρώπων,
386 3292 469 3364 άλλά
490 3298 527 3366 τὸ
549 3299 630 3369 αὐτὰ
652 3306 689 3371 ἐν
709 3306 816 3393 μὲν
785 3308 869 3370 τωδε
892 3304 1012 3392 ῥάδιον
1032 3307 1161 3383 λάσθαι,

157 3386 193 3450 ἐν
207 3385 243 3452 δὲ
257 3390 398 3475 τῷδε’
358 3397 477 3463 ουκέτι.
502 3396 612 3487 ὥσπερ
625 3400 715 3488 οἶμαι
730 3405 783 3473 καὶ
800 3399 911 3487 πυρόν
924 3397 968 3487 ἢν
982 3396 1041 3467 τόν
1056 3395 1163 3466 αὐτόν
