<?xml version="1.0" encoding="UTF-8"?>
<!DOCTYPE html PUBLIC "-//W3C//DTD XHTML 1.0 Transitional//EN"
    "http://www.w3.org/TR/xhtml1/DTD/xhtml1-transitional.dtd">
<html xmlns="http://www.w3.org/1999/xhtml" xml:lang="en" lang="en">
 <head>
  <title>
</title>
<meta http-equiv="Content-Type" content="text/html;charset=utf-8" />
  <meta name='ocr-system' content='tesseract 3.04.00' />
  <meta name='ocr-capabilities' content='ocr_page ocr_carea ocr_par ocr_line ocrx_word'/>
</head>
<body>
  <div class='ocr_page' id='page_1' title='image "./operaadoptimoru00jacogoog/operaadoptimoru00jacogoog_0215.png"; bbox 0 0 2575 3842; ppageno 0'>
   <div class='ocr_carea' id='block_1_1' title="bbox 466 195 1121 262">
    <p class='ocr_par' dir='ltr' id='par_1_1' title="bbox 466 195 1121 262">
     <span class='ocr_line' id='line_1_1' title="bbox 466 195 1121 262; baseline 0.003 -4"><span class='ocrx_word' id='word_1_1' title='bbox 466 195 773 262; x_wconf 85' lang='grc' dir='ltr'><em>ΛΕΞἿΦΑΝΗΣ.</em></span> <span class='ocrx_word' id='word_1_2' title='bbox 1062 196 1121 260; x_wconf 83' lang='grc'><strong><em>171</em></strong></span> 
     </span>
    </p>
   </div>
   <div class='ocr_carea' id='block_1_2' title="bbox 344 461 1191 542">
    <p class='ocr_par' dir='ltr' id='par_1_2' title="bbox 344 461 1191 542">
     <span class='ocr_line' id='line_1_2' title="bbox 344 461 1191 542; baseline -0.004 -8"><span class='ocrx_word' id='word_1_3' title='bbox 344 461 895 542; x_wconf 76' lang='grc' dir='ltr'><em>ΛΕΞΙΦΑΝΗΣ.</em></span> <span class='ocrx_word' id='word_1_4' title='bbox 1140 476 1191 531; x_wconf 80' lang='grc'><strong><em>317</em></strong></span> 
     </span>
    </p>
   </div>
   <div class='ocr_carea' id='block_1_3' title="bbox 112 636 1192 3460">
    <p class='ocr_par' dir='ltr' id='par_1_3' title="bbox 203 636 1088 726">
     <span class='ocr_line' id='line_1_3' title="bbox 203 636 1088 726; baseline -0.001 -21"><span class='ocrx_word' id='word_1_5' title='bbox 203 643 230 706; x_wconf 93' lang='lat' dir='ltr'><strong><em>l.</em></strong></span> <span class='ocrx_word' id='word_1_6' title='bbox 255 647 469 708; x_wconf 72' lang='lat' dir='ltr'><em>AYKINOZ.</em></span> <span class='ocrx_word' id='word_1_7' title='bbox 492 639 681 724; x_wconf 79' lang='grc' dir='ltr'><em>Λεξιφάνης</em></span> <span class='ocrx_word' id='word_1_8' title='bbox 694 636 712 704; x_wconf 86' lang='grc' dir='ltr'>ὁ</span> <span class='ocrx_word' id='word_1_9' title='bbox 727 637 828 716; x_wconf 85' lang='grc' dir='ltr'><strong><em>καλός</em></strong></span> <span class='ocrx_word' id='word_1_10' title='bbox 844 637 925 726; x_wconf 80' lang='grc' dir='ltr'><strong><em>μετὰ</em></strong></span> <span class='ocrx_word' id='word_1_11' title='bbox 940 644 1088 725; x_wconf 88' lang='grc' dir='ltr'><strong><em>βιβλίου;</em></strong></span> 
     </span>
    </p>

    <p class='ocr_par' dir='ltr' id='par_1_4' title="bbox 112 729 1192 922">
     <span class='ocr_line' id='line_1_4' title="bbox 201 729 1192 823; baseline -0.005 -19"><span class='ocrx_word' id='word_1_12' title='bbox 201 743 294 814; x_wconf 75' lang='grc' dir='ltr'><em>ΛΕΞ.</em></span> <span class='ocrx_word' id='word_1_13' title='bbox 323 735 378 823; x_wconf 82' lang='grc' dir='ltr'><strong><em>Νὴ</em></strong></span> <span class='ocrx_word' id='word_1_14' title='bbox 392 734 468 821; x_wconf 87' lang='grc' dir='ltr'><strong><em>Δί’,</em></strong></span> <span class='ocrx_word' id='word_1_15' title='bbox 492 729 518 802; x_wconf 84' lang='grc' dir='ltr'><strong><em>ῶ</em></strong></span> <span class='ocrx_word' id='word_1_16' title='bbox 535 742 674 819; x_wconf 77' lang='grc' dir='ltr'><strong><em>Λυκῖνε,</em></strong></span> <span class='ocrx_word' id='word_1_17' title='bbox 697 736 832 822; x_wconf 77' lang='grc' dir='ltr'><strong><em>γράμμα</em></strong></span> <span class='ocrx_word' id='word_1_18' title='bbox 853 739 920 804; x_wconf 78' lang='grc' dir='ltr'><strong><em>ἐστὶ</em></strong></span> <span class='ocrx_word' id='word_1_19' title='bbox 940 735 1075 821; x_wconf 84' lang='grc' dir='ltr'><strong><em>τητινόν</em></strong></span> <span class='ocrx_word' id='word_1_20' title='bbox 1091 761 1121 801; x_wconf 94' lang='grc' dir='ltr'><strong><em>τι</em></strong></span> <span class='ocrx_word' id='word_1_21' title='bbox 1140 746 1192 800; x_wconf 79' lang='grc'><strong><em>318</em></strong></span> 
     </span>
     <span class='ocr_line' id='line_1_5' title="bbox 112 834 592 922; baseline 0.002 -24"><span class='ocrx_word' id='word_1_22' title='bbox 112 841 184 899; x_wconf 87' lang='grc' dir='ltr'><strong><em>τῶν</em></strong></span> <span class='ocrx_word' id='word_1_23' title='bbox 201 836 289 919; x_wconf 95' lang='grc' dir='ltr'><strong><em>ἐμῶν</em></strong></span> <span class='ocrx_word' id='word_1_24' title='bbox 305 838 425 922; x_wconf 83' lang='grc' dir='ltr'><strong><em>κομιδή</em></strong></span> <span class='ocrx_word' id='word_1_25' title='bbox 441 834 592 919; x_wconf 89' lang='grc' dir='ltr'><strong><em>νεοχμόν.</em></strong></span> 
     </span>
    </p>

    <p class='ocr_par' dir='ltr' id='par_1_5' title="bbox 203 928 1101 1017">
     <span class='ocr_line' id='line_1_6' title="bbox 203 928 1101 1017; baseline 0 -20"><span class='ocrx_word' id='word_1_26' title='bbox 203 936 301 999; x_wconf 74' lang='lat' dir='ltr'><em>AYK.</em></span> <span class='ocrx_word' id='word_1_27' title='bbox 315 929 401 1015; x_wconf 82' lang='grc' dir='ltr'><strong><em>Ἤδη</em></strong></span> <span class='ocrx_word' id='word_1_28' title='bbox 418 931 483 1016; x_wconf 87' lang='grc' dir='ltr'><strong><em>γα’ρ</em></strong></span> <span class='ocrx_word' id='word_1_29' title='bbox 497 958 528 997; x_wconf 89' lang='grc' dir='ltr'><strong><em>τι</em></strong></span> <span class='ocrx_word' id='word_1_30' title='bbox 543 932 684 1015; x_wconf 74' lang='grc' dir='ltr'><strong><em>καὶπερὶ</em></strong></span> <span class='ocrx_word' id='word_1_31' title='bbox 699 928 835 1015; x_wconf 85' lang='grc' dir='ltr'><strong><em>αὐχμῶν</em></strong></span> <span class='ocrx_word' id='word_1_32' title='bbox 848 928 928 1015; x_wconf 82' lang='grc' dir='ltr'><strong><em>ἡμῖν</em></strong></span> <span class='ocrx_word' id='word_1_33' title='bbox 944 930 1101 1017; x_wconf 79' lang='grc' dir='ltr'><strong><em>γρόφεις;</em></strong></span> 
     </span>
    </p>

    <p class='ocr_par' dir='ltr' id='par_1_6' title="bbox 113 1023 1122 1307">
     <span class='ocr_line' id='line_1_7' title="bbox 201 1023 1122 1113; baseline 0.004 -20"><span class='ocrx_word' id='word_1_34' title='bbox 201 1031 298 1103; x_wconf 72' lang='grc' dir='ltr'><em>ΛΕΞ.</em></span> <span class='ocrx_word' id='word_1_35' title='bbox 322 1025 373 1097; x_wconf 84' lang='grc' dir='ltr'><strong><em>Οὐ</em></strong></span> <span class='ocrx_word' id='word_1_36' title='bbox 388 1033 486 1113; x_wconf 82' lang='grc' dir='ltr'><strong><em>δῆτα,</em></strong></span> <span class='ocrx_word' id='word_1_37' title='bbox 508 1024 586 1095; x_wconf 71' lang='grc' dir='ltr'><strong><em>οὐδὲ</em></strong></span> <span class='ocrx_word' id='word_1_38' title='bbox 600 1023 729 1113; x_wconf 79' lang='grc' dir='ltr'><strong><em>αὐχμόν</em></strong></span> <span class='ocrx_word' id='word_1_39' title='bbox 745 1026 856 1111; x_wconf 78' lang='grc' dir='ltr'><strong><em>εἶπον,</em></strong></span> <span class='ocrx_word' id='word_1_40' title='bbox 878 1025 961 1096; x_wconf 76' lang='grc' dir='ltr'><strong><em>ἀλλὰ</em></strong></span> <span class='ocrx_word' id='word_1_41' title='bbox 979 1027 1048 1113; x_wconf 86' lang='grc' dir='ltr'><strong><em>ῶρα</em></strong></span> <span class='ocrx_word' id='word_1_42' title='bbox 1068 1047 1122 1097; x_wconf 90' lang='grc' dir='ltr'><strong><em>σοι</em></strong></span> 
     </span>
     <span class='ocr_line' id='line_1_8' title="bbox 113 1120 1122 1212; baseline 0.003 -22"><span class='ocrx_word' id='word_1_43' title='bbox 113 1121 153 1190; x_wconf 90' lang='grc' dir='ltr'>τὸ</span> <span class='ocrx_word' id='word_1_44' title='bbox 171 1120 372 1211; x_wconf 74' lang='grc' dir='ltr'><strong><em>ἀρτιγραφὲς</em></strong></span> <span class='ocrx_word' id='word_1_45' title='bbox 388 1124 476 1192; x_wconf 79' lang='grc' dir='ltr'><strong><em>οὕτω</em></strong></span> <span class='ocrx_word' id='word_1_46' title='bbox 493 1133 615 1192; x_wconf 82' lang='grc' dir='ltr'><strong><em>καλεῖν.</em></strong></span> <span class='ocrx_word' id='word_1_47' title='bbox 648 1121 691 1191; x_wconf 85' lang='grc' dir='ltr'><strong><em>σύ</em></strong></span> <span class='ocrx_word' id='word_1_48' title='bbox 706 1124 743 1191; x_wconf 80' lang='grc' dir='ltr'><strong><em>δέ</em></strong></span> <span class='ocrx_word' id='word_1_49' title='bbox 762 1125 994 1212; x_wconf 71' lang='grc' dir='ltr'><strong><em>κυψελόβυστα</em></strong></span> <span class='ocrx_word' id='word_1_50' title='bbox 1013 1132 1122 1204; x_wconf 82' lang='grc' dir='ltr'><strong><em>ἔοικας</em></strong></span> 
     </span>
     <span class='ocr_line' id='line_1_9' title="bbox 114 1217 348 1307; baseline 0 -19"><span class='ocrx_word' id='word_1_51' title='bbox 114 1225 203 1307; x_wconf 79' lang='grc' dir='ltr'><strong><em>ἐχειν</em></strong></span> <span class='ocrx_word' id='word_1_52' title='bbox 216 1221 257 1289; x_wconf 85' lang='grc' dir='ltr'><strong><em>τόι</em></strong></span> <span class='ocrx_word' id='word_1_53' title='bbox 273 1217 348 1290; x_wconf 88' lang='grc' dir='ltr'><strong><em>ῶτα.</em></strong></span> 
     </span>
    </p>

    <p class='ocr_par' dir='ltr' id='par_1_7' title="bbox 113 1312 1122 1600">
     <span class='ocr_line' id='line_1_10' title="bbox 201 1312 1121 1406; baseline -0.001 -18"><span class='ocrx_word' id='word_1_54' title='bbox 201 1327 302 1388; x_wconf 70' lang='grc' dir='ltr'><em>ΛΤΚ.</em></span> <span class='ocrx_word' id='word_1_55' title='bbox 324 1321 526 1406; x_wconf 78' lang='grc' dir='ltr'><strong><em>Σόγγνωθι,</em></strong></span> <span class='ocrx_word' id='word_1_56' title='bbox 545 1312 571 1385; x_wconf 86' lang='grc' dir='ltr'><strong><em>ῶ</em></strong></span> <span class='ocrx_word' id='word_1_57' title='bbox 588 1321 711 1404; x_wconf 75' lang='grc' dir='ltr'><strong><em>ἑταῖρε·</em></strong></span> <span class='ocrx_word' id='word_1_58' title='bbox 734 1321 820 1387; x_wconf 83' lang='grc' dir='ltr'><strong><em>πολύ</em></strong></span> <span class='ocrx_word' id='word_1_59' title='bbox 835 1317 899 1405; x_wconf 80' lang='grc' dir='ltr'><strong><em>γὰρ</em></strong></span> <span class='ocrx_word' id='word_1_60' title='bbox 913 1329 975 1388; x_wconf 87' lang='grc' dir='ltr'><strong><em>τοῦ</em></strong></span> <span class='ocrx_word' id='word_1_61' title='bbox 991 1320 1121 1406; x_wconf 80' lang='grc' dir='ltr'><strong><em>αὐχμοῦ</em></strong></span> 
     </span>
     <span class='ocr_line' id='line_1_11' title="bbox 114 1414 1122 1509; baseline 0.005 -27"><span class='ocrx_word' id='word_1_62' title='bbox 114 1414 153 1482; x_wconf 84' lang='grc' dir='ltr'><strong><em>τό</em></strong></span> <span class='ocrx_word' id='word_1_63' title='bbox 172 1415 315 1503; x_wconf 83' lang='grc' dir='ltr'><strong><em>νεοχμόν</em></strong></span> <span class='ocrx_word' id='word_1_64' title='bbox 331 1422 464 1504; x_wconf 83' lang='grc' dir='ltr'><strong><em>μετέχει.</em></strong></span> <span class='ocrx_word' id='word_1_65' title='bbox 494 1415 567 1484; x_wconf 78' lang='grc' dir='ltr'><strong><em>ἀλλ’</em></strong></span> <span class='ocrx_word' id='word_1_66' title='bbox 587 1421 660 1486; x_wconf 82' lang='grc' dir='ltr'><strong><em>εἰπέ</em></strong></span> <span class='ocrx_word' id='word_1_67' title='bbox 674 1443 745 1504; x_wconf 88' lang='grc' dir='ltr'><strong><em>μοι,</em></strong></span> <span class='ocrx_word' id='word_1_68' title='bbox 768 1425 817 1496; x_wconf 87' lang='grc' dir='ltr'><strong><em>τίς</em></strong></span> <span class='ocrx_word' id='word_1_69' title='bbox 836 1418 854 1486; x_wconf 85' lang='grc' dir='ltr'><strong>ὁ</strong></span> <span class='ocrx_word' id='word_1_70' title='bbox 876 1426 957 1498; x_wconf 84' lang='grc' dir='ltr'><strong><em>νοῦς</em></strong></span> <span class='ocrx_word' id='word_1_71' title='bbox 972 1427 1017 1509; x_wconf 82' lang='grc' dir='ltr'><strong><em>τῶ</em></strong></span> <span class='ocrx_word' id='word_1_72' title='bbox 1038 1440 1122 1503; x_wconf 91' lang='grc' dir='ltr'><strong><em>συγ-</em></strong></span> 
     </span>
     <span class='ocr_line' id='line_1_12' title="bbox 113 1515 300 1600; baseline -0.021 0"><span class='ocrx_word' id='word_1_73' title='bbox 113 1515 300 1600; x_wconf 55' lang='lat' dir='ltr'><strong><em>rodanum</em></strong></span> 
     </span>
    </p>

    <p class='ocr_par' dir='ltr' id='par_1_8' title="bbox 199 1609 1041 1703">
     <span class='ocr_line' id='line_1_13' title="bbox 199 1609 1041 1703; baseline 0.002 -24"><span class='ocrx_word' id='word_1_74' title='bbox 199 1614 294 1688; x_wconf 70' lang='grc' dir='ltr'><em>ΛΕΞ.</em></span> <span class='ocrx_word' id='word_1_75' title='bbox 311 1609 611 1697; x_wconf 78' lang='grc' dir='ltr'><strong><em>Ἀντισνμποσιάζω</em></strong></span> <span class='ocrx_word' id='word_1_76' title='bbox 627 1620 672 1700; x_wconf 77' lang='grc' dir='ltr'><strong><em>τῷ</em></strong></span> <span class='ocrx_word' id='word_1_77' title='bbox 683 1610 878 1695; x_wconf 75' lang='grc' dir='ltr'><strong><em>Ἀρίστωνος</em></strong></span> <span class='ocrx_word' id='word_1_78' title='bbox 891 1618 928 1682; x_wconf 89' lang='grc' dir='ltr'><strong><em>ἐν</em></strong></span> <span class='ocrx_word' id='word_1_79' title='bbox 943 1613 1041 1703; x_wconf 78' lang='grc' dir='ltr'><strong><em>αὐτῷ.</em></strong></span> 
     </span>
    </p>

    <p class='ocr_par' dir='ltr' id='par_1_9' title="bbox 116 1709 1120 1894">
     <span class='ocr_line' id='line_1_14' title="bbox 200 1709 1120 1796; baseline 0.002 -20"><span class='ocrx_word' id='word_1_80' title='bbox 200 1717 300 1778; x_wconf 73' lang='lat' dir='ltr'><em>AYK.</em></span> <span class='ocrx_word' id='word_1_81' title='bbox 322 1712 446 1778; x_wconf 81' lang='grc' dir='ltr'><strong><em>Πολλοὶ</em></strong></span> <span class='ocrx_word' id='word_1_82' title='bbox 466 1713 527 1796; x_wconf 79' lang='grc' dir='ltr'><strong><em>μὲν</em></strong></span> <span class='ocrx_word' id='word_1_83' title='bbox 547 1715 582 1778; x_wconf 86' lang='grc' dir='ltr'><strong><em>οί</em></strong></span> <span class='ocrx_word' id='word_1_84' title='bbox 599 1709 806 1793; x_wconf 80' lang='grc' dir='ltr'><strong><em>Ἀρίστωνες·</em></strong></span> <span class='ocrx_word' id='word_1_85' title='bbox 839 1711 882 1780; x_wconf 80' lang='grc' dir='ltr'>σύ</span> <span class='ocrx_word' id='word_1_86' title='bbox 898 1714 934 1780; x_wconf 74' lang='grc' dir='ltr'><strong><em>δὲ</em></strong></span> <span class='ocrx_word' id='word_1_87' title='bbox 955 1711 1038 1780; x_wconf 83' lang='grc' dir='ltr'><strong><em>ὅσον</em></strong></span> <span class='ocrx_word' id='word_1_88' title='bbox 1054 1709 1120 1778; x_wconf 81' lang='grc' dir='ltr'><strong><em>ἀπὸ</em></strong></span> 
     </span>
     <span class='ocr_line' id='line_1_15' title="bbox 116 1803 972 1894; baseline 0.001 -20"><span class='ocrx_word' id='word_1_89' title='bbox 116 1815 177 1874; x_wconf 84' lang='grc' dir='ltr'><strong><em>τοῦ</em></strong></span> <span class='ocrx_word' id='word_1_90' title='bbox 193 1812 382 1891; x_wconf 83' lang='grc' dir='ltr'><strong><em>συμποσίου</em></strong></span> <span class='ocrx_word' id='word_1_91' title='bbox 398 1803 457 1872; x_wconf 82' lang='grc' dir='ltr'><strong><em>τόν</em></strong></span> <span class='ocrx_word' id='word_1_92' title='bbox 471 1807 636 1874; x_wconf 79' lang='grc' dir='ltr'><strong><em>Πλάτωνά</em></strong></span> <span class='ocrx_word' id='word_1_93' title='bbox 652 1834 709 1894; x_wconf 88' lang='grc' dir='ltr'><strong><em>μοι</em></strong></span> <span class='ocrx_word' id='word_1_94' title='bbox 726 1812 840 1888; x_wconf 84' lang='grc' dir='ltr'><strong><em>ἐδοξας</em></strong></span> <span class='ocrx_word' id='word_1_95' title='bbox 855 1812 972 1893; x_wconf 78' lang='grc' dir='ltr'><strong><em>λέγειν.</em></strong></span> 
     </span>
    </p>

    <p class='ocr_par' dir='ltr' id='par_1_10' title="bbox 115 1901 1121 2086">
     <span class='ocr_line' id='line_1_16' title="bbox 201 1901 1121 1993; baseline 0.003 -23"><span class='ocrx_word' id='word_1_96' title='bbox 201 1907 295 1980; x_wconf 75' lang='grc' dir='ltr'><em>ΛΕΞ.</em></span> <span class='ocrx_word' id='word_1_97' title='bbox 321 1901 448 1985; x_wconf 75' lang='grc' dir='ltr'><strong><em>Ὀρθῶς</em></strong></span> <span class='ocrx_word' id='word_1_98' title='bbox 468 1901 625 1989; x_wconf 78' lang='grc' dir='ltr'><strong><em>ἀνέγνως.</em></strong></span> <span class='ocrx_word' id='word_1_99' title='bbox 658 1901 694 1971; x_wconf 86' lang='grc' dir='ltr'>τό</span> <span class='ocrx_word' id='word_1_100' title='bbox 717 1906 753 1972; x_wconf 73' lang='grc' dir='ltr'><strong><em>δὲ</em></strong></span> <span class='ocrx_word' id='word_1_101' title='bbox 773 1905 955 1991; x_wconf 89' lang='grc' dir='ltr'><strong><em>λεγόμενον</em></strong></span> <span class='ocrx_word' id='word_1_102' title='bbox 973 1903 1015 1984; x_wconf 84' lang='grc' dir='ltr'><strong><em>ῶς</em></strong></span> <span class='ocrx_word' id='word_1_103' title='bbox 1032 1905 1121 1993; x_wconf 74' lang='grc' dir='ltr'><strong><em>ἄλλῳ</em></strong></span> 
     </span>
     <span class='ocr_line' id='line_1_17' title="bbox 115 1993 496 2086; baseline 0 -18"><span class='ocrx_word' id='word_1_104' title='bbox 115 2001 214 2068; x_wconf 81' lang='grc' dir='ltr'><strong><em>παντί</em></strong></span> <span class='ocrx_word' id='word_1_105' title='bbox 226 1998 372 2086; x_wconf 77' lang='grc' dir='ltr'><strong><em>ἀνόητον</em></strong></span> <span class='ocrx_word' id='word_1_106' title='bbox 386 1996 430 2067; x_wconf 77' lang='grc' dir='ltr'><strong><em>όν</em></strong></span> <span class='ocrx_word' id='word_1_107' title='bbox 444 1993 496 2085; x_wconf 88' lang='grc' dir='ltr'><strong><em>ήν.</em></strong></span> 
     </span>
    </p>

    <p class='ocr_par' dir='ltr' id='par_1_11' title="bbox 112 2095 1190 2381">
     <span class='ocr_line' id='line_1_18' title="bbox 200 2095 1121 2184; baseline -0.004 -18"><span class='ocrx_word' id='word_1_108' title='bbox 200 2104 299 2166; x_wconf 73' lang='lat' dir='ltr'><em>AYK.</em></span> <span class='ocrx_word' id='word_1_109' title='bbox 324 2095 461 2166; x_wconf 77' lang='grc' dir='ltr'><strong><em>Οὐκοῦν</em></strong></span> <span class='ocrx_word' id='word_1_110' title='bbox 481 2095 576 2184; x_wconf 86' lang='grc' dir='ltr'><strong><em>ὀλίγα</em></strong></span> <span class='ocrx_word' id='word_1_111' title='bbox 594 2123 650 2182; x_wconf 89' lang='grc' dir='ltr'><strong><em>μοι</em></strong></span> <span class='ocrx_word' id='word_1_112' title='bbox 667 2095 772 2164; x_wconf 82' lang='grc' dir='ltr'><strong><em>αὐτοῦ</em></strong></span> <span class='ocrx_word' id='word_1_113' title='bbox 793 2095 969 2182; x_wconf 75' lang='grc' dir='ltr'><strong><em>ἀνάγνωθι</em></strong></span> <span class='ocrx_word' id='word_1_114' title='bbox 990 2104 1050 2162; x_wconf 86' lang='grc' dir='ltr'><strong><em>τοῦ</em></strong></span> <span class='ocrx_word' id='word_1_115' title='bbox 1067 2105 1121 2183; x_wconf 93' lang='grc' dir='ltr'><strong><em>βι-</em></strong></span> 
     </span>
     <span class='ocr_line' id='line_1_19' title="bbox 112 2195 1190 2285; baseline -0.002 -19"><span class='ocrx_word' id='word_1_116' title='bbox 112 2204 223 2285; x_wconf 90' lang='grc' dir='ltr'><strong><em>βλίον,</em></strong></span> <span class='ocrx_word' id='word_1_117' title='bbox 235 2195 324 2276; x_wconf 81' lang='grc' dir='ltr'><strong><em>ὅπως</em></strong></span> <span class='ocrx_word' id='word_1_118' title='bbox 334 2196 378 2283; x_wconf 87' lang='grc' dir='ltr'><strong><em>μή</em></strong></span> <span class='ocrx_word' id='word_1_119' title='bbox 391 2197 602 2266; x_wconf 77' lang='grc' dir='ltr'><strong><em>παντάπασιν</em></strong></span> <span class='ocrx_word' id='word_1_120' title='bbox 613 2195 854 2284; x_wconf 74' lang='grc' dir='ltr'><strong><em>ἀπολειποίμην</em></strong></span> <span class='ocrx_word' id='word_1_121' title='bbox 863 2204 919 2282; x_wconf 85' lang='grc' dir='ltr'><strong><em>τής</em></strong></span> <span class='ocrx_word' id='word_1_122' title='bbox 930 2195 1118 2274; x_wconf 76' lang='grc' dir='ltr'><strong><em>ἑστιάσεως·</em></strong></span> <span class='ocrx_word' id='word_1_123' title='bbox 1137 2209 1190 2264; x_wconf 82' lang='grc'><strong><em>319</em></strong></span> 
     </span>
     <span class='ocr_line' id='line_1_20' title="bbox 114 2291 1075 2381; baseline -0.001 -21"><span class='ocrx_word' id='word_1_124' title='bbox 114 2298 275 2376; x_wconf 85' lang='grc' dir='ltr'><strong><em>νέκταρος</em></strong></span> <span class='ocrx_word' id='word_1_125' title='bbox 283 2294 348 2380; x_wconf 81' lang='grc' dir='ltr'><strong><em>γάρ</em></strong></span> <span class='ocrx_word' id='word_1_126' title='bbox 361 2319 449 2372; x_wconf 92' lang='grc' dir='ltr'><strong><em>τινος</em></strong></span> <span class='ocrx_word' id='word_1_127' title='bbox 461 2301 570 2373; x_wconf 86' lang='grc' dir='ltr'><strong><em>ἐοικας</em></strong></span> <span class='ocrx_word' id='word_1_128' title='bbox 581 2295 788 2381; x_wconf 73' lang='grc' dir='ltr'><strong><em>οἰνοχοήσειν</em></strong></span> <span class='ocrx_word' id='word_1_129' title='bbox 798 2292 879 2381; x_wconf 82' lang='grc' dir='ltr'><strong><em>ἡμῖν</em></strong></span> <span class='ocrx_word' id='word_1_130' title='bbox 888 2292 948 2362; x_wconf 81' lang='grc' dir='ltr'><strong><em>ἀπ’</em></strong></span> <span class='ocrx_word' id='word_1_131' title='bbox 961 2291 1075 2361; x_wconf 83' lang='grc' dir='ltr'><strong><em>αὐτοῦ.</em></strong></span> 
     </span>
    </p>

    <p class='ocr_par' dir='ltr' id='par_1_12' title="bbox 113 2388 1122 2674">
     <span class='ocr_line' id='line_1_21' title="bbox 198 2388 1122 2480; baseline 0 -20"><span class='ocrx_word' id='word_1_132' title='bbox 198 2394 294 2468; x_wconf 78' lang='grc' dir='ltr'><em>ΛΕΞ.</em></span> <span class='ocrx_word' id='word_1_133' title='bbox 320 2388 389 2459; x_wconf 85' lang='grc' dir='ltr'><strong><em>Τόν</em></strong></span> <span class='ocrx_word' id='word_1_134' title='bbox 405 2395 465 2478; x_wconf 72' lang='grc' dir='ltr'><strong><em>μὲν</em></strong></span> <span class='ocrx_word' id='word_1_135' title='bbox 486 2401 609 2473; x_wconf 87' lang='grc' dir='ltr'><strong><em>είρωνα</em></strong></span> <span class='ocrx_word' id='word_1_136' title='bbox 625 2397 723 2461; x_wconf 73' lang='grc' dir='ltr'><strong><em>πεδοτ</em></strong></span> <span class='ocrx_word' id='word_1_137' title='bbox 740 2394 918 2480; x_wconf 84' lang='grc' dir='ltr'><strong><em>κατάβαλε·</em></strong></span> <span class='ocrx_word' id='word_1_138' title='bbox 949 2390 991 2460; x_wconf 82' lang='grc' dir='ltr'><strong><em>σύ</em></strong></span> <span class='ocrx_word' id='word_1_139' title='bbox 1013 2393 1050 2461; x_wconf 74' lang='grc' dir='ltr'><strong><em>δὲ</em></strong></span> <span class='ocrx_word' id='word_1_140' title='bbox 1064 2390 1122 2460; x_wconf 79' lang='grc' dir='ltr'><strong><em>εὔ-</em></strong></span> 
     </span>
     <span class='ocr_line' id='line_1_22' title="bbox 114 2483 1121 2579; baseline -0.002 -21"><span class='ocrx_word' id='word_1_141' title='bbox 114 2515 203 2574; x_wconf 93' lang='grc' dir='ltr'><strong><em>πορα</em></strong></span> <span class='ocrx_word' id='word_1_142' title='bbox 215 2490 354 2575; x_wconf 82' lang='grc' dir='ltr'><strong><em>ποιήσας</em></strong></span> <span class='ocrx_word' id='word_1_143' title='bbox 368 2488 407 2557; x_wconf 81' lang='grc' dir='ltr'><strong><em>τοὶ</em></strong></span> <span class='ocrx_word' id='word_1_144' title='bbox 426 2483 492 2558; x_wconf 84' lang='grc' dir='ltr'><strong><em>ῶτα</em></strong></span> <span class='ocrx_word' id='word_1_145' title='bbox 502 2488 565 2577; x_wconf 83' lang='grc' dir='ltr'><strong><em>ήδη</em></strong></span> <span class='ocrx_word' id='word_1_146' title='bbox 577 2488 688 2557; x_wconf 79' lang='grc' dir='ltr'><strong><em>ῶκονε.</em></strong></span> <span class='ocrx_word' id='word_1_147' title='bbox 711 2489 841 2559; x_wconf 80' lang='grc' dir='ltr'><strong><em>ἀπέστω</em></strong></span> <span class='ocrx_word' id='word_1_148' title='bbox 854 2489 923 2576; x_wconf 73' lang='grc' dir='ltr'><strong><em>δέή</em></strong></span> <span class='ocrx_word' id='word_1_149' title='bbox 940 2492 1121 2579; x_wconf 80' lang='grc' dir='ltr'><strong><em>ἐπιβύστρα</em></strong></span> 
     </span>
     <span class='ocr_line' id='line_1_23' title="bbox 113 2585 310 2674; baseline -0.01 -20"><span class='ocrx_word' id='word_1_150' title='bbox 113 2585 135 2674; x_wconf 85' lang='grc' dir='ltr'><strong><em>ή</em></strong></span> <span class='ocrx_word' id='word_1_151' title='bbox 154 2592 310 2667; x_wconf 78' lang='grc' dir='ltr'><strong><em>Κυψελίς.</em></strong></span> 
     </span>
    </p>

    <p class='ocr_par' dir='ltr' id='par_1_13' title="bbox 113 2685 1121 2872">
     <span class='ocr_line' id='line_1_24' title="bbox 201 2685 1121 2774; baseline 0.002 -22"><span class='ocrx_word' id='word_1_152' title='bbox 201 2693 300 2754; x_wconf 73' lang='grc' dir='ltr'><em>ΛΤΚ.</em></span> <span class='ocrx_word' id='word_1_153' title='bbox 325 2689 408 2770; x_wconf 79' lang='grc' dir='ltr'><strong><em>Λέγε</em></strong></span> <span class='ocrx_word' id='word_1_154' title='bbox 427 2694 583 2772; x_wconf 78' lang='grc' dir='ltr'><strong><em>θαρρῶν,</em></strong></span> <span class='ocrx_word' id='word_1_155' title='bbox 607 2685 652 2766; x_wconf 83' lang='grc' dir='ltr'><strong><em>ῶς</em></strong></span> <span class='ocrx_word' id='word_1_156' title='bbox 673 2693 784 2774; x_wconf 80' lang='grc' dir='ltr'><strong><em>ἔμοιγε</em></strong></span> <span class='ocrx_word' id='word_1_157' title='bbox 805 2688 881 2755; x_wconf 79' lang='grc' dir='ltr'><strong><em>οὔτε</em></strong></span> <span class='ocrx_word' id='word_1_158' title='bbox 898 2689 1052 2769; x_wconf 71' lang='grc' dir='ltr'><strong><em>Κύψελός</em></strong></span> <span class='ocrx_word' id='word_1_159' title='bbox 1073 2714 1121 2766; x_wconf 87' lang='grc' dir='ltr'><strong><em>τις</em></strong></span> 
     </span>
     <span class='ocr_line' id='line_1_25' title="bbox 113 2783 793 2872; baseline 0 -20"><span class='ocrx_word' id='word_1_160' title='bbox 113 2783 194 2852; x_wconf 84' lang='grc' dir='ltr'><strong><em>οὔτε</em></strong></span> <span class='ocrx_word' id='word_1_161' title='bbox 209 2788 416 2868; x_wconf 88' lang='grc' dir='ltr'><strong><em>Περίανδρος</em></strong></span> <span class='ocrx_word' id='word_1_162' title='bbox 431 2787 468 2852; x_wconf 90' lang='grc' dir='ltr'><strong><em>ἐν</em></strong></span> <span class='ocrx_word' id='word_1_163' title='bbox 482 2798 550 2863; x_wconf 72' lang='grc' dir='ltr'><strong><em>τοῖς</em></strong></span> <span class='ocrx_word' id='word_1_164' title='bbox 564 2783 623 2853; x_wconf 80' lang='grc' dir='ltr'><strong><em>ῶσὶ</em></strong></span> <span class='ocrx_word' id='word_1_165' title='bbox 639 2787 793 2872; x_wconf 78' lang='grc' dir='ltr'><strong><em>κάθηται.</em></strong></span> 
     </span>
    </p>

    <p class='ocr_par' dir='ltr' id='par_1_14' title="bbox 113 2875 1121 3162">
     <span class='ocr_line' id='line_1_26' title="bbox 201 2875 1121 2969; baseline 0.001 -20"><span class='ocrx_word' id='word_1_166' title='bbox 201 2885 295 2957; x_wconf 59' lang='lat' dir='ltr'><strong><em>Am.</em></strong></span> <span class='ocrx_word' id='word_1_167' title='bbox 319 2882 446 2950; x_wconf 87' lang='grc' dir='ltr'><strong><em>Σκόπει</em></strong></span> <span class='ocrx_word' id='word_1_168' title='bbox 469 2880 509 2967; x_wconf 87' lang='grc' dir='ltr'><strong><em>δή</em></strong></span> <span class='ocrx_word' id='word_1_169' title='bbox 527 2884 665 2969; x_wconf 80' lang='grc' dir='ltr'><strong><em>μεταξύ,</em></strong></span> <span class='ocrx_word' id='word_1_170' title='bbox 689 2881 779 2961; x_wconf 81' lang='grc' dir='ltr'><strong><em>ὅπως</em></strong></span> <span class='ocrx_word' id='word_1_171' title='bbox 800 2886 1070 2968; x_wconf 75' lang='grc' dir='ltr'><strong><em>διαπεραίνομαι,</em></strong></span> <span class='ocrx_word' id='word_1_172' title='bbox 1094 2875 1121 2950; x_wconf 80' lang='grc' dir='ltr'><strong><em>ῶ</em></strong></span> 
     </span>
     <span class='ocr_line' id='line_1_27' title="bbox 113 2975 1120 3065; baseline -0.002 -18"><span class='ocrx_word' id='word_1_173' title='bbox 113 2987 256 3060; x_wconf 79' lang='grc' dir='ltr'><strong><em>Λυκῖνε,</em></strong></span> <span class='ocrx_word' id='word_1_174' title='bbox 282 2975 341 3045; x_wconf 84' lang='grc' dir='ltr'><strong><em>τόν</em></strong></span> <span class='ocrx_word' id='word_1_175' title='bbox 357 2979 474 3064; x_wconf 90' lang='grc' dir='ltr'><strong><em>λόγον,</em></strong></span> <span class='ocrx_word' id='word_1_176' title='bbox 503 2987 532 3048; x_wconf 88' lang='grc' dir='ltr'><strong><em>εέ</em></strong></span> <span class='ocrx_word' id='word_1_177' title='bbox 552 2979 690 3065; x_wconf 79' lang='grc' dir='ltr'><strong><em>εὔαρχός</em></strong></span> <span class='ocrx_word' id='word_1_178' title='bbox 706 2982 744 3046; x_wconf 78' lang='grc' dir='ltr'><strong><em>κε’</em></strong></span> <span class='ocrx_word' id='word_1_179' title='bbox 761 2981 897 3046; x_wconf 76' lang='grc' dir='ltr'><strong><em>ἐστικαὶ</em></strong></span> <span class='ocrx_word' id='word_1_180' title='bbox 917 2976 1045 3064; x_wconf 83' lang='grc' dir='ltr'><strong><em>πολλήν</em></strong></span> <span class='ocrx_word' id='word_1_181' title='bbox 1059 2977 1120 3064; x_wconf 82' lang='grc' dir='ltr'><strong><em>τήν</em></strong></span> 
     </span>
     <span class='ocr_line' id='line_1_28' title="bbox 114 3074 1118 3162; baseline -0.002 -16"><span class='ocrx_word' id='word_1_182' title='bbox 114 3076 273 3161; x_wconf 80' lang='grc' dir='ltr'><strong><em>εὐλογίαν</em></strong></span> <span class='ocrx_word' id='word_1_183' title='bbox 293 3076 563 3162; x_wconf 77' lang='grc' dir='ltr'><strong><em>ἐπιδεικνύμενος</em></strong></span> <span class='ocrx_word' id='word_1_184' title='bbox 582 3079 637 3146; x_wconf 78' lang='grc' dir='ltr'><strong><em>καὶ</em></strong></span> <span class='ocrx_word' id='word_1_185' title='bbox 653 3075 792 3161; x_wconf 82' lang='grc' dir='ltr'><strong><em>εὔλεξις,</em></strong></span> <span class='ocrx_word' id='word_1_186' title='bbox 815 3082 861 3144; x_wconf 78' lang='grc' dir='ltr'><strong><em>ἔτι</em></strong></span> <span class='ocrx_word' id='word_1_187' title='bbox 883 3074 919 3143; x_wconf 74' lang='grc' dir='ltr'><strong><em>δὲ</em></strong></span> <span class='ocrx_word' id='word_1_188' title='bbox 937 3074 1118 3162; x_wconf 84' lang='grc' dir='ltr'><strong><em>εὐῶνυμος.</em></strong></span> 
     </span>
    </p>

    <p class='ocr_par' dir='ltr' id='par_1_15' title="bbox 114 3171 1119 3354">
     <span class='ocr_line' id='line_1_29' title="bbox 199 3171 1119 3259; baseline 0 -18"><span class='ocrx_word' id='word_1_189' title='bbox 199 3180 299 3242; x_wconf 78' lang='lat' dir='ltr'><em>AYK.</em></span> <span class='ocrx_word' id='word_1_190' title='bbox 317 3171 427 3242; x_wconf 84' lang='grc' dir='ltr'><strong><em>Ἕσικε</em></strong></span> <span class='ocrx_word' id='word_1_191' title='bbox 447 3180 596 3253; x_wconf 83' lang='grc' dir='ltr'><strong><em>τοιοῦτος</em></strong></span> <span class='ocrx_word' id='word_1_192' title='bbox 620 3173 704 3242; x_wconf 77' lang='grc' dir='ltr'><strong><em>εἶναι</em></strong></span> <span class='ocrx_word' id='word_1_193' title='bbox 726 3174 783 3252; x_wconf 91' lang='grc' dir='ltr'><strong><em>σός</em></strong></span> <span class='ocrx_word' id='word_1_194' title='bbox 805 3199 844 3259; x_wconf 89' lang='grc' dir='ltr'><strong><em>γε</em></strong></span> <span class='ocrx_word' id='word_1_195' title='bbox 864 3171 922 3241; x_wconf 89' lang='grc' dir='ltr'><strong><em>ῶν.</em></strong></span> <span class='ocrx_word' id='word_1_196' title='bbox 960 3172 1033 3243; x_wconf 78' lang='grc' dir='ltr'><strong><em>ἀλλ’</em></strong></span> <span class='ocrx_word' id='word_1_197' title='bbox 1059 3173 1119 3258; x_wconf 77' lang='grc' dir='ltr'><strong><em>ἅρ-</em></strong></span> 
     </span>
     <span class='ocr_line' id='line_1_30' title="bbox 114 3273 268 3354; baseline -0.013 -14"><span class='ocrx_word' id='word_1_198' title='bbox 114 3277 168 3354; x_wconf 84' lang='grc' dir='ltr'><strong><em>ξαι</em></strong></span> <span class='ocrx_word' id='word_1_199' title='bbox 179 3273 268 3340; x_wconf 83' lang='grc' dir='ltr'><strong><em>ποτέ.</em></strong></span> 
     </span>
    </p>

    <p class='ocr_par' dir='ltr' id='par_1_16' title="bbox 199 3362 1121 3460">
     <span class='ocr_line' id='line_1_31' title="bbox 199 3362 1121 3460; baseline 0.005 -23"><span class='ocrx_word' id='word_1_200' title='bbox 199 3375 228 3437; x_wconf 77' lang='lat'><strong><em>2.</em></strong></span> <span class='ocrx_word' id='word_1_201' title='bbox 250 3373 343 3444; x_wconf 72' lang='grc' dir='ltr'><em>ΛΕΞ.</em></span> <span class='ocrx_word' id='word_1_202' title='bbox 368 3367 470 3455; x_wconf 67' lang='grc' dir='ltr'><strong><em>,Εἶτα</em></strong></span> <span class='ocrx_word' id='word_1_203' title='bbox 487 3371 725 3457; x_wconf 80' lang='grc' dir='ltr'><strong><em>δειπνήσομεν,</em></strong></span> <span class='ocrx_word' id='word_1_204' title='bbox 746 3362 814 3457; x_wconf 90' lang='grc' dir='ltr'><strong><em>ήδ’</em></strong></span> <span class='ocrx_word' id='word_1_205' title='bbox 833 3366 870 3448; x_wconf 84' lang='grc' dir='ltr'><strong><em>δς</em></strong></span> <span class='ocrx_word' id='word_1_206' title='bbox 890 3367 1121 3460; x_wconf 77' lang='grc' dir='ltr'><strong><em>ὁΚαλλικλῆς,</em></strong></span> 
     </span>
    </p>
   </div>
   <div class='ocr_carea' id='block_1_4' title="bbox 0 0 1294 3842">
    <p class='ocr_par' dir='ltr' id='par_1_17' title="bbox 0 0 1294 3842">
     <span class='ocr_line' id='line_1_32' title="bbox 0 0 1294 3842; baseline 0 0"><span class='ocrx_word' id='word_1_207' title='bbox 0 0 1294 3842; x_wconf 95' lang='lat' dir='ltr'><strong><em> </em></strong></span> 
     </span>
    </p>
   </div>
  </div>
 </body>
</html>
