2575 3842
355 191 885 251 ΑΠΟΚΗΡΤΤΤΟΜΕΝΟΣ.
1063 194 1121 259 101

114 352 149 427 ἐς
169 347 356 431 διαφόρους
374 348 483 432 χώρας
499 347 658 434 ἐμβάλῃς,
685 347 792 426 άλλως
807 351 869 434 μὲν
889 355 925 418 ἐν
944 360 983 440 τῃ
1005 358 1124 441 πεδινῇ

114 448 171 513 καί
190 452 312 533 βαθείᾳ
333 447 389 511 καλ
404 447 598 531 ποτιζομένῃ
618 446 674 511 καὶ
692 442 813 534 εὐηλίῳ
829 448 883 513 καὶ
901 445 1050 539 εὐηνέμῳ
1069 452 1123 515 καλ

113 543 349 627 ἐξειργασμένῃ
363 538 587 625 ἀναφύσεται,
609 538 755 626 εὐθαλὴς
775 539 936 625 οἶμαικαὶ
960 543 1123 630 εὔτροφος

113 644 169 707 καί
192 639 359 724 πολύχους
377 639 520 723 καρπός,
545 636 653 715 άλλως
675 640 710 705 δὲ
737 642 774 705 ἐν
798 638 869 724 ὅρει
893 644 947 708 καί
968 639 1122 729 ὑπολίθῳ

112 742 236 825 γηδίῳ,
252 735 361 814 άλλως
377 738 413 803 δέ
430 738 466 802 ἐν
482 740 643 824 δυσηλίῳ,
663 733 770 814 άλλως
785 736 820 803 δέ
832 739 868 803 ἐν
883 735 1048 828 ὑπωρείᾳ,
1066 742 1122 807 καὶ

114 832 202 911 ὅλως
217 833 388 917 διαφόρως
408 830 489 899 καθ’
508 833 666 910 ἑκάστους
687 833 823 911 τόπους·
856 833 945 901 οὔτω
960 836 996 903 δὲ
1011 840 1065 903 καὶ
1080 833 1121 903 τὰ

114 929 284 1015 νοσήματα
300 926 389 1013 παρὰ
398 926 477 1005 τούς
486 924 754 1014 ὑποδεξαμένους
764 929 916 1018 τόπουςῆ
928 932 1055 1018 εὔφορα
1067 936 1121 1001 καλ

115 1024 264 1111 εὔτροφα
276 1021 298 1112 ἢ
310 1026 433 1093 ἐλάττω
443 1032 599 1109 γίγνεται.
623 1034 721 1093 τοῦτο
733 1035 849 1095 τοίνυν
861 1028 1009 1118 ὑπερβάς
1025 1029 1043 1097 ὁ
1057 1056 1121 1098 πα-

115 1121 174 1208 τὴρ
191 1126 246 1189 καλ
259 1120 340 1189 ὅλον
350 1119 565 1201 ἀνεξέταστον
580 1122 771 1191 καταλιπών
783 1124 987 1205 ἀξιοῖπᾶσαν
997 1135 1121 1214 μανίαν

115 1219 176 1307 τὴν
194 1224 230 1287 ἐν
251 1219 372 1288 ἅπαντι
386 1220 514 1305 σάματι
535 1218 655 1305 ὁμοίαν
673 1219 757 1288 είναι
777 1226 831 1289 καὶ
852 1223 913 1309 τὴν
936 1234 1120 1312 θεραπείαν

116 1327 201 1402 ίσην.
225 1324 275 1387 28.
294 1315 378 1401 πρὸς
391 1319 428 1384 δέ
443 1316 574 1394 τούτοις
589 1318 752 1396 τοιούτοις
767 1312 866 1387 οὐσιν
881 1320 931 1389 ότι
946 1322 985 1390 τά
1000 1350 1121 1408 γυναι-

115 1430 188 1483 κεῖα
204 1415 338 1501 σώματα
351 1415 511 1500 πάμπολυ
524 1421 593 1479 τῶν
607 1412 772 1499 ἀνδρείων
784 1421 979 1503 διαφέρουσι
992 1421 1074 1506 πρός
1085 1445 1120 1487 τε

115 1512 221 1579 νόσου
240 1509 409 1597 διαφοράν
426 1512 578 1596 καὶπρὸς
595 1521 775 1594 θεραπείας
791 1518 907 1583 ἐλπίδα
924 1513 945 1602 ἦ
964 1515 1120 1601 ἀπόγνω-

116 1636 170 1682 σιυ
185 1613 304 1703 ῥηίδιον
317 1624 538 1701 καταμαθεῖν·
559 1613 599 1681 τά
616 1615 678 1700 μὲν
691 1614 756 1701 γάρ
767 1624 835 1683 τῦν
846 1615 980 1698 ἀνδρῶν
992 1612 1119 1697 εὐπαγῆ

115 1714 171 1779 καί
185 1707 305 1778 εὔτονα
321 1711 437 1789 πόνοις
454 1713 509 1779 καλ
522 1711 672 1797 κινήσεσι
689 1715 744 1779 καλ
757 1709 927 1801 ὑπαιθρίῳ
940 1716 1047 1797 διαίτῃ
1065 1735 1121 1794 γε-

114 1809 344 1893 γυμνασμένα,
351 1808 391 1874 ταὶ
401 1811 437 1875 δέ
447 1814 567 1875 ἔκλυτα
576 1806 828 1895 καλάσυμπαγῆ,
836 1811 1121 1895 ἐσκιατροφημένα

115 1908 169 1973 καί
185 1903 288 1973 λευκά
304 1909 440 1991 αἵματος
456 1909 565 1995 ἐνδείᾳ
586 1908 641 1972 καλ
657 1913 788 1992 θερμοῦ
804 1906 926 1995 ἀπορίᾳ
943 1910 998 1973 καὶ
1012 1905 1120 1991 ὑγροῦ

116 2004 281 2091 ἐπιρροίᾳ·
311 2001 538 2089 εὐαλωτότερα
558 2008 675 2069 τοίνυν
699 2010 767 2070 τῦν
787 2001 951 2086 ἀνδρείων
973 2004 1027 2069 καί
1050 2012 1120 2077 ταῖς

115 2100 228 2177 νόσοις
243 2101 414 2185 ἐκκείμενα
435 2102 490 2167 καλ
508 2096 570 2185 τὴν
584 2108 675 2167 ίασιν
689 2097 730 2167 οὐ
751 2100 969 2185 περιμένοντα
983 2100 1038 2164 καλ
1054 2097 1120 2182 μά·
1141 2108 1188 2163 184

115 2206 210 2266 λιστα
232 2195 315 2283 πρὸς
338 2203 457 2283 μανίας
477 2194 703 2284 εὐχερέστερα·
737 2195 793 2264 ὔτε
813 2194 878 2284 γὺρ
899 2193 986 2264 πολὺ
1008 2194 1069 2281 μὲν
1082 2192 1118 2261 τό

115 2293 253 2381 ὀργίλον
270 2298 324 2363 καί
347 2303 479 2380 κοῦφον
499 2298 554 2363 καί
568 2292 765 2381 ὀξυκίνητον
780 2300 930 2381 έχονσαι,
953 2291 1070 2381 ὀλίγην
1085 2291 1121 2360 δέ

116 2392 177 2479 τὴν
194 2400 255 2461 τοῦ
275 2393 425 2480 σώματος
447 2392 551 2461 αὐτοῦ
572 2393 735 2477 δύναμιν,
761 2395 882 2483 ῥᾳδίως
904 2396 936 2471 ἐς
952 2391 988 2459 τό
1010 2391 1121 2469 πάθος

115 2499 215 2560 τοῦτο
226 2492 538 2560 κατολισθάνουσιν.
563 2498 612 2559 29.
630 2489 673 2559 οὐ
684 2496 813 2561 δίκαιον
824 2499 940 2560 τοίνυν
950 2488 1039 2575 παρὰ
1052 2497 1120 2557 τῦν

116 2596 240 2674 ίατρῦν
254 2586 316 2675 τὴν
334 2588 453 2675 ὑμοίαν
467 2586 519 2656 ἐπ’
541 2585 668 2674 ἀμφοῖν
682 2597 867 2674 θεραπείαν
881 2588 1048 2671 ἀπαιτεῖν,
1073 2594 1121 2655 εί-

118 2689 216 2765 δότας
232 2684 275 2764 ὡς
288 2685 375 2755 πολύ
386 2686 469 2755 τούν
480 2688 586 2776 μέσῳ,
604 2693 666 2776 βίῳ
681 2691 780 2755 παντί
790 2690 848 2755 καί.
859 2690 1016 2773 πράξεσιν
1029 2686 1121 2763 ὅλαις

116 2789 171 2852 καί
186 2791 289 2852 πᾶσιν
304 2786 559 2872 ἐπιτηδεύμασιν
571 2788 604 2865 ἐξ
621 2786 721 2872 ἀρχῆς
736 2782 841 2864 εὐθὺς
856 2786 1118 2871 κεχωρισμένων.

115 2881 198 2950 όταν
213 2891 329 2951 τοίνυν
350 2886 447 2971 λέγῃς
468 2883 518 2952 ότι
532 2887 673 2970 μέμηνε,
698 2891 872 2970 προστίθει
893 2887 947 2952 καὶ
968 2882 1018 2950 ὅτι
1034 2880 1120 2967 γυνη

115 2972 201 3047 οὐσα
215 2984 355 3067 μέμηνε,
372 2980 484 3068 καὶμὴ
499 2983 613 3068 σύγχει
627 2989 729 3049 ταῦτα
745 2981 853 3048 πάντα
870 2988 915 3071 τῷ
930 2987 987 3065 τῆς
1002 2986 1121 3064 μανίας

115 3077 256 3165 ὑπάγων
271 3076 411 3165 ὀνόματι
427 3082 475 3148 ἑνί
492 3083 545 3147 καὶ
563 3086 608 3167 τῷ
624 3078 714 3169 αὐτῷ
729 3084 901 3165 δοκοῦντι,
923 3076 1006 3146 ἀλλὰ
1021 3083 1121 3163 χωρί-

115 3197 190 3265 σας,
207 3175 318 3263 όόσπερ
330 3180 397 3245 ἐστὶ
407 3181 461 3245 καλ
473 3181 510 3246 ἐν
520 3185 560 3266 τῃ
572 3178 689 3263 φύσει,
705 3175 740 3245 τό
755 3176 902 3245 δυνατόν
913 3175 968 3264 ἐφ’
981 3177 1121 3245 ἑκάστου

115 3276 244 3344 σκόπει·
268 3278 322 3344 καί
341 3274 407 3362 γάρ
424 3274 532 3363 ἡμεῖς,
556 3273 639 3362 ὅπερ
655 3279 691 3344 ἐν
705 3274 789 3366 ἀρχῇ
802 3283 870 3345 τῶν
892 3278 1002 3364 λόγων
1017 3272 1120 3344 είπύν

115 3375 298 3461 μέμνημαι,
315 3381 413 3441 τοῦτο
429 3381 562 3460 πρῶτον
577 3377 838 3463 ἐπισκοποῦμεν,
854 3376 959 3463 φύσιν
971 3374 1120 3464 σάματος
