2575 3842
170 170 232 234 284
532 175 822 234 AOPKIANOY
870 126 875 132 ·

170 339 287 418 ἔργον,
312 335 411 418 μέρος
425 334 486 419 μὲν
502 342 563 401 τοῦ
577 340 706 420 μισθοῦ
727 341 772 423 τῷ
789 338 1019 422 δεσμοφύλακι
1033 344 1179 422 καταβα-
1273 308 1274 349 ¹

170 429 239 501 λῶν
253 430 397 499 τιθασὸν
413 431 503 522 αὐτῷ
520 435 575 499 καὶ
594 430 763 517 εἰρηνικόν
774 430 987 518 ἀπειργάζετο
999 430 1120 517 αύτόν,
1142 432 1179 499 τὸ

169 527 289 599 λοιπόν
311 531 346 597 δὲ
376 537 421 608 είς
442 529 504 616 τῆν
527 537 588 598 τοῦ
612 537 715 616 φίλου
736 539 922 616 θεραπείαν
945 537 1067 608 ίκανῶς
1087 528 1179 619 αύτῷ

170 628 307 712 διῆρκει.
328 627 455 706 καὶτὰς
469 629 531 713 μὲν
552 625 676 713 ἡμέρας
689 635 801 712 παρῆν
816 635 862 717 τῳ
880 625 1055 718 Ἀντιφίλῳ
1069 652 1179 711 παρα-

170 725 404 812 μυθούμενος,
423 727 493 794 ἐπεὶ
506 728 542 793 δὲ
553 723 615 804 νύξ
625 728 822 812 καταλάβοι,
840 725 954 811 ὀλίγον
965 725 1030 809 πρὸ
1042 733 1099 810 τῆς
1109 728 1178 792 θύ-

171 849 230 908 ρας
239 829 299 889 τού
310 827 537 909 δεσμωτηρίου
546 823 720 910 στιβάδιόν
728 849 760 889 τι
770 823 994 908 ποιησάμενος
1002 826 1058 892 καλ
1066 824 1178 908 φύλλα

170 919 422 1008 ὑποβαλόμενος
435 919 628 989 ἀνεπαύετο.
642 920 768 1007 χρόνον
776 921 837 1006 μέν
849 914 912 987 ούν
922 948 997 988 τινα
1007 920 1095 989 ούτω
1105 926 1177 1007 διῆ-

170 1043 249 1103 γον,
268 1015 380 1085 είσιῶν
395 1017 456 1103 μὲν
467 1016 485 1085 6
497 1018 690 1105 Δημήτριος
704 1015 898 1103 ἀκωλύτως,
915 1021 1000 1106 ῥᾷον
1014 1019 1050 1085 δέ
1063 1020 1176 1102 φέρων
1277 1009 1279 1023 '

169 1114 231 1203 τῆν
242 1114 423 1203 συμφοράν
435 1113 452 1184 6
465 1113 660 1202 Ἀντίφιλος.
682 1122 733 1185 32.
744 1114 888 1202 ὕστερον
899 1119 935 1183 δὲ
946 1113 1179 1194 ἀποθανόντος
1278 1172 1279 1183 .

173 1217 208 1281 ἐν
224 1222 269 1305 τῷ
285 1219 498 1305 δεσμωτηρίῳ
509 1221 633 1304 λῃστοῦ
646 1240 737 1292 τινος
747 1211 812 1280 ὑπὸ
829 1214 1032 1299 φαρμάκων,
1048 1210 1093 1291 ῶς
1104 1213 1179 1280 ἐδό-

171 1339 236 1395 κει,
255 1313 394 1402 φυλακήΙ
402 1339 436 1381 τε
453 1311 592 1398 ἀκριβῆς
606 1314 736 1398 έγένετο
751 1314 806 1381 καὶ
821 1311 931 1380 ούκέτι
948 1313 1067 1398 παρῆει
1082 1318 1128 1389 είς
1141 1309 1177 1378 τό

171 1420 291 1497 οἴκημα
304 1409 383 1478 ούδε
395 1405 440 1488 είς
451 1419 519 1478 τῶν
530 1411 707 1495 δεομένων.
732 1410 788 1496 ἐφ’
800 1407 849 1489 οἷς
861 1410 998 1492 ἀπορῶν
1008 1412 1064 1478 καὶ
1075 1408 1178 1478 ἀνιῶ-

100 1529 151 1582 541
172 1536 287 1596 μενος,
303 1508 366 1577 ούκ
378 1514 462 1594 ἔχων
477 1506 584 1586 άλλως
597 1523 752 1591 παρεῖναι
765 1516 811 1599 τῷ
822 1512 956 1599 ἑταίρῳ,
971 1509 1178 1594 προσαγγέλ-

170 1615 220 1673 λει
236 1604 357 1673 ἑαυτὸν
377 1601 489 1672 έλθῶν
504 1604 588 1690 πρὸς
602 1600 665 1672 τόν
681 1602 868 1692 ἁρμοστήν,
889 1604 933 1684 ῶς
952 1615 1002 1691 είη
1017 1630 1179 1673 κεκοινω-

170 1700 280 1789 νηκός
291 1709 347 1788 τῆς
356 1704 409 1771 ἐπὶ
420 1699 481 1770 τόν
489 1701 651 1791 ’Ἀνουβιν
662 1705 848 1790 ἐπιβουλῆς.
866 1701 955 1781 ὡςδὲ
966 1710 1063 1770 τούτο
1076 1701 1179 1784 εἶπεν,

170 1797 314 1885 ἀπήγετο
328 1796 434 1878 εύθύς
445 1805 491 1879 είς
503 1797 540 1868 τό
557 1801 801 1887 δεσμωτήριον,
819 1804 873 1868 καλ
888 1799 1003 1886 ἀχθεὶς
1016 1800 1107 1886 παρά
1118 1799 1180 1868 τόν

169 1897 357 1984 Ἀντίφιλον
378 1939 418 1950 -
439 1905 537 1966 τοῦτο
562 1906 648 1985 γοῦν
673 1900 768 1984 μόλις
794 1897 900 1967 πολλά
925 1899 1094 1976 ἱκετεύσας
1119 1895 1181 1965 τὸν
1281 1976 1284 1983 Α

171 1997 410 2082 δεσμοφύλακα
421 1997 632 2083 ἐξειργάσατο
648 1993 729 2080 παρ’
741 1993 848 2064 αὐτοῦ
861 2003 1002 2082 πλησίον
1015 2005 1062 2084 τῳ
1073 1993 1180 2062 Ἀντι-

170 2103 256 2186 φίλῳ
276 2097 330 2163 καὶ
350 2091 417 2162 ύπδ
433 2104 480 2184 τῷ
501 2092 590 2184 αὐτῷ
610 2102 713 2181 κλοιῷ
728 2096 942 2161 δεδέσθαι-
956 2099 1042 2162 ἔνθα
1063 2091 1103 2179 δῆ
1124 2094 1180 2160 καί

170 2192 312 2279 μάλιστα
330 2197 431 2272 ἔδειξε
446 2191 509 2278 τῆν
524 2192 661 2259 εύνοιαν
675 2188 720 2276 ῆν
732 2189 796 2276 εἶχε
812 2189 896 2275 πρὸς
908 2188 1029 2276 αὐτόν,
1047 2188 1180 2275 ἀμελῶν

170 2295 231 2376 μὲν
243 2297 311 2357 τῶν
322 2286 402 2357 καθ’
416 2288 537 2356 ἑαυτὸν
548 2293 687 2356 δεινῶν·
715 2296 822 2357 καίτοι
837 2290 977 2376 ἐνόσησε
991 2291 1046 2356 καὶ
1061 2285 1180 2366 αὐτός·

171 2388 429 2473 ἐπιμελούμενος
444 2390 480 2455 δὲ
502 2387 591 2466 ὅπως
606 2392 732 2468 ἐκεῖνος
751 2390 894 2475 μάλιστα
907 2390 1111 2476 καθευδήσει
1124 2391 1181 2456 καὶ

170 2478 270 2570 ἧττον
282 2482 469 2552 ἀνιάσεται·
494 2483 576 2551 ῶστε
588 2488 672 2572 ῥᾷον
684 2493 808 2572 ἔφερον
821 2485 893 2573 μετ’
909 2485 1064 2574 ἀλλήλων
1077 2511 1179 2554 κακο-

171 2589 369 2660 παθοῦντες.
388 2589 438 2651 33.
451 2583 560 2673 χρόνῳ
573 2585 675 2650 δὲκαὶ
688 2587 818 2653 τοιόνδε
829 2612 861 2653 τι
872 2583 1064 2668 προσπεσόν
1075 2591 1179 2654 ἔπαυ-

170 2701 230 2747 σεν
243 2681 295 2748 ἐπὶ
312 2685 414 2750 πλέον
436 2678 558 2760 αύτούς
573 2685 836 2767 δυστυχοῦντας·
861 2679 907 2762 εἷς
921 2681 987 2769 γάρ
1002 2691 1069 2750 τῶν
1087 2687 1181 2750 δεδε-
1239 2755 1243 2760 ,

170 2781 282 2865 μένων
305 2776 367 2848 ούκ
388 2778 452 2848 οἷδ’
476 2777 560 2847 ὅθεν
579 2783 675 2867 ῥίνης
695 2777 884 2866 εὐπορήσας
908 2784 963 2848 καὶ
985 2780 1180 2867 συνωμότας

170 2875 314 2956 πολλούς
325 2885 393 2946 τῶν
405 2883 583 2965 δεσμωτῶν
597 2878 801 2967 προσλαβών
811 2878 968 2965 ἀποπρίει
979 2907 1014 2947 τε
1025 2876 1086 2967 τῆν
1097 2879 1180 2948 ἀλυ-

169 2995 241 3058 σιν,
269 2968 291 3064 ᾗ
312 2979 461 3046 ἐδέδεντο
482 2979 570 3064 ἑξῆς,
597 2985 666 3045 τῶν
688 2984 811 3046 κλοιῶν
832 2984 877 3056 είς
892 2975 998 3064 αύτῆν
1017 2979 1182 3063 διειρομέ-

99 3093 150 3144 542
171 3100 251 3159 νων,
267 3076 322 3143 καὶ
333 3074 473 3145 ἀπολύει
484 3076 648 3155 ἅπαντας·
665 3082 699 3145 οί
708 3080 744 3145 δὲ
759 3075 1016 3154 ἀποκτείναντες
1030 3074 1183 3161 εὐμαρῶς

167 3169 301 3257 ὀλίγους
318 3170 418 3253 ὄντας
434 3171 512 3253 τούς
530 3175 683 3260 φύλακας
697 3178 885 3262 έκπηδῶσιν
901 3174 1034 3261 ἀθρόοι.
1060 3177 1182 3266 ἐκείνοι

99 3295 106 3319 “·
168 3270 229 3354 μέν
249 3263 313 3336 οὖν
332 3270 369 3338 τό
392 3280 580 3357 παραυτίκα
597 3279 681 3342 ἔνθα
697 3275 859 3342 έδύναντο
880 3275 1017 3351 ἕκαστος
1040 3277 1182 3339 διασπα-

169 3365 280 3445 ρέντες
296 3364 439 3454 ὕστερον
453 3370 720 3457 συνελήφθησαν
735 3376 769 3439 oc
786 3378 907 3439 πολλοί
913 3396 920 3410 ·
953 3369 972 3437 ὁ
990 3370 1183 3456 Δημήτριος
