2575 3842
300 193 520 250 ΟΝΕΙΡΟΣ
538 198 565 248 H
584 195 902 256 ΑΛΕΚΤΡΊὮΝ.
1044 194 1108 256 399

95 347 299 434 άλεκτρυών,
316 352 370 418 καὶ
384 353 606 435 κατέσκληκεν
620 351 697 431 ὅλος
709 355 900 439 ἐκτετηκώς,
915 354 982 423 ὑπο
998 382 1104 443 φρον-

96 451 196 514 τίδων
213 449 340 532 δηλαδή
349 473 356 486 ·
379 444 420 515 ού
433 446 498 533 γάρ
514 464 628 517 νοσεῖν
643 449 751 528 άλλως
766 451 904 534 ἐλέγετο.

180 543 518 613 ΑΛΕΚ.’Ἁκουσονά
527 568 648 634 φησιν·
665 558 737 634 είσῃ
746 545 812 632 γάρ
823 547 908 615 ὅθεν
918 548 1023 628 οὕτως
1033 554 1105 634 ἔχει.

179 649 349 711 ΣΙΜΩΝ.
374 641 512 711 Ούκούν
525 647 672 712 τάλαντα
684 646 745 731 μὲν
757 646 985 732 ἑβδομήκοντα
997 650 1106 714 ἐκεῖνα

94 741 186 809 πάνυ
208 740 366 827 ἀσφαλῶς
383 740 449 809 ὑπό
466 751 506 832 τῇ
526 749 622 831 κλίνῃ
647 743 900 828 κατορώρυκται
922 749 977 812 καί
998 741 1107 822 οὐδεὶς

95 839 180 921 ὅλως
195 840 276 925 εἶδε,
294 840 334 909 τά
353 844 389 909 δὲ
405 845 579 910 ἑκκαίδεκα
595 841 698 925 εἶδεν,
715 841 822 928 οἶμαι,
838 844 1002 920 Σωσύλος
1017 839 1034 908 ὁ
1051 846 1107 908 ίπ-

94 942 242 1027 ποκόμος
265 938 330 1009 ὑπό
348 947 387 1029 τῇ
409 939 520 1028 φάτνῃ
543 939 818 1024 κατακρύπτοντά
836 966 892 1025 με·
925 937 1002 1017 ὅλος
1021 946 1106 1024 γοῦν

93 1039 169 1122 περὶ
183 1036 243 1105 τόν
258 1039 391 1106 ίππώνά
407 1042 497 1105 ἐστιν
508 1036 550 1104 ού
564 1038 655 1104 πάνυ
669 1036 824 1123 ἐπιμελὴς
834 1036 941 1116 άλλως
956 1036 1036 1105 οὐδὲ
1049 1063 1107 1123 φι-

93 1136 238 1214 λόπονος
256 1135 312 1203 ών.
344 1135 431 1213 εἰκός
447 1139 483 1203 δὲ
499 1135 706 1222 διηρπάσθαι
721 1143 833 1225 πολλῷ
848 1142 950 1202 πλείω
964 1135 1105 1220 τούτων,

92 1231 113 1320 ἢ
128 1233 238 1302 πόθεν
252 1231 317 1318 γάρ
336 1232 353 1300 ὁ
373 1241 484 1320 Τίβιος
500 1241 653 1319 ταρίχους
675 1231 762 1301 οὕτω
779 1234 945 1319 μεγάλους
963 1231 1105 1319 ώψωνη-
1124 1251 1175 1306 748

93 1335 188 1398 κε’ναι
203 1331 283 1415 χθὲς
293 1333 421 1416 ἐλέγετο
433 1326 454 1416 ἢ
465 1339 505 1418 τῃ
515 1333 651 1416 γυναικὶ
662 1329 816 1418 ἐλλόβιον
828 1335 998 1417 ἐωνῆσθαι
1009 1333 1107 1398 πέντε

93 1435 250 1516 δραχμῶν
265 1429 371 1512 ὅλων;
393 1427 481 1515 τάμά
497 1421 590 1496 οὗτοι
606 1436 763 1497 σπαθῶσι
776 1438 838 1496 τοῦ
853 1433 1104 1514 κακοδαίμονος.

92 1526 167 1596 ἀλλ’
180 1526 259 1596 οὐδὲ
269 1527 308 1595 τά
320 1529 497 1615 ἐκπώματα
509 1530 546 1596 ἐν
558 1526 704 1614 άσφαλεί
711 1554 768 1614 μοι
780 1528 952 1596 άπόκειται
961 1534 1106 1594 τοσαῦτα

93 1627 190 1695 ὄντα·
219 1631 310 1694 δέδια
326 1635 412 1712 γοῦν
428 1629 473 1713 μή
490 1654 539 1706 τις
556 1625 727 1710 ὑπορύξας
741 1625 802 1694 τόν
816 1640 929 1712 τοῖχον
943 1623 1106 1712 ὑφέληται

93 1723 194 1792 αὐτά·
217 1727 333 1793 πολλοὶ
351 1733 521 1811 φθονοῦσι
537 1728 592 1792 καί
608 1727 869 1811 ἐπιβουλεύουσί
879 1751 953 1810 μοι,
970 1726 1025 1792 καὶ
1040 1724 1106 1810 μά-

92 1835 187 1893 λιστα
203 1820 220 1888 ὁ
237 1829 357 1907 γείτων
372 1829 555 1899 Μίκυλλος.

177 1927 276 1988 ΜΙΚ.
299 1917 354 2005 Νὴ
370 1927 452 1988 Δία·
476 1922 527 1985 σοί
543 1916 608 2006 γάρ
628 1917 741 2005 όμοιος
758 1916 823 2003 ἐγώ
838 1921 893 1984 καὶ
907 1915 947 1983 τά
963 1917 1105 2004 τρύβλια

95 2015 159 2086 ὑπὸ
176 2018 282 2104 μάλης
298 2016 412 2104 άπειμι
428 2023 520 2103 ἔχων.

180 2123 311 2185 ΑΛΕΚ.
328 2116 457 2201 Σιώπα,
469 2109 671 2201 ώΜίκυλλε,
681 2113 725 2201 μὴ
737 2113 964 2200 καταφωράσῃ
977 2112 1105 2193 παρόν-

92 2244 150 2295 τας
164 2214 257 2304 ἡμᾶς.

178 2322 278 2384 ΣΙΜ.
293 2313 450 2399 ’Ἀριστον
464 2321 549 2399 γοῦν
562 2313 739 2399 όίγρυπνον
753 2312 857 2381 αύτδν
869 2311 1106 2398 διαφυλάττειν

93 2413 241 2481 ἅπαντα·
274 2421 418 2500 περίειμι
439 2411 617 2491 διαναστάς
639 2416 676 2480 ἐν
693 2413 806 2504 κύκλφ
822 2410 884 2499 τὴν
906 2418 1024 2480 οίκίαν.
1057 2417 1106 2489 τίς

94 2506 209 2595 οὖτος;
230 2510 298 2597 ὁρῶ
311 2516 406 2598 σέγε,
421 2505 639 2600 ώτοιχωρύχε
655 2565 789 2580 .......
805 2509 851 2598 μά
862 2511 930 2597 Δί’,
942 2515 1012 2581 ἐπεὶ
1023 2518 1106 2579 κίων

93 2637 132 2696 γε
148 2608 197 2677 ών
210 2612 402 2697 τυγχάνεις,
422 2603 461 2678 εύ
475 2617 547 2698 ἔχει.
572 2610 752 2699 ἀριθμήσω
769 2607 871 2690 αὖθις
888 2611 1054 2698 ἀνορύξας
1068 2610 1105 2679 τό

93 2715 248 2794 χρυσίον,
265 2711 309 2794 μή
324 2716 359 2776 τί
371 2736 411 2795 με
426 2711 544 2800 πρώην
560 2716 725 2780 διέλαθεν.
750 2709 826 2780 ίδοδ
841 2712 942 2778 πάλιν
958 2712 1109 2794 ἐψόφηκέ

93 2835 142 2885 τις
169 2805 221 2874 ἐπ’
246 2809 302 2892 ἐμὲ
324 2810 465 2895 δηλαδή·
500 2819 743 2895 πολιορκοῦμαι
768 2813 822 2877 καὶ
847 2811 1107 2896 ἐπιβουλεύομαι

93 2904 178 2990 πρὸς
194 2903 364 2973 ἁπάντων.
388 2914 455 2974 ποῦ
476 2915 532 2994 μοι
549 2906 585 2974 τὸ
604 2912 768 2993 ξιφίδιονς
790 2904 834 2975 άν
850 2910 943 2995 λάβω
963 2908 1037 2974 τινά
1054 2961 1060 2974 .
1075 2960 1103 2974 ..

92 3007 278 3092 θάπτωμεν
293 2999 394 3086 αὖθις
408 3005 444 3075 τό
460 3013 609 3093 χρυσίον.

178 3113 229 3175 30.
248 3113 379 3175 ΑΛΕΚ.
400 3113 546 3174 Τοιαῦτα
556 3108 618 3192 μέν
629 3127 699 3192 σοι,
717 3100 743 3174 ώ
753 3114 922 3191 Μίκυλλε,
940 3105 979 3172 τά
991 3112 1106 3191 Σίμω-

93 3233 160 3284 νος.
184 3203 335 3292 άπίωμεν
349 3209 385 3273 δὲ
399 3208 454 3274 καὶ
469 3203 549 3289 παρ’
568 3204 673 3273 άλλον
686 3206 778 3290 τινά,
796 3207 857 3283 ἕως
868 3203 1039 3290 ἐτιόλίγον
1049 3211 1107 3290 τῆς

94 3302 215 3384 νυκτός
230 3303 349 3372 λοιπόν
365 3307 462 3373 ἐστιν.
1124 3321 1176 3377 749

181 3411 278 3472 MIK.
298 3397 338 3471 Ὠ
353 3405 576 3491 κακόδαιμον,
603 3399 677 3472 οἷον
695 3412 767 3492 βιοῖ
783 3402 843 3472 τόν
858 3411 943 3493 βίον.
975 3407 1109 3491 ἐχθροῖς
