2575 3842
298 206 518 266 ΟΝΕΙΡΟΣ
536 210 561 259 H
581 204 899 263 ΑΛΕΚΤΡΤΩΝ.
1044 202 1107 266 379

10 421 12 456 ,
90 368 270 454 ἐπειδήπερ
292 364 353 433 τόν
372 363 490 432 Ἥλιον
511 363 653 450 μάλιστα
677 361 870 450 ὑφεωρᾶτο,
896 362 941 448 μὴ
961 362 1107 433 κατιδών

10 545 11 558 ¹
89 469 216 544 ἐξείποι
233 462 317 551 πρὸς
330 460 603 549 τδνἭφαιστον,
623 468 684 543 ἔξω
698 460 782 546 πρὸς
797 477 867 541 ταῖς
882 463 1005 546 θύραις
1020 462 1105 531 ἀπο-

9 639 11 654 ,
89 568 221 629 λείπειν
241 561 293 631 ἀεὶ
313 559 374 629 τόν
397 569 576 629 νεανίσκον
596 561 791 648 μηνύσοντα
813 558 914 628 ὁπότε
933 558 1062 645 ἀνίσχοι
1086 558 1104 628 ὁ

9 655 10 726 ζ
89 657 217 738 Ἥλιος.
242 658 311 727 είτά
328 684 407 728 ποτε
425 667 716 747 κατακοιμηθῆναι
734 663 795 745 μὲν
812 657 872 726 τὸν
884 656 1104 743 Ἀλεκτρυόνα
1123 678 1174 734 707

90 759 149 824 καὶ
169 762 357 843 προδοῦναι
374 755 436 844 τὴν
459 831 466 843 ‚
509 755 611 842 ἰράν
624 758 765 843 ἀκοντα,
787 754 848 824 τόν
865 759 902 824 δὲ
913 753 1032 825 Ἥλιον
1046 766 1107 826 λα-

90 856 202 922 θόντα
226 857 398 941 ἐπιστῆναι
419 863 459 944 τῇ
479 853 656 944 Ἀφροδίτῃ
677 858 731 923 καὶ
749 862 796 945 τῷ
812 853 904 942 ’Ἀρει
927 853 1106 941 ἀφρόντιδι

90 949 339 1042 ἀναπαυομένῳ
351 949 406 1019 διὰ
419 950 456 1019 τό
470 953 640 1020 πιστεύειν
652 950 712 1020 τὸν
724 950 945 1040 Ἀλεκτρυόνα
959 961 1106 1040 μηνῦσαι

90 1048 153 1133 ἀν,
171 1059 259 1126 είτις
270 1052 372 1118 ἐπίοι·
394 1053 448 1118 καὶ
459 1049 546 1118 οὕτω
557 1048 810 1136 τδνἭφαιστον
821 1049 901 1136 παρ’
914 1050 1030 1120 Ἡλίου
1042 1078 1106 1137 μα-

89 1147 202 1213 θόντα
217 1155 397 1234 συλλαβεῖν
411 1144 534 1226 αύτούς
548 1150 772 1235 περιβαλόντα
785 1153 840 1216 καί
851 1151 1106 1237 σαγηνεύσαντα

90 1257 160 1322 τοῖς
181 1249 331 1330 δεσμοῖς,
355 1243 499 1313 ἀπάλαι
514 1253 673 1332 πεποίητο
696 1243 749 1314 ἐπ’
766 1244 904 1325 αὐτούς·
934 1245 1105 1334 ἀφεθέντα
1201 1323 1209 1340 ‚

91 1341 128 1410 δὲ
145 1340 188 1420 ὡς
202 1339 328 1427 ἀφείθη
343 1342 491 1430 τὸνἈρη
503 1342 731 1431 ἀγανακτῆσαι
742 1342 826 1412 κατά
837 1351 898 1412 τοῦ
910 1343 1106 1430 Ἀλεκτρυό-

90 1466 151 1518 νος
174 1442 229 1508 καὶ
253 1449 450 1528 μεταβαλεῖν
475 1441 580 1511 αὐτόν
603 1446 636 1522 ἐς
661 1445 753 1511 τουτὶ
781 1440 818 1510 τό
843 1442 965 1529 όρνεον
993 1442 1105 1522 αὐτοῖς

91 1538 224 1624 ὅπλοις,
246 1535 290 1616 ὡς
305 1544 351 1606 ἐτι
365 1549 423 1627 τῆς
443 1541 594 1627 κόρυθος
608 1539 670 1609 τόν
691 1541 801 1627 λόφον
815 1547 903 1626 ἐχειν
920 1543 973 1610 ἐπὶ
994 1549 1033 1630 τῇ
1048 1568 1104 1610 κε-

92 1642 200 1722 φαλῇ,
227 1637 282 1701 καὶ
306 1635 361 1702 διὰ
382 1645 481 1705 τοῦτο
508 1636 594 1725 ὑμᾶς
616 1637 910 1725 ἀπολογουμένους
934 1648 980 1730 τῷ
999 1639 1103 1726 Ἀρει,

92 1729 141 1799 ὅτ’
159 1729 260 1798 ούδέν
273 1730 410 1819 ὄφελος,
426 1733 563 1803 ἐπειδᾶν
578 1746 747 1824 αἴσθησθε
762 1734 1030 1825 ἀνελευσόμενον
1043 1736 1103 1806 τὸν

91 1826 205 1915 ἥλιον,
225 1827 289 1916 πρὸ
313 1839 439 1899 πολλοῦ
456 1839 542 1918 βοάν
559 1836 882 1921 ἐπισημαινομένους
897 1833 960 1921 τὴν
981 1833 1104 1902 ἀνατο·

92 1925 155 2014 λὴν
173 1925 287 1995 αὐτοῦ.
341 2010 346 2021 ¹

176 2031 205 2092 4.
223 2034 355 2096 AAEK.
378 2030 465 2096 Φασὶ
483 2027 545 2113 μὲν
564 2030 618 2096 καὶ
632 2039 754 2116 ταῦτα,
778 2024 805 2097 ὦ
820 2037 990 2115 Μίκυλλε,
1015 2029 1051 2099 τό
1069 2028 1100 2097 δ’

93 2121 173 2210 ἐμὸν
188 2125 334 2210 ἑτεροῖόν
348 2154 379 2194 τι
395 2131 513 2213 γέγονε
529 2129 583 2196 καὶ
596 2129 690 2196 πάνυ
701 2134 837 2214 ἔναγχος
851 2133 884 2207 ἐς
897 2129 1102 2212 ἀλεκτρυόνα

92 2244 145 2292 σοι
159 2230 376 2313 μεταβέβηκα.

175 2432 306 2492 AAEK.
341 2423 488 2504 Ἀκούεις
515 2424 590 2493 τινά
622 2424 833 2512 Πυθαγόραν
860 2428 1103 2511 Μνησαρχίδην

93 2522 242 2608 Σάμιον;

177 2629 275 2689 ΜΙΚ.
300 2623 367 2691 Τὸν
381 2622 543 2710 σοφιστὴν
558 2620 749 2707 λέγεις,τδν
761 2620 915 2706 ἀλαζόνα,
934 2617 970 2699 δς
982 2622 1101 2704 ἐνομο-
1118 2634 1171 2689 708

93 2725 182 2788 θέτει
200 2721 281 2806 μήτε
296 2730 405 2806 κρεῶν
419 2724 580 2808 γεύεσθαι
597 2722 678 2805 μήτε
694 2722 846 2806 κυάμους
862 2723 1006 2803 ἐσθίειν,
1026 2717 1102 2804 {2¹62-

94 2839 172 2884 στου
187 2821 259 2903 ἐμοὶ
272 2827 357 2905 γοῦν
373 2818 459 2900 όιγον
471 2822 672 2905 ἐκτράπεζον
684 2816 901 2904 ἀποφαίνων,
917 2823 964 2885 ἔτι
981 2820 1016 2884 δὲ
1028 2824 1101 2883 πεί-

94 2915 255 2994 θωντούς
270 2916 474 3003 ἀνθρώπους
489 2922 521 2996 ἐς
535 2922 632 2986 πέντε
650 2922 705 3001 ἔτη
723 2914 768 3001 μὴ
785 2918 1015 3000 διαλέγεσθαι;

175 3022 307 3084 ΑΛΕΚ.
322 3014 411 3085 ’Ἰσθι
421 3020 503 3102 δῆτα
515 3014 661 3100 κάκεῖνο,
680 3013 725 3093 ὡς
739 3013 803 3099 πρὸ
819 3023 881 3082 τοῦ
889 3015 1101 3100 Πυθαγόρου

93 3113 270 3201 Εὔφορβος
284 3117 424 3199 γένοιτο.
771 3187 774 3192 ,

175 3219 275 3281 ΜΙΚ.
298 3213 409 3300 Γόητά
424 3235 506 3293 φασι
522 3217 576 3282 καί
587 3211 813 3300 τερατουργὸν
827 3212 887 3280 τόν
902 3211 1099 3299 ἀνθρωπον,

6 3363 7 3386 2
94 3301 334 3397 οόάλεκτρυύν.

6 3407 7 3410 “
175 3416 306 3478 ΑΛΕΚ.
326 3407 467 3491 Ἐκεῖνος
486 3410 586 3493 αύτός
603 3413 668 3500 ε’γοό
684 3419 741 3481 σοί
759 3418 824 3499 είμι
846 3409 1098 3500 όΠνθαγόρας.
