2575 3842
394 219 523 277 ΖΕΤΣ
545 217 833 277 ΤΡΑΓΩιΔΟΣ.
1053 214 1115 281 375

12 409 17 446 ι
104 378 393 463 Σαρδανάπαλλος
407 373 687 462 ὑπερτρυφῶντες
701 380 756 444 καὶ
771 385 838 443 τῶν
852 375 915 462 ὑφ’
930 374 1041 457 αὑτοῖς
1055 406 1115 445 κα-

12 509 17 544 ι
101 476 315 552 ταπτάοντες.
338 478 389 541 49.
406 480 543 540 τοιαῦτα
555 477 592 540 έν
607 481 647 561 τῇ
658 481 717 559 νήί
725 496 788 540 σου
802 482 945 562 γίνεται,
963 468 1114 562 ῶσοφῶ-

100 600 181 642 τατε
199 573 387 657 Τιμόκλεις
409 569 464 638 διά
481 580 578 638 τοῦτο
595 575 631 638 αί
643 578 801 656 ναυαγίαι
815 577 940 655 μυρίαι.
969 577 999 640 εί
1012 575 1052 639 δέ
1065 600 1114 650 τις

12 707 13 736 ;
99 670 311 760 κυβερνήτης
322 667 467 753 έφεστῶς
478 668 565 752 έῶρα
579 670 634 735 καὶ
648 672 814 736 διέταττεν
824 671 962 755 ἕκαστα,
978 677 1114 751 πρῶτον

100 770 165 856 μὲν
187 768 248 835 οὐκ
269 763 313 833 άν
331 763 498 851 ήγνόησεν
522 768 641 844 οἵτινες
661 771 696 834 αι’
711 769 846 852 χρηστοὶ
866 769 921 835 καὶ
942 771 1063 845 οἵτινες
1083 773 1117 836 ολ

12 903 14 932 ς
100 872 229 951 φαῦλοι
244 872 312 930 τῶν
329 861 557 949 ἐμπλεόντων,
574 868 685 930 ἔπειτα
701 863 827 953 ἑκάστῳ
845 863 928 932 κατά
943 863 1005 949 τήν
1020 863 1114 944 ἀξίαν

11 1015 13 1026 f
100 961 143 1031 τά
161 961 374 1049 προσήκοντα
389 961 567 1047 ἀπένειμεν
582 960 641 1047 άν,
657 962 771 1047 χῶραν
786 987 821 1028 τε
835 960 897 1048 τήν
911 960 1036 1048 ἀμείνω
1046 977 1115 1041 τοῖς

11 1099 12 1130 1
100 1060 254 1147 ἀμείνοσι
282 1058 363 1142 παρ’
385 1056 490 1126 αὐτὸν
515 1058 601 1143 ἀνω,
627 1057 689 1144 τήν
714 1059 804 1126 κάτω
827 1061 863 1126 δὲ
889 1073 958 1138 τοῖς
977 1067 1112 1146 χείροσι,

101 1163 159 1228 καὶ
177 1165 354 1236 συσσίτους
370 1164 460 1226 ἔστιν
471 1155 530 1236 οὓς
541 1157 698 1243 ἀμείνους
710 1159 764 1225 καὶ
778 1156 988 1242 ξυμβούλους
999 1160 1113 1243 ἐποιή-

101 1255 176 1326 σατ’
193 1256 252 1343 ἀν,
267 1259 403 1324 καὶτῶν
417 1263 553 1323 ναυτῶν
564 1254 581 1322 ὁ
594 1258 656 1341 μὲν
668 1255 846 1341 πρόθυμος
858 1251 880 1340 ή
895 1256 1032 1345 πρῴρας
1041 1261 1114 1324 ἐπι-

101 1353 244 1443 μελητής
261 1351 466 1422 ἀπεδέδεικτ’
483 1349 527 1420 ἀν
546 1349 568 1437 ή
588 1359 701 1438 τοίχου
725 1351 837 1438 άρχων
855 1348 877 1438 ή
898 1354 1030 1432 πάντας
1046 1351 1112 1439 πρὸ

101 1461 170 1521 τῶν
184 1451 312 1536 ἀλλων,
330 1449 398 1518 ὁδε
409 1449 551 1537 όκνήρός
566 1453 621 1519 καὶ
634 1453 789 1542 ῥᾴθυμος
799 1450 921 1519 ἐπαίετ’
935 1448 978 1519 άν
993 1460 1039 1545 τῷ
1050 1479 1110 1519 κα·
1129 1468 1182 1524 698

101 1555 210 1636 λωδίςο
231 1549 387 1627 πεντάκις
401 1555 459 1634 τῆς
478 1548 602 1635 ἡμέρας
619 1552 652 1628 ἐς
672 1547 734 1635 τήν
754 1550 913 1635 κεφαλήν.
944 1548 1027 1617 ῶστε
1048 1571 1111 1635 σοι,

104 1639 130 1712 ῶ
144 1647 331 1731 θαυμάσιε,
352 1644 389 1712 τδ
403 1653 461 1732 τῆς
476 1644 561 1725 νεῶς
577 1655 676 1715 τοῦτο
696 1651 907 1733 παράδειγμα
921 1647 1113 1715 κινδυνεύει

102 1743 368 1827 περιτετράφθαι
382 1750 488 1809 κακοῦ
504 1750 564 1810 τοῦ
578 1744 788 1831 κυβερνήτου
801 1746 985 1830 τετυχηκός.

188 1845 238 1909 50.
257 1847 379 1906 ΜΩΜ.
407 1842 510 1907 Ταυτὶ
525 1843 587 1925 μὲν
606 1839 670 1926 ήδη
691 1840 774 1908 κατά
788 1845 872 1930 ῥοῦν
888 1859 1055 1930 προχωρεῖ
1066 1849 1111 1931 τῷ

105 1939 231 2024 Δάμιδι
246 1941 300 2005 καὶ
318 1943 507 2022 πλησίστιος
525 1939 576 2005 έπί
590 1936 653 2023 τήν
666 1943 764 2024 νίκην
780 1941 924 2023 φέρεται.

188 2045 313 2104 zm
333 2033 472 2121 Ὀρθῶς,
489 2029 646 2120 ῶΜῶμε,
662 2035 805 2115 εἰκάζεις.
827 2032 890 2103 ὁδ’
906 2034 1007 2102 οὐδὲν
1018 2041 1111 2121 ίσχυ-

105 2134 166 2220 ρὸν
183 2133 201 2201 ὁ
220 2141 385 2219 Τιμοκλῆς
399 2137 540 2219 ἐπινοεῖ,
561 2131 645 2201 ἀλλά
666 2131 706 2199 τά
722 2131 819 2200 κοινά
834 2141 938 2200 ταῦτα
957 2134 1012 2200 καὶ
1030 2131 1110 2200 καθ’

103 2233 230 2321 ἡμέραν
245 2231 329 2301 ἀλλα
345 2230 397 2299 ἐπ’
413 2231 525 2310 ἄλλοις
542 2229 780 2316 εὐπερίτρεπτα
794 2232 903 2298 πάντα
918 2233 1078 2299 ἐπαντλεῖ.

188 2336 238 2400 51.
259 2339 354 2399 ΤΙΜ.
373 2328 510 2400 Οὐκοῦν
528 2334 597 2398 ἐπεὶ
612 2339 671 2415 τής
690 2328 775 2408 νεῶς
788 2328 825 2397 τό
843 2330 1053 2414 παράδειγμα
1070 2327 1111 2395 οὐ

105 2433 195 2500 πάνυ
210 2453 263 2498 σοι
278 2427 417 2516 ίσχυρόν
432 2427 517 2496 εἶναι
532 2433 662 2511 ἔδοξεν,
685 2428 834 2495 ἄκουσον
851 2425 915 2512 ήδη
929 2425 992 2513 τήν
1005 2427 1111 2514 ίεράν,

105 2538 222 2616 φησίν,
241 2530 393 2614 ἄγκυραν
408 2530 464 2596 καὶ
481 2526 523 2614 ἣν
538 2526 678 2617 οὐδεμιᾷ
694 2535 824 2616 μηχανή
840 2524 1045 2612 ἀπορρήξεις.
1130 2540 1180 2595 699

187 2635 312 2695 ΖΕΥΣ.
338 2633 380 2694 Τί
393 2626 467 2694 ποτ’
483 2626 547 2712 ἀρα
562 2629 616 2695 καὶ
633 2630 716 2711 ἐρεῖς

191 2733 285 2793 ΤΙΜ.
302 2724 399 2802 ’Ίδοις
422 2723 486 2810 γάρ
508 2731 538 2791 εί
557 2723 732 2792 ἀκόλουθα
752 2734 855 2790 ταῦτα
871 2729 1111 2808 ξυλλογίζομαι,

107 2826 158 2893 καλ
173 2834 206 2892 εί
218 2848 262 2908 πη
278 2821 363 2890 αὐτὰ
378 2823 525 2890 δυνατόν
543 2845 596 2889 σοι
609 2823 812 2905 περιτρέψαι.
842 2827 873 2890 εί
885 2820 950 2907 γάρ
968 2824 1030 2890 είοὶ
1043 2829 1111 2910 βω-

107 2929 175 3010 μοί,
193 2924 254 2990 είσλ
270 2924 324 2989 καλ
339 2927 430 2988 θεοί·
460 2920 544 2988 ἀλλὰ
565 2918 631 3006 μὴν
650 2921 711 2987 είσλ
727 2927 850 3005 βωμοί,
874 2922 957 2988 είσλν
976 2918 1040 3006 άρα
1057 2922 1111 2986 καλ

106 3029 186 3089 θεοί.
209 3027 243 3088 τί
256 3018 340 3104 πρὸς
354 3025 457 3085 ταῦτα
476 3019 555 3104 φής;

186 3125 299 3188 ΔΑΜ.
315 3113 380 3184 Ἢν
393 3117 558 3202 πρότερον
573 3116 703 3201 γελάσω
720 3118 752 3193 ές
766 3114 888 3202 κόρον,
905 3113 1107 3199 ἀποκρινοῦ-Ι

107 3223 163 3305 μαί
180 3237 241 3284 σοι.

190 3321 285 3383 ΤΙΜ.
305 3312 400 3382 Ἀλλά
416 3319 525 3392 ἔοικας
540 3313 618 3381 οὐδὲ
634 3314 825 3382 παύσεσθαι
845 3320 967 3400 γελῶν·
990 3314 1059 3383 είπὲ
1073 3312 1110 3381 δέ

10 3455 12 3500 1
108 3410 192 3499 ὅμως
209 3413 274 3499 ὅπη
290 3432 342 3481 σοι
358 3421 490 3498 γελοίου
505 3417 596 3493 ἔδοξε
611 3409 650 3480 τδ
666 3415 842 3499 εἰρημένον
860 3411 954 3481 εἶναι.
