2575 3842
315 189 563 249 ΑΛΗΘΟΤΣ
579 193 819 252 ΙΣΤΟΡΙΛΣ
838 195 872 252 Β.
1056 188 1097 251 63

95 345 132 416 οῦ
151 346 328 434 παρήμην·
353 347 535 433 ἐτύγχανον
549 346 613 434 γάρ
630 353 667 417 ἐν
681 357 726 440 τῷ
742 357 916 442 συμποσίῳ
931 350 1097 438 κοιμώμε-

94 471 200 522 νος-
210 449 245 513 οί
255 445 292 513 δέ
306 446 470 524 λαθόντες
479 443 557 524 τοῦς
569 445 692 524 ἀλλους
703 445 928 534 ἀναλαβόντες
937 445 999 535 τήν
1007 447 1099 516 Ἑλέ-

93 569 154 629 νην
164 541 231 610 ύπδ
244 547 392 629 σπουδής
402 540 607 629 ἀνήχθησαν.
630 551 682 613 26.
694 547 770 628 περὶ
780 544 817 613 δὲ
827 543 864 611 τό
876 547 1095 621 μεσονύκτιον

93 639 316 727 ἀνεγρόμενος
335 638 353 706 ὁ
378 643 555 719 Μενέλεως
575 644 645 710 ἐπεὶ
666 649 771 727 ἔμαθε
789 645 851 728 τήν
872 640 974 728 εύνήν
993 640 1096 729 κενήν

92 747 146 824 τῆς
162 738 338 825 γυναικός,
355 739 441 827 βοήν
455 765 490 805 τε
500 743 572 826 ἵστη
586 738 715 808 καὶτὸν
729 737 878 826 ἀδελφόν
893 737 1097 826 παραλαβών

92 835 140 924 ήει
155 834 240 921 πρός
254 835 314 904 τόν
330 840 467 924 βασιλέα
483 835 543 905 τόν
553 835 799 924 Ῥαδάμανθυν.
820 836 944 924 ἡμέρας
959 838 995 905 δέ
1011 835 1097 903 ὑπο-

94 935 278 1020 φαινούσης
301 940 415 1019 ἔλεγον
437 939 471 1003 οἱ
489 937 607 1004 σκοπολ
633 943 788 1022 καθορᾶν
812 934 875 1022 τήν
899 943 987 1003 ναῦν
1010 929 1097 1001 πολῦ

14 1087 15 1100 .
92 1028 294 1117 ἀπέχουσαν·
324 1029 414 1098 οὕτω
435 1029 476 1117 δή
493 1030 707 1118 ἐμβιβάσαςὸ
726 1031 958 1117 Ῥαδάμανθυς
975 1031 1098 1116 πεντή-

90 1153 192 1196 κοντα
205 1135 274 1196 τών
287 1125 409 1214 ήρώυν
420 1133 467 1206 είς
477 1135 566 1195 ναῦν
575 1129 764 1214 μονόξυλον
773 1127 997 1215 ἀσφοδελίνην
1011 1151 1098 1210 παρ-

89 1226 222 1311 ήγηειλε
239 1224 388 1292 διώκειν·
418 1230 452 1293 ολ
468 1230 503 1294 δὲ
520 1223 585 1293 ὑπὸ
603 1235 795 1313 προθυμίας
811 1227 1007 1302 ἐλαύνοντες
1023 1225 1098 1306 περὶ

90 1328 296 1409 μεσημβρίαν
316 1323 631 1409 καταλαμβάνουσιν
658 1321 781 1402 αύτούς
806 1322 881 1409 άρτι
902 1324 935 1400 ἐς
955 1320 1016 1389 τδν
1035 1346 1097 1404 ηα-

90 1419 242 1506 λακτώδη
259 1418 408 1488 ώκεαυόν
422 1423 640 1507 ἐμβαίνοντας
660 1429 801 1507 πλησίον
817 1427 874 1507 τῆς
892 1422 1096 1503 Τυροέσσης·

13 1549 15 1596 ι
89 1515 179 1605 παρὰ
195 1525 358 1586 τοσοῦτον
370 1511 482 1603 ήλθον
497 1521 690 1599 διαδράναι·
705 1519 761 1587 καλ
772 1515 1021 1603 ἀναδησάμενοι
1034 1511 1097 1600 τήν
1115 1530 1164 1584 124

13 1621 15 1652 ¹
88 1624 178 1684 ναῦν
189 1613 305 1683 ἁλύσει
317 1619 433 1705 ῥοδίνῃ
445 1620 633 1684 κατέπλεον.
655 1613 675 1701 ή
687 1615 748 1702 μὲν
759 1608 824 1683 οὖν
831 1613 944 1700 Ἑλένη
956 1613 1098 1697 ἐδάκρυέ

13 1763 15 1814 η
88 1741 124 1782 τε
139 1715 195 1782 καὶ
209 1711 369 1802 ᾐσχύνετο
384 1717 439 1783 καλ
449 1714 704 1799 ἐνεκαλύπτετο,
722 1711 801 1792 τοῦς
817 1714 852 1781 δέ
863 1710 948 1798 ἀμφὶ
962 1710 1023 1780 τόν
1033 1718 1097 1778 Kt-

12 1825 14 1898 ,
88 1812 200 1897 νύραυ
214 1808 396 1895 ἀνακρίνας
415 1812 579 1898 πρότερον
596 1809 614 1878 ὁ
629 1809 878 1899 Ῥαδάμανθυς,
898 1822 931 1881 ελ
940 1837 1028 1888 τινες
1042 1812 1097 1877 καλ

88 1911 185 1978 ἀλλοι
200 1906 311 1987 αύτοίς
322 1917 506 1994 συνίσασιν,
526 1908 570 1988 ὡς
584 1906 706 1976 ούδένα
717 1907 821 1994 εἷπον,
836 1912 949 1976 ἐκτῶν
960 1913 1096 1976 αἰδοίαν

89 2008 194 2095 δήσας
207 2006 400 2095 ἀπέπεμψεν
410 2013 443 2088 ές
452 2006 512 2077 τόν
521 2015 590 2076 τῶν
603 2005 736 2094 ἀσεβῶν
749 2014 859 2092 χῶρον
872 2008 1001 2093 μαλάχη
1012 2007 1096 2091 πρό-

88 2132 188 2192 τερον
203 2109 481 2191 μαστιγωθέντας.
512 2111 564 2175 27.
581 2108 787 2190 ἐψηφίσαντο
807 2104 843 2171 δέ
862 2105 917 2171 καλ
932 2101 1018 2189 ἡμᾶς
1038 2105 1096 2186 ἐμ-

88 2207 305 2290 προθέσμους
320 2207 498 2292 ἐκπέμπειν
514 2208 550 2272 ἐκ
569 2210 627 2289 τῆς
641 2203 750 2289 νήσου
764 2199 825 2289 τήν
842 2204 1002 2269 ἐπιοῦσαν
1015 2195 1096 2285 ήμέ-

88 2331 154 2391 ραν
171 2304 281 2390 μόνην
304 2307 542 2389 ἐπιμείναντας.
572 2307 721 2373 ἐνταῦθα
742 2302 782 2391 δή
804 2302 868 2391 ἐγώ
888 2301 1095 2387 ἐποτνιώμην

88 2405 200 2472 τεκαὶ
222 2399 387 2488 ἐδάκρυον
408 2397 461 2469 οἷα
484 2407 623 2487 ἔμελλον
644 2401 758 2488 ἀγαθά
780 2400 972 2471 καταλιπών
992 2394 1095 2478 αὖθις

87 2498 378 2586 πλανηθήσεσθαι.
393 2495 487 2568 αύτολ
497 2503 609 2586 μέντοι
620 2509 880 2588 παρεμυθοῦντο
890 2505 1042 2587 λέγοντες
1053 2496 1095 2568 ού

87 2605 225 2667 πολλῶν
245 2600 329 2666 &mv
343 2595 520 2684 άφιξεσθαι
540 2601 643 2669 πάλιν
663 2597 707 2677 ὡς
722 2597 861 2683 αὐτούς,
889 2606 947 2666 καί
959 2625 1016 2688 μοι
1030 2596 1095 2686 ήδη

87 2697 221 2785 θρόνον
234 2721 269 2762 τε
283 2699 338 2764 καλ
353 2705 485 2766 κλισίαν
498 2701 531 2776 ἐς
546 2695 687 2766 τούπιὸν
701 2700 939 2766 ἐπεδείκνυσαν
954 2703 1095 2784 πλησίον

86 2804 156 2865 τών
171 2793 325 2879 ἀρίστων.
346 2795 410 2882 ἐγώ
426 2797 463 2866 δέ
476 2794 677 2883 προσελθών
692 2802 738 2885 τῷ
747 2794 974 2882 Ῥαδαμάνθυι
988 2792 1094 2863 πολλὰ

87 2898 239 2964 ἱκέτευον
251 2899 355 2962 εἰπεῖν
365 2893 405 2962 τά
417 2899 579 2981 μέλλοντα
590 2895 644 2961 καὶ
657 2889 830 2971 ὑποδεῖξαί
837 2917 894 2976 μοι
905 2889 964 2958 τόν
975 2896 1092 2957 πλοῦν.

86 2993 103 3062 ὁ
122 2997 160 3062 δὲ
174 2999 319 3079 ἔφασκεν
336 2991 513 3077 ἀφίξεσθαι
527 2996 588 3078 μὲν
603 2993 635 3068 ἐς
650 2988 712 3074 τήν
732 2994 873 3076 πατρίδα
887 2988 994 3057 πολλοὶ
1010 2988 1094 3073 πρό-

85 3118 186 3178 τερον
207 3094 422 3178 πλανηθέντα
445 3093 500 3160 καὶ
519 3089 802 3173 κινδυνεύσαντα,
826 3085 886 3154 τόν
911 3086 947 3154 δέ
971 3086 1094 3173 χρόνον

86 3187 200 3259 οῦκέτι
216 3196 273 3276 τής
288 3189 456 3258 ἐπανόδου
471 3200 672 3274 προσθεῖναι
685 3183 867 3272 ἠθέλησεν
882 3183 967 3254 ἀλλά
982 3184 1022 3271 δή
1039 3187 1095 3254 καὶ

86 3287 223 3367 δεικνύς
243 3285 302 3366 τάς
317 3294 459 3373 πλησίον
474 3288 656 3374 νήσους-
672 3287 849 3369 ἐφαίνοντο
865 3286 901 3351 δὲ
916 3286 1013 3352 πέντε
1033 3280 1095 3358 τόν

86 3388 257 3476 ἀριθμόν,
279 3385 361 3473 άλλη
385 3389 458 3455 δι”
439 3412 515 3473 εκτη
536 3385 775 3472 πόρρωθεν-
790 3384 912 3462 ταύτας
929 3382 969 3468 μέ
969 3409 990 3448 ν
1010 3381 1095 3453 είνα
