2575 3842
344 203 589 262 ΑΛΗΘΟΤΣ
608 205 848 262 ΙΣΤΟΡΙΑΣ
868 207 902 264 Β.
1085 203 1128 266 69

119 389 236 450 ραντες
245 362 307 449 τήν
317 361 448 447 ὀθόνην
460 360 648 446 ἐφεύγομεν
659 358 878 441 ἀπολιπόντες
888 360 1012 441 αύτούς
1022 390 1127 450 μαχο-

118 466 249 550 μένους.
270 465 325 528 καλ
337 463 431 545 δήλοι
445 452 533 545 ήσαν
545 459 765 544 κρατήσοντες
775 463 810 526 οί
819 466 1055 545 Καρυοναῦται
1068 459 1126 528 άτε

117 563 172 628 καὶ
186 565 321 636 πλείους
341 599 384 610 -
397 560 493 625 πέντε
516 554 579 642 γάρ
602 554 691 640 εἶχον
707 557 910 641 πληρώματα
927 597 965 607 -
981 561 1035 625 καὶ
1057 555 1123 625 άπδ
1144 551 1210 632 133

119 658 341 742 ἰσχυροτέρων
361 662 449 723 νεών
463 654 659 740 μαχόμενοι·
692 651 732 719 τά
749 651 815 738 γὰρ
835 663 933 722 πλοῖα
949 647 993 741 ήν
1013 652 1126 733 αύτοίς

118 754 265 842 κελύφη,
280 753 418 838 καρύων
431 751 589 838 ήμίτομα,
605 753 830 836 κεκενωμένα,
845 753 988 837 μέγεθος
1000 753 1035 817 δὲ
1047 750 1125 818 ἐκά-

121 874 199 921 στον
212 850 391 938 ήμιτομίου
405 855 437 930 ἐς
457 857 560 938 μήκος
580 849 712 936 ὀργυιαί
735 853 977 918 πεντεκαίδεκα.
1005 852 1074 916 ἐπεὶ
1090 849 1126 917 δέ

119 949 359 1038 ἀπεκρύψαμεν
371 950 508 1034 αύτούς,
524 947 654 1033 ίώμεθά
666 974 700 1015 τε
713 946 791 1027 τούς
805 954 1005 1033 τραυματίας
1019 947 1074 1014 καὶ
1086 943 1123 1013 τό

123 1045 240 1117 λοιπόν
257 1049 294 1114 ἐν
310 1061 377 1124 τοῖς
394 1046 508 1124 ὅπλοις
521 1039 606 1132 ήμεν
622 1043 666 1122 ὡς
682 1049 803 1113 ἐπίπαν
817 1045 872 1113 ἀεί
882 1072 974 1124 τινας
988 1048 1125 1131 ἐπιβου-

119 1143 177 1222 λάς
193 1145 470 1230 προσδεχόμενοι·
491 1141 532 1210 ού
548 1143 664 1228 μάτην.
693 1149 743 1211 39.
761 1142 855 1209 οόπω
874 1151 960 1228 γοῦν
977 1142 1125 1210 ἐδεδύκει

124 1241 137 1309 ὅ
153 1241 263 1327 ἥλιος,
279 1245 332 1309 καὶ
347 1240 412 1309 ἀπό
427 1268 517 1319 τινος
532 1240 658 1325 ἐρήμου
672 1240 780 1326 νήσου
795 1241 1030 1328 προσήλαυνον
1046 1238 1125 1326 ἡμῖν

121 1337 202 1405 ὅσον
223 1347 349 1407 εἴκοσιν
370 1337 489 1425 ἀνδρες
510 1341 562 1406 ἐπὶ
583 1343 750 1424 δελφίνων
767 1339 922 1425 μεγάλων
936 1337 1124 1425 ὀχούμενοι,

12 1461 14 1530 3
124 1439 234 1524 λησταὶ
248 1440 302 1503 καὶ
318 1429 426 1504 οὗτοι·
449 1440 504 1505 καὶ
521 1442 555 1505 οί
567 1442 719 1525 δελφῖνες
733 1435 857 1515 αύτούς
877 1444 999 1522 ἔφερον
1014 1436 1125 1521 ἀσφα-

12 1581 13 1584 =
120 1542 199 1620 λώς,
217 1535 273 1600 καὶ
287 1531 521 1620 ἀναπηδῶντες
538 1537 740 1621 ἐχρεμέτιζον
757 1534 866 1619 ώσπερ
882 1537 987 1603 ἵπποι.
1009 1537 1078 1602 ἐπεὶ
1089 1534 1124 1600 δὲ

121 1637 261 1717 πλησίον
273 1625 369 1718 ήσαν,
382 1633 573 1712 διαστάντες
584 1639 617 1701 οί
625 1633 688 1718 μέν
698 1640 811 1720 ἐνθεν,
824 1639 858 1701 οί
867 1634 903 1701 δέ
914 1640 1016 1702 ἐνθεν
1026 1638 1125 1719 ἐβαλ-

11 1763 13 1818 j
123 1738 181 1798 λον
202 1727 290 1815 ἡμᾶς
306 1740 438 1815 σηπίαις
454 1739 565 1817 ξηραῖς
580 1733 634 1799 καὶ
649 1729 838 1818 ὀφθαλμοῖς
858 1740 1035 1819 καρκίνων.
1068 1755 1125 1797 το-

10 1880 12 1908 ,
123 1827 288 1907 ξευόντων
303 1829 338 1894 δέ
353 1830 406 1895 καλ
423 1827 518 1914 ἡμῶν
534 1829 589 1894 καὶ
605 1825 847 1907 ἀκοντιζόντων
865 1827 975 1898 ούκέτι
990 1827 1126 1913 ὑπέμει-

124 1952 200 2009 ναν,
225 1921 309 1992 ἀλλά
325 1931 509 2008 τρωθέντες
525 1929 559 1992 οί
578 1929 693 1993 πολλοὶ
710 1923 822 1992 αὐτων
842 1924 925 2011 πρός
945 1925 1006 2012 τήν
1021 1934 1126 2010 νήσου

121 2024 320 2107 κατέφυγον.
351 2027 401 2090 40.
420 2025 494 2107 περὶ
512 2021 550 2099 δέ
571 2019 607 2088 τό
623 2021 844 2107 μεσονύκτιον
858 2022 1004 2107 γαλήνης
1025 2019 1127 2106 οὔσης

121 2124 288 2208 ἐλάθομεν
304 2128 576 2205 προσοκείλαντες
596 2118 761 2198 ἀλκυόνος
783 2128 880 2208 καλιᾷ
904 2123 1123 2206 παμμεγέθει·
1146 2139 1192 2196 134

121 2224 266 2290 σταδίων
281 2228 365 2307 γοῦν
379 2213 422 2306 ήν
437 2220 520 2305 αύτη
537 2221 693 2306 ἑξήκοντα
710 2217 748 2286 τό
764 2225 970 2306 περίμετρον.
994 2220 1126 2284 ἐπέπλει

121 2318 156 2387 δέ
170 2317 190 2405 ἡ
203 2317 339 2386 ἀλκυών
352 2317 391 2386 τά
407 2317 455 2409 ώά
467 2317 647 2387 θάλπουσα
664 2316 704 2385 οὐ
719 2316 805 2387 πολύ
820 2325 923 2403 μείων
934 2324 991 2402 τῆς
1001 2323 1125 2393 καλιάς.

120 2419 174 2484 καὶ
196 2414 237 2502 δή
259 2415 473 2502 ἀναπταμένη
489 2424 611 2503 μικροῦ
631 2418 693 2502 μὲν
713 2419 872 2484 κατέδυσε
889 2412 951 2502 τήν
973 2421 1061 2482 ναῦν
1080 2419 1126 2503 τῷ

121 2511 233 2601 ἀνέμφ
248 2521 315 2580 τών
326 2520 472 2599 πτερών·
495 2513 594 2602 ςόχετο
607 2512 639 2580 δ’
652 2509 715 2581 ούν
726 2514 900 2601 φεύγουσα
916 2513 1040 2599 γοεράν
1051 2536 1126 2579 τινα

120 2609 241 2697 φωνήν
252 2614 438 2697 προϊεμένη.
454 2613 610 2698 ἐσβάντες
620 2612 657 2679 δέ
665 2610 757 2698 ἡμεῖς
768 2611 891 2700 ήμέρας
902 2610 966 2698 ήδη
977 2609 1122 2697 ύποφαι-

120 2708 246 2794 νούσης
267 2709 444 2795 ἐθεώμεθα
464 2707 526 2794 τήν
546 2710 667 2778 καλιάν
687 2715 798 2799 σχεδίᾳ
820 2710 947 2797 μεγάλη
970 2727 1123 2792 προσεοιι

120 2821 220 2875 κυῖαν
241 2809 277 2874 ἐκ
294 2808 443 2891 δένδρων
464 2806 618 2892 μεγάλων
637 2810 957 2895 συμπεφορημένην·
986 2808 1069 2888 ἐπήν
1090 2801 1127 2868 δὲ

120 2907 174 2973 καί
188 2902 236 2994 ρόἀ
248 2907 465 2990 πεντακόσια,
481 2907 620 2974 ἕκαστον
631 2904 838 2974 αύτῶνΧίου
848 2912 955 2972 πίθον
965 2908 1118 2983 περιπλη·

119 3007 291 3088 θέστερον.
319 3002 382 3089 ήδη
398 3004 511 3089 μέντοι
526 3007 580 3073 καί
600 3010 634 3072 οί
647 3007 772 3073 νεοττοί
789 3007 931 3072 ἔνδοθεν
947 3003 1125 3084 ἐφαίνοντο

120 3103 175 3169 καὶ
201 3107 354 3184 ἔκρωζον.
389 3103 562 3168 πελέκεσιν
582 3095 647 3169 ούν
669 3102 888 3182 διακόψαντες
905 3103 943 3166 ἐν
961 3105 1029 3165 τών
1050 3094 1126 3186 ρόώυ

120 3196 258 3267 νεοττόν
273 3198 417 3282 ἄπτερον
427 3201 672 3285 ἐξεκολάψαμεν
686 3209 789 3268 είκοσι
803 3205 922 3284 γυπῶν
933 3195 1124 3280 ἁδρότερον.

118 3303 170 3365 41.
189 3300 259 3365 ἐπεὶ
274 3298 310 3364 δέ
324 3302 478 3376 πλέοντες
489 3296 667 3385 ἀπείχομεν
677 3305 734 3383 τῆς
750 3303 865 3374 καλιάς
880 3294 962 3364 ὅσον
973 3300 1127 3372 σταδίους

10 3389 11 3454 ἕ
119 3399 327 3481 διακοσίους,
349 3398 467 3480 τέρατα
484 3394 564 3482 ἡμῖν
584 3397 711 3482 μεγάλα
732 3398 786 3463 καὶ
807 3393 986 3482 θαυμαστά
1008 3395 1126 3480 ἐπεσή-
