2575 3842
210 192 595 260 ΑΛΕΞΑΝΔΡΟΣΗ
619 198 1005 257 ΨΕΤΔΟΜΑΝΤΙΣ.
1049 193 1108 258 141

103 355 364 442 φιλοφροσύνην
385 354 511 439 ταύτην
531 350 622 438 ὁρῶν
636 350 672 422 οἷ
682 356 846 423 κινδύνου
865 355 1110 443 καθειστήκειν,

102 452 159 515 καὶ
176 449 245 534 μετ’
263 449 377 537 ὀλίγον
392 458 567 536 προῆλθον
583 459 678 535 φίλος
691 456 919 537 γεγενημένος.
938 456 1109 521 καὶτοῦτο

102 545 146 613 ού
168 547 290 634 μικρόν
305 557 423 634 θαῦμα
442 563 511 628 τοῖς
525 546 650 633 ὁρῶσιν
668 554 797 635 ἔδοξεν,
820 550 908 617 ούτω
923 576 989 635 μου
1012 554 1109 639 ῥᾳδία

101 649 267 731 γενομένη
281 646 447 733 μεταβολή
450 698 457 711 .

189 748 239 809 56.
262 742 343 810 Εἶτα
361 742 402 828 δή
419 769 485 827 μου
505 745 638 810 ἐκπλεῖν
657 748 927 830 προαιρουμένου
947 747 1038 824 ξένια
1055 747 1110 811 καὶ

103 843 196 922 δῶρα
211 838 317 907 πολλὰ
332 842 462 925 πέμψας
476 840 627 925 -μόνος
642 843 678 907 δὲ
693 840 757 907 σύν
768 849 813 932 τῷ
826 846 1019 927 Ξενοφῶντι
1035 847 1110 908 ἔτυ-

102 964 164 1022 χον
180 941 366 1024 ἐπιδημῶν,
388 937 449 1005 τόν
464 940 589 1018 πατέρα
605 941 659 1005 καί
676 936 754 1017 τούς
769 938 868 1025 ἐμούς
883 941 916 1016 ές
928 938 1110 1024 ’Ἀμαστριν

102 1030 397 1118 προύκπεπομφῶς
413 1075 455 1084 -
467 1032 672 1118 ὑπισχνεῖται
687 1038 741 1102 καί
763 1045 881 1104 πλοῖον
895 1034 995 1113 αὐτὸς
1008 1037 1111 1120 παρέ-

103 1136 172 1209 ξειν
188 1134 241 1198 καλ
256 1133 367 1212 ἐρέτας
377 1130 457 1210 τούς
470 1130 669 1210 ἀπάξοντας·
691 1130 783 1218 κάγῶ
795 1136 856 1218 μέν
870 1132 965 1223 η’όμην
979 1130 1110 1201 ἁπλοῦν

103 1254 135 1293 τι
149 1234 247 1294 τοῦτο
263 1227 347 1295 εἶναι
363 1232 417 1296 καλ
433 1228 550 1307 δεξιόν.
575 1230 644 1295 ἐπεὶ
661 1228 697 1295 δέ
710 1228 792 1296 κατά
811 1233 914 1315 μέσον
927 1230 988 1298 τόν
1002 1232 1109 1315 πόρον

103 1323 276 1411 ἐγενόμην,
293 1325 482 1409 δακρύοντα
492 1321 583 1410 ὁρῶν
594 1324 654 1393 τόν
662 1328 872 1414 κυβερνήτην
883 1331 937 1397 καὶ
947 1342 1015 1407 τοῖς
1025 1328 1109 1395 ναύ-

103 1447 176 1498 ταις
192 1448 222 1487 τι
237 1421 450 1509 ἀντιλέγοντα
468 1420 530 1489 ούκ
547 1421 679 1507 ἀγαθός
693 1422 781 1510 εἶχον
795 1428 871 1511 περὶ
885 1434 953 1493 τῶν
967 1426 1109 1512 μελλόν-

102 1542 173 1583 των
189 1521 329 1598 ἐλπίδας.
357 1514 401 1605 ἦν
422 1521 457 1587 δὲ
478 1519 590 1599 αὐτοῖς
604 1526 847 1609 ἐπεσταλμένον
863 1521 928 1591 ὑπό
947 1531 1007 1591 τοῦ
1019 1522 1110 1591 Ἀλε-

104 1616 251 1699 ξύνδρου
268 1614 454 1702 ἀραμένους
474 1621 567 1703 ῥίψαι
582 1615 668 1703 ἡμᾶς
688 1622 720 1697 ές
735 1618 796 1705 τήν
811 1620 998 1688 θάλατταν·
1027 1618 1108 1701 ὅπερ

105 1719 136 1780 εί
151 1715 340 1798 ἐγεγένητο,
366 1719 487 1803 ῥηιδίως
507 1712 551 1779 ἀν
572 1713 661 1805 αύτῷ
683 1719 939 1803 διεπεπολέμητο
963 1716 1003 1786 τά
1027 1714 1111 1802 πρός

103 1814 169 1895 ἐμέ.
200 1808 284 1878 ἀλλὰ
304 1813 460 1897 δακρύων
481 1814 605 1889 ἐκεῖνος
620 1818 729 1879 ἔπεισε
749 1815 804 1881 καὶ
821 1812 900 1892 τούς
920 1815 1109 1891 συνναύτας
1128 1833 1175 1886 261

103 1911 208 1995 μηδὲν
227 1906 313 1995 ήμῶς
335 1905 487 1995 δεινόνή
508 1908 614 1977 κακόν
630 1910 849 1995 ἐργάσασθαι,
877 1910 1034 1994 καὶπρὸς
1055 1910 1109 1996 ἐμὲ

104 2014 180 2092 ἔφη,
189 2004 265 2090 ”Em
278 2006 445 2092 ἑξήκοντα,
462 2004 506 2084 ῶς
516 2005 607 2095 ὁρᾷς,
623 2004 847 2092 ἀνεπίληπτον
857 2015 932 2093 βίον
947 2012 1002 2075 καὶ
1016 2006 1110 2073 όσιον

103 2101 339 2190 προβεβιωκῶς
358 2103 421 2170 ούκ
441 2100 486 2169 ἀν
508 2110 694 2189 βουλοίμην
717 2107 754 2170 έν
776 2104 882 2193 τούτῳ
904 2110 961 2189 τῆς
981 2102 1111 2189 ἡλικίας

103 2207 158 2269 καλ
169 2217 312 2288 γυναῖκα
323 2206 377 2271 καὶ
390 2207 489 2270 τέκνα
501 2210 585 2288 ἔχων
599 2210 714 2287 μιᾶναι
730 2203 824 2291 φόνῳ
835 2200 893 2280 τάς
906 2215 1031 2286 χεῖρας,
1050 2206 1111 2285 δη-

103 2310 174 2368 λῶν
185 2299 239 2387 ἐφ’
253 2300 334 2387 ὅπερ
344 2302 430 2389 ἡμᾶς
441 2301 614 2387 ἀνειλήφει
626 2303 682 2368 καὶ
692 2299 731 2367 τά
744 2299 809 2367 ὑπὸ
822 2308 881 2367 τοῦ
893 2298 1110 2384 Ἀλεξάνδρου

104 2404 382 2484 προστεταγμένα.
414 2404 463 2468 57.
482 2400 710 2485 καταθέμενος
728 2402 763 2467 δὲ
778 2397 862 2485 ἡμᾶς
878 2403 915 2467 ἐν
930 2405 1109 2484 Αἰγιαλοῖς,

105 2489 154 2563 ῶν
176 2499 230 2564 καλ
252 2497 270 2567 ὁ
295 2498 396 2575 καλὸς
412 2496 555 2583 Ὅμηρος
575 2500 752 2583 μέμνηται,
780 2495 884 2565 ὀπίσω
906 2495 1108 2583 ἀπήλαυνεν.

105 2600 191 2661 ἔνθα
222 2592 284 2679 έγῶ
317 2600 567 2678 παραπλέοντας
598 2593 709 2680 εὑρῶν
737 2597 990 2680 Βοσποριανούς
1019 2622 1112 2674 τινας

105 2694 258 2777 πρέσβεις
269 2690 348 2776 παρ’
366 2690 563 2776 Εόπύτορος
575 2701 636 2760 τοῦ
650 2697 810 2781 βασιλέως
823 2698 855 2772 ές
868 2693 930 2781 τήν
943 2702 1112 2762 Βιθυνίαν

103 2787 264 2867 ἀπιόντας
278 2792 328 2857 ἐπὶ
348 2796 468 2881 κομιδῇ
483 2800 539 2876 τῆς
554 2795 703 2859 ἐπετείου
721 2791 905 2871 συντάξεως
926 2795 979 2859 καὶ
995 2797 1112 2877 διηγη-

103 2890 248 2973 σόμενος
257 2888 370 2967 αύτοῐς
380 2887 440 2956 τόν
449 2890 649 2973 περιστάντα
660 2886 744 2974 ἡμᾶς
756 2894 917 2957 κίνδυνον
928 2893 982 2957 καλ
995 2894 1111 2970 δεξιῶν

103 2985 217 3053 αὐτῶν
232 2984 342 3072 τυχῶν
353 2985 561 3073 ἀναληφθεὶς
574 2990 607 3063 ἐς
618 2984 654 3053 τό
667 2995 785 3053 πλοῖον
795 2988 995 3072 διασώζομαι
1007 2990 1039 3064 ἐς
1050 2985 1111 3072 τήν

101 3083 285 3171 ’Ἄμαστριν
294 3084 383 3170 παρὰ
394 3092 556 3153 τοσοῦτον
567 3082 679 3152 έλθῶν
690 3082 882 3151 ἀποθανεῖν.
905 3081 1111 3152 τούντεῦθεν

102 3186 157 3249 καὶ
169 3179 270 3259 αύτός
280 3184 553 3269 ἐπεκορυσσόμην
565 3181 655 3271 αύτῷ
667 3183 721 3249 καὶ
732 3180 841 3247 πάντα
852 3179 965 3247 κόλων
976 3183 1111 3249 ἐκίνουν

103 3278 299 3364 ἀμύνασθαι
314 3281 535 3367 βουλόμενος,
557 3283 611 3348 καλ
625 3278 689 3364 πρὸ
708 3286 764 3366 τῆς
781 3282 957 3366 ἐπιβουλῆς
978 3279 1039 3366 ήδη
1056 3307 1112 3366 μι-

103 3385 173 3445 σῶν
188 3376 292 3445 αὐτόν
308 3382 362 3447 καλ
378 3384 533 3465 ἔχθιστον
546 3377 732 3465 ἡγούμενος
753 3374 808 3444 διά
823 3374 885 3465 τήν
901 3385 962 3445 τοῦ
984 3380 1111 3465 τρόπον
