2575 3842
366 203 641 263 ΛΟΤΚΙΟΣΗ
664 204 806 264 ΟΝΟΣ.
1029 204 1091 266 319

78 368 114 432 δέ
132 369 165 432 οί
175 373 280 451 γῦπες
296 361 349 431 διά
365 371 426 431 τού
447 363 530 432 ὄνου
551 363 779 446 παρεισιόυτες
801 374 879 434 εἴσω
893 363 948 433 καλ
964 362 1091 452 ταύτην

78 463 122 542 ὡς
136 467 265 532 ἐκεῖνον
281 472 359 540 ίσως
375 463 430 529 καὶ
444 468 551 543 ζῶσαν
563 468 609 530 ἔτι
624 462 876 529 διασπάσονται.
899 467 949 532 26.
970 463 1091 540 πάντες

77 561 267 651 ἀνεβόησαν
289 559 332 640 ῶς
357 565 409 630 ἐπὶ
429 560 548 652 ἀγαθῷ
569 563 702 650 μεγάλῳ
725 569 772 646 τῶ
787 563 965 647 τερατῶδει
982 563 1090 653 τούτφ

77 659 246 747 εὑρήματι.
269 659 333 746 έγῶ
349 661 385 727 δέ
402 658 582 728 ἀνέστενον
598 658 718 728 ἑαυτὸν
729 656 773 737 ῶς
789 654 832 726 ἀν
848 657 1090 748 άποσφαγησό-

75 785 176 842 μενος
193 762 247 827 καὶ
272 760 355 844 μηδὲ
372 757 491 842 νεκρός
513 755 653 843 εύτυχὴς
672 756 881 842 κεισόμενος,
904 754 988 827 ἀλλά
1003 783 1091 843 παρ-

75 862 183 928 θένον
206 861 330 928 ἀθλιάν
349 859 579 944 έπιδεξόμενος
596 860 651 926 καλ
674 857 764 943 θήκη
785 854 886 924 οὐδὲν
909 854 1091 946 ἀδικούσης

74 959 178 1043 κόρης
191 957 356 1043 ἐσόμενος.
381 955 506 1042 ὄρθρος
523 957 558 1026 δὲ
569 950 613 1043 ἡν
624 961 671 1023 ἔτι
683 958 738 1023 καὶ
750 959 906 1042 ἐξαίφνης
918 959 1090 1042 ἐφίσταται

77 1065 207 1142 πλῇθος
229 1075 439 1138 στρατιῶτιν
456 1054 509 1122 ἐπὶ
529 1051 607 1131 τούς
624 1051 766 1139 μιαρούς
786 1053 926 1132 τούτους
947 1052 1090 1140 ἀφιγμέ-

76 1181 156 1240 νον,
175 1154 230 1222 καλ
241 1151 369 1231 εύθέιος
382 1152 510 1230 πάντας
525 1153 687 1236 έδέσμουν
703 1152 758 1219 καλ
773 1153 825 1220 έπλ
840 1149 901 1218 τόν
913 1160 971 1238 τῇς
981 1152 1090 1239 χώρας

75 1251 224 1338 ἡγεμόνα
241 1249 379 1338 ἀπῇγον.
409 1257 502 1337 ἔτυχε
518 1251 554 1317 δὲ
569 1250 625 1318 καλ
646 1247 743 1335 ὁτὴν
758 1249 864 1336 κόρην
882 1271 1090 1337 μεμνηστευ-

75 1353 175 1436 μένος
189 1347 254 1418 σύν
274 1348 386 1428 αὐτοῖς
408 1349 535 1418 έλθιόν·
567 1346 668 1426 αὐτὸς
684 1346 748 1434 γάρ
767 1341 811 1434 ἡν
826 1347 844 1416 ὁ
862 1352 918 1419 καλ
932 1348 968 1416 τό
986 1376 1089 1417 κατα-

72 1449 201 1534 γῶγιον
215 1456 283 1516 τῶν
300 1456 430 1536 ληστῶν
441 1448 601 1535 μηνύσας.
624 1446 831 1536 παραλαβῶν
846 1442 911 1516 οὖν
924 1447 987 1535 τὴν
1001 1474 1089 1530 παρ-

74 1551 182 1616 θένον
197 1552 251 1615 καλ
268 1555 411 1625 καθίσας
426 1544 476 1614 ἐπ’
491 1546 546 1632 ἐμὲ
559 1544 667 1624 οὕτως
679 1539 763 1632 ἡγεν
776 1551 899 1615 οἴκαδε.
922 1551 957 1615 ολ
967 1548 1004 1613 δέ
1019 1571 1088 1613 κω-

75 1651 174 1730 μὴται
185 1642 228 1722 ῶς
238 1642 422 1730 είδονὴμᾶς
431 1649 477 1711 ἔτι
487 1644 679 1729 πόρρωθεν,
690 1650 842 1730 ἔγνωσαν
853 1644 1086 1730 εὐτυχοῦντας,

77 1739 271 1826 εὐαγγέλιον
282 1740 394 1819 αὐτοῖς
411 1746 492 1826 ἐμοῦ
506 1747 821 1829 προογκησαμένου,
843 1747 899 1811 καλ
914 1749 1087 1830 προσδρα-

73 1839 193 1925 μόντες
202 1835 387 1925 ῇσπάζοντο
397 1841 452 1906 καὶ
460 1831 546 1924 ἦγον
558 1846 631 1906 ἔσω.
650 1845 700 1906 27.
713 1838 734 1926 ἡ
747 1843 782 1908 δέ
793 1844 964 1925 παρθένος
976 1839 1086 1910 πολύυ

74 1938 178 2022 λόγον
201 1935 286 2022 εἶχεν
307 1939 390 2023 ἐμοῦ
411 1941 541 2004 δίκαιον
560 1943 705 2004 ποιοῦσα
725 1944 786 2003 τοῦ
807 1939 1085 2024 συναιχμαλώτου

73 2036 392 2118 συναποδράσαντος
408 2037 462 2102 καὶ
475 2031 536 2103 τόν
551 2030 668 2101 κοινόν
682 2033 767 2124 αὐτῇ
787 2036 917 2102 ἐκείνου
931 2036 1083 2103 θάνατον
1103 2051 1154 2105 596

73 2133 431 2218 συγκινδυνεύσαντας.
458 2140 516 2200 καί
533 2159 590 2218 μοι
604 2130 695 2219 παρά
711 2140 769 2220 τῇς
789 2137 990 2218 κεκτημένης
1010 2130 1086 2216 ἀρι-

73 2252 154 2298 στον
168 2233 340 2316 παρέκειτο
355 2233 513 2316 μέδιμνος
524 2237 656 2316 κριθῶν
667 2234 721 2297 καλ
732 2231 848 2317 χόρτος
862 2227 940 2308 ὅσος
954 2232 1009 2310 καλ
1024 2256 1084 2296 κα-

73 2330 166 2420 μῇλφ
182 2327 305 2408 ἱκανός.
334 2326 399 2413 έγῶ
416 2328 452 2396 δὲ
467 2328 542 2396 τότε
560 2329 701 2415 μάλιστα
717 2327 919 2414 κατηράμην
932 2326 994 2414 τὴν
1010 2336 1084 2395 Πα-

73 2433 233 2513 λαίστραν
249 2424 292 2505 ῶς
313 2425 400 2494 όνον
409 2453 450 2512 με
465 2430 520 2496 καὶ
536 2425 578 2495 ού
594 2429 682 2495 κύνα
699 2435 739 2515 τῇ
753 2430 851 2517 τέχνη
864 2437 1082 2513 μεταθεῑσαν·

72 2525 188 2610 ἑτάρων
202 2523 267 2611 γάρ
282 2523 359 2604 τούς
375 2525 480 2605 κύνας
495 2532 541 2605 είς
554 2523 774 2595 τούπτανεῖον
785 2525 1018 2611 παρεισιόντος
1029 2528 1081 2594 καλ

73 2622 308 2707 λαφύσσοντος
330 2623 436 2691 πολλά
458 2627 512 2693 καὶ
533 2625 595 2693 ὅσα
611 2629 648 2693 ἐν
668 2627 787 2712 γάμοις
807 2631 980 2693 πλουσίοιν
997 2650 1084 2711 νυμ-

74 2725 171 2803 φίων.
205 2718 342 2804 ἡμέραις
357 2724 393 2788 δὲ
417 2720 559 2805 ὕστερον
580 2722 662 2808 μετὰ
679 2722 738 2790 τόν
755 2724 863 2809 γάμον
884 2721 925 2790 ού
946 2731 1083 2801 πολλαῖς

74 2815 187 2901 ἐπειδὴ
206 2816 304 2902 χάριν
325 2844 381 2903 μοι
401 2816 421 2904 ἡ
440 2822 599 2888 δέσποινα
617 2826 680 2906 ἔφη
703 2826 790 2906 ἔχειν
810 2819 900 2902 παρά
921 2828 966 2911 τῷ
984 2823 1083 2905 πατρὶ

72 2917 128 2984 καὶ
142 2912 351 3000 ἀμείψασθαί
359 2941 398 2999 με
411 2913 534 3004 ἀμοιβῇ
544 2925 584 3005 τῇ
595 2921 706 3006 δικαίᾳ
720 2918 844 3002 θέλειν,
861 2915 998 3004 ὁπατὴρ
1011 2920 1082 2984 έκέ-

72 3024 192 3083 λενσεν
212 3013 394 3098 ἐλεύθερον
415 3012 550 3098 ἀφιέναι
568 3013 753 3100 ὑπαίθριον
768 3017 823 3083 καὶ
839 3014 904 3084 σύν
918 3032 988 3095 ταῖς
1002 3014 1081 3102 ἀγε-

72 3118 178 3189 λαίαις
193 3113 307 3189 ’ίπποις
318 3113 495 3197 νέμεσθαι
518 3111 646 3198 καλγάρ
663 3111 707 3192 ῶς
718 3114 912 3199 ἐλεύθερος,
929 3120 1009 3200 ἔφη,
1026 3113 1081 3199 ζῇ-

73 3230 163 3277 σεται
178 3213 213 3276 έν
229 3205 334 3300 ἡδονῇ
349 3212 403 3277 καὶ
417 3225 486 3289 ταῖς
501 3214 614 3290 ἵπποις
629 3212 828 3299 ἐπιβήσεται.
858 3214 913 3280 καλ
929 3211 1013 3299 αὕτη
1029 3217 1081 3280 δι-

72 3307 226 3392 καιοτάτη
243 3303 365 3393 ἀμοιβῇ
381 3307 488 3376 ἐδόκει
506 3311 596 3395 τότε,
613 3316 643 3378 εί
657 3303 701 3396 ἡν
718 3307 758 3378 τά
774 3309 950 3397 πράγματα
964 3313 1001 3378 έν
1012 3308 1080 3402 ὅνφ

73 3409 216 3494 δικαστῇ.
245 3410 384 3508 καλέσας
406 3399 468 3474 οὖν
489 3416 555 3476 τῶν
576 3415 798 3498 ἱπποφορβῶν
821 3436 896 3478 τινα
915 3409 1021 3502 τούτῳ
1038 3435 1079 3496 με
