2575 3842
423 195 632 272 ΤΟΞΑΡΙΣ
649 204 678 256 H
698 201 857 261 ΦΙΛΙΑ.
1083 202 1143 264 293

132 358 150 429 ὁ
167 362 229 447 μὲν
245 360 360 446 έχώρει
374 356 417 437 ιὸς
430 356 515 444 είχεν
527 355 632 435 εύθύς
647 360 700 426 ἐπὶ
713 365 774 426 τοῦ
785 359 965 446 Βοσπόρου
979 361 998 429 ὁ
1012 363 1142 450 Λογχά-

132 484 199 544 της,
215 455 421 541 ὁΜακέντης
436 455 471 523 δὲ
484 458 535 525 έπὶ
547 453 808 542 τοὸςΜόχλυας,
825 459 965 544 ἱππότης
975 459 1139 545 ἑκάτερος,
1159 470 1210 523 554

131 553 150 624 ὁ
170 555 205 623 δὲ
229 553 433 641 Ἀρσακόμας
453 564 538 622 οίκοι
555 557 667 639 μένων
689 568 757 632 τοὶς
777 581 812 622 τε
831 553 1018 641 ἡλικιώταις
1036 560 1140 626 διελέ-

131 680 206 740 γετο
222 655 275 720 καὶ
292 650 410 733 ώπλιζε
428 653 574 738 δύναμιν
587 649 678 737 παρὰ
692 662 760 720 τῶν
771 659 918 739 οίκεὶων,
934 657 1026 733 τέλος
1038 657 1074 724 δέ
1086 658 1141 723 καὶ

131 754 183 820 έπὶ
197 759 254 837 τῆς
272 751 400 838 βύρσης
417 753 598 831 ἐκαθέζετο.
628 749 732 818 48.τὸ
757 751 793 819 δὲ
814 757 893 829 έθος
909 749 990 837 ἡμῖν
1011 752 1048 819 τὸ
1066 755 1141 838 περὶ

130 849 192 936 τὴν
204 851 336 937 βύρσαν
353 847 459 927 οὕτως
474 855 553 934 ἔχει·
577 847 712 917 ἐπειδᾶν
727 848 900 936 ἀδικηθείς
910 875 959 929 τις
973 848 1058 936 πρός
1072 853 1141 918 ἑτέ-

130 975 194 1035 ρου
211 945 406 1034 ἀμύνασθαι
425 947 630 1035 βουλόμενος
648 952 703 1036 ίδη
717 946 797 1015 καθ’
821 946 941 1016 ἑαυτὸν
963 944 1025 1016 οὐκ
1048 945 1141 1026 ἄξιό-

130 1057 231 1134 μαχος
247 1046 310 1134 τόν,
334 1054 420 1134 βοῦν
436 1047 588 1134 ἱερεύσας
609 1046 649 1114 τὰ
666 1050 727 1133 μὲν
741 1050 821 1130 κρέα
844 1047 1034 1127 κατακόψας
1050 1044 1139 1132 ἥψη-

130 1164 205 1232 σεν,
225 1143 323 1224 αύτὸς
339 1146 376 1214 δὲ
391 1146 570 1223 ἐκπετάσας
584 1147 685 1233 χαμαὶ
699 1144 760 1231 τὴν
776 1147 908 1234 βύρσαν
921 1146 1068 1230 κάθηται
1083 1142 1135 1211 ἐπ’

130 1243 230 1331 αὐτῆς
244 1251 290 1325 είς
305 1242 452 1314 τούπίσω
467 1241 672 1331 παραγαγών
685 1242 731 1311 τώ
746 1258 833 1330 χεῖρε
848 1241 959 1329 ώσπερ
975 1248 1009 1311 οἱ
1021 1246 1139 1311 ἐκτῶν

129 1343 291 1430 ἀγκώνων
307 1339 485 1430 δεδεμένοι.
507 1347 562 1412 καί
576 1342 676 1411 τοῦτό
689 1346 779 1411 έστιν
793 1340 904 1429 ἡμίνὴ
920 1348 1055 1428 μεγίστη
1068 1346 1138 1409 ἱκε-

127 1451 232 1530 τηρία.
256 1446 509 1529 παρακειμένων
525 1442 561 1510 δὲ
572 1449 639 1510 τών
651 1449 760 1527 κρεῶν
774 1449 835 1509 τοῦ
848 1439 928 1528 βοὸς
942 1440 1138 1525 προσιόντες

128 1545 160 1608 οἱ
176 1547 290 1610 οίκεὶοι
312 1545 366 1609 καί
387 1548 455 1609 τών
471 1539 583 1609 ἄλλων
600 1537 617 1608 ὁ
640 1540 845 1627 βουλόμενος
862 1553 983 1625 μοίραν
1001 1539 1138 1614 ἕκαστος

128 1636 240 1724 λαβὼν
250 1635 365 1724 έπιβδς
376 1646 416 1726 τῇ
427 1639 536 1727 βύρσχχ
547 1638 607 1706 τόν
618 1637 728 1717 δεξιόν
739 1636 825 1706 πόδα
836 1635 1042 1723 ὑπισχνεῖται
1053 1632 1136 1703 κατὰ

130 1735 291 1820 δύναμιν,
316 1733 333 1802 ὁ
349 1735 411 1820 μὲν
426 1737 523 1802 πέντε
537 1738 655 1814 ἱππέας
670 1738 824 1821 παρέξειν
839 1733 974 1812 όσὶτους
988 1735 1043 1802 καὶ
1060 1731 1138 1818 όμὶ-

128 1843 251 1918 σθους,
276 1829 293 1898 ὁ
309 1836 344 1899 δὲ
359 1835 453 1917 δέκα,
476 1830 493 1901 ὁ
512 1837 547 1901 δὲ
561 1839 712 1917 πλείους,
735 1831 752 1899 ὁ
769 1837 805 1900 δὲ
827 1830 961 1909 ὁπλίτας
982 1827 1138 1918 ἢπεζούς

127 1929 275 2008 ὁπόσους
289 1926 332 1996 ἂν
354 1929 509 2016 δύνηται,
531 1927 548 1997 ὁ
566 1930 602 1996 δὲ
623 1927 732 2014 μόνον
751 1927 873 1996 έαυτὸν
894 1927 911 1995 ὁ
928 1932 1136 2003 πενέστατος.

28 2069 33 2079 ·
128 2025 316 2114 ἀθροίζεται
336 2019 400 2095 οὖν
422 2029 474 2094 έπλ
488 2034 545 2112 τῆς
566 2024 694 2113 βύρσης
711 2022 944 2110 πολὺπλῆθος
961 2025 1065 2090 ε’νὶοτε
1082 2025 1137 2089 καὶ

127 2124 163 2193 τό
179 2132 333 2194 τοιοῦτον
348 2124 520 2211 σύνταγμα
531 2121 751 2212 βεβαιότατόν
767 2125 805 2190 τέ
814 2124 882 2189 έστι
893 2133 1072 2206 συμμεῖναι
1083 2121 1138 2187 καὶ

127 2223 345 2312 ἀπρόσμαχον
356 2239 424 2304 τοὶς
435 2227 566 2311 ἐχθροῖς
578 2221 635 2290 ἅτε
647 2225 701 2290 καί
712 2226 854 2308 ἔνορκον
864 2219 921 2288 όν·
939 2217 976 2286 τό
987 2216 1053 2304 γὰρ
1065 2221 1138 2285 ἐπι-

126 2332 225 2412 βῆναι
248 2332 306 2411 της
325 2324 452 2412 βύρσης
474 2322 573 2408 ὅρκος
595 2324 693 2388 ἐστίν.
727 2317 745 2388 ὁ
767 2321 830 2406 μὲν
848 2311 913 2386 σύν
933 2317 1138 2403 Ἀρσακόμας

127 2425 163 2489 ἐν
180 2423 310 2502 τούτοις
326 2417 378 2509 ἦν.
411 2423 466 2490 καὶ
482 2419 719 2508 ἠθροίσθησαν
739 2418 830 2508 αύτῷ
849 2420 958 2495 ἱππεὶς
975 2417 1036 2503 μὲν
1051 2413 1136 2501 ἀμφὶ

33 2511 37 2518 ’
125 2519 203 2598 τούς
214 2527 513 2607 πεντακισχιλίους,
529 2518 659 2592 ὁπλῖται
674 2519 710 2588 δέ
721 2522 776 2588 καλ
787 2523 876 2600 πεζοὶ
887 2517 1136 2602 συναμφότεροι

126 2617 303 2703 δισμύριοι.
327 2624 378 2686 49.
398 2616 416 2685 ὁ
432 2619 468 2687 δὲ
479 2619 652 2706 Λογχάτης
666 2617 894 2705 ἀγνοούμενος
906 2611 1088 2701 παρελθών
1103 2616 1136 2691 ές
1153 2630 1204 2684 555

125 2712 185 2780 τὸυ
196 2713 372 2800 Βόσπορον
382 2720 596 2803 προσέρχεται
606 2724 653 2805 τῷ
664 2722 796 2802 βασιλεῖ
805 2717 1025 2803 διοικουμένῳ
1037 2740 1068 2780 τι
1078 2720 1135 2797 τῆς

127 2809 227 2897 ἀρχῆς
241 2813 296 2880 καὶ
311 2817 414 2898 φησὶν
429 2813 524 2900 ἥκειν
539 2815 600 2901 μέν
612 2812 677 2880 όπὸ
690 2821 750 2880 τοῦ
762 2820 879 2880 κοινοῦ
893 2819 961 2880 τῶν
972 2818 1135 2895 Σκυθῶν,

126 2915 194 3000 ίδίᾳ
208 2911 244 2978 δὲ
265 2908 357 3000 αύτῷ
376 2914 502 2997 μεγάλα
518 2913 695 2998 πράγματα
709 2917 861 2997 κομίζων.
891 2918 952 2977 τοῦ
967 2909 1004 2977 δέ
1025 2913 1136 2994 λέγειν

124 3009 360 3093 κελεύσαντος,
380 3015 424 3078 Οἱ
437 3015 499 3097 μὲν
511 3011 667 3098 Σκύθαι,
683 3010 836 3099 φησί,τὸ
853 3008 951 3080 κοινοὶ
965 3017 1069 3077 ταῦτα
1080 3012 1135 3076 καὶ

124 3107 163 3175 τότ
184 3104 266 3187 καθ’
287 3105 416 3194 ἡμέραν
437 3108 581 3193 ἀξιοῦσι,
609 3110 654 3199 μὴ
675 3110 893 3200 ὑπερβαίνειν
913 3108 993 3189 τούς
1014 3112 1135 3195 νομέας

123 3205 220 3294 ὑμῶν
231 3210 263 3287 ές
274 3205 311 3275 τό
323 3213 451 3297 πεδίον,
463 3207 547 3279 ἀλλὰ
558 3214 651 3297 μέχρι
663 3220 726 3280 τοῦ
736 3218 903 3297 τραχώυος
913 3214 1042 3297 νέμειν·
1056 3206 1135 3286 τούς

124 3310 160 3374 δέ
174 3303 296 3396 ληστὸς
310 3305 369 3387 ούς
386 3315 539 3378 αίτιᾶσθε
554 3307 598 3388 οὸς
613 3313 872 3397 κατατρέχοντας
882 3308 979 3398 ὑμῶν
993 3307 1055 3396 την
1068 3308 1135 3395 χιό-

124 3430 205 3490 ραν,
229 3403 271 3473 ού
288 3409 391 3492 φασὶν
406 3407 471 3477 όπὸ
493 3418 608 3498 κοινῆς
629 3410 765 3499 γνώμης
786 3411 1027 3497 ἐκπέμπεσθαι,
1050 3404 1133 3475 ἄλλό
