2575 3842
378 214 612 273 ΛΟΥΚΙΟΣ
630 218 657 268 H
680 212 820 272 ΟΝΟΣ.
896 301 909 305 -
1042 207 1103 272 307

94 376 129 443 δέ
145 402 184 464 τη
202 380 300 462 κλίνη
314 393 525 458 παρειστηκει
542 370 704 457 ποτήριον
717 377 853 457 ἔχουσα·
874 373 929 437 καὶ
941 369 1031 449 οἶνος
1042 397 1106 438 αν-

93 483 153 540 τοῦ
167 478 341 557 παρέκειτο
358 472 413 537 καὶ
424 467 517 556 ὕδωρ
533 472 666 555 ἕτοιμον
682 473 737 537 καὶ
748 466 879 554 ψυχρόν
893 471 948 537 καὶ
962 468 1103 555 θερμόν.

94 579 182 638 πᾶσα
201 569 236 636 δέ
257 561 302 656 ήν
328 565 412 652 αὑτη
437 575 495 651 τῆς
513 573 725 653 Παλαίσιρας
742 566 945 652 παρασκευή.
980 575 1047 634 τῶν
1069 568 1105 635 δέ

94 669 297 755 στρωμάτων
308 664 391 756 ῥόδα
403 670 509 732 πολλοὶ
520 666 756 749 κατεπέπαστο,
768 663 808 731 τά
818 664 880 749 μὲν
891 662 980 732 οὕτω
991 662 1103 750 γυμνά

94 764 176 834 καθ’
195 763 312 849 ἑαυτά,
339 761 378 830 τά
401 763 437 830 δέ
456 764 636 847 λελυμένα,
663 759 703 829 τά
719 765 755 829 δέ
777 762 954 849 στεφάνοις
976 786 1104 848 συμπε-

1 927 2 946 ,
94 868 269 949 πλεγμέυα.
306 858 398 947 κάγῶ
419 855 456 927 τό
480 860 669 945 συμπόσιον
691 856 801 945 εὑρῶν
828 862 962 952 έτοιμον
984 867 1104 946 έμενον

1 969 2 974 ’
94 961 153 1030 τὸν
168 960 352 1046 συμπότην.
382 965 412 1028 8.
430 954 450 1046 ή
469 958 505 1025 δέ
521 957 633 1042 ἐπειδή
650 962 820 1026 κατέκλινε
835 956 896 1044 τήν
911 962 1101 1042 δέσποιναν,
1122 968 1171 1025 ⁵7⁶

95 1066 225 1148 σπουδή
242 1057 321 1144 παρ’
335 1060 391 1144 έμδ
402 1049 478 1144 ἧκε,
495 1048 607 1141 καλήν
622 1053 816 1144 εύφροσύνη
827 1055 887 1124 τόν
903 1057 997 1124 οἶνον
1009 1054 1103 1142 ἡμῶν

95 1155 202 1226 καὶτὰ
219 1155 385 1243 φιλήματα
399 1153 635 1239 προπινόντων
648 1153 810 1239 ἀλλήλοις.
843 1152 887 1234 ὡς
902 1155 937 1222 δέ
951 1163 996 1244 τῷ
1013 1160 1102 1242 ποτῷ

96 1253 392 1340 παρεσκευάσαμεν
406 1250 546 1330 ἑαυτούς
558 1245 597 1319 εὑ
611 1251 695 1336 πρὸς
709 1249 771 1338 τήν
781 1253 904 1337 νύκτα,
920 1257 1009 1338 λέγει
1020 1251 1104 1336 πρός

95 1379 135 1439 με
151 1350 171 1439 ή
186 1357 394 1436 Παλαίστρα·
426 1359 531 1418 Τοὺτο
550 1349 669 1436 μὲνδὴ
688 1352 820 1429 πάντως
841 1355 893 1418 δεῖ
915 1374 952 1417 σε
973 1376 1103 1436 μνημο-

96 1452 218 1534 νεύειν,
238 1445 265 1517 ῶ
275 1458 438 1533 νεανίσκε,
456 1448 506 1516 ότι
525 1455 570 1527 είς
580 1456 794 1533 Παλαίστραν
810 1451 1031 1535 ἐμπέπτωκας,
1049 1448 1103 1514 καὶ

95 1550 156 1634 χρή
173 1570 209 1616 σε
226 1556 292 1616 νύν
314 1552 470 1626 ἐπιδείξαι
491 1553 521 1615 εί
535 1550 676 1633 γέγονας
695 1550 732 1614 ἐν
746 1564 813 1626 τοῖς
830 1550 966 1634 ἐφήβοις
982 1544 1103 1631 γοργὸς

99 1649 149 1718 καὶ
165 1652 373 1730 παλαίσματα
391 1643 497 1711 πολλά
515 1649 636 1729 ἔμαθές
657 1669 744 1711 ποτε.
774 1643 860 1712 Ἀλλ’
881 1643 942 1712 οὑκ
960 1640 1003 1710 ῶν
1020 1647 1103 1721 ίδοις

98 1741 267 1827 φεύγοντά
285 1766 326 1825 με
347 1738 407 1808 τόν
428 1748 561 1826 ἔλεγχον
578 1749 714 1809 τοῦτον·
745 1741 827 1809 ῶστε
845 1742 1028 1825 άπόδυσαι,
1050 1741 1105 1807 καὶ

96 1841 159 1927 ήδη
175 1846 376 1923 παλαίωμεν.
404 1837 425 1924 ἡ
442 1843 494 1922 δέ,
516 1837 648 1918 Οὕτως,
671 1846 752 1925 ἔφη,
772 1838 816 1917 ὡς
833 1839 897 1924 έγῶ
912 1841 1018 1922 θέλω,
1039 1862 1105 1903 πα-

1 1977 3 2010 ι
97 1940 223 2024 ράσχου
239 1963 295 2022 μοι
306 1935 369 2022 τήν
380 1939 553 2015 ἐπίδειξιν·
571 1933 634 2021 έγῶ
652 1937 713 2020 μέν
725 1937 817 2026 νόμω
834 1937 1039 2003 διδασκάλου
1050 1935 1105 2001 καὶ

96 2036 274 2104 ἐπιστάτου
294 2033 333 2100 τὰ
350 2032 497 2118 ὀνόματα
514 2041 582 2100 τῶν
603 2035 842 2119 παλαισμάτων
858 2026 906 2100 ῶν
923 2036 1028 2100 ἐθέλω
1046 2029 1105 2096 εὑ-

1 2151 3 2188 ³
97 2141 202 2217 ροὺσα
223 2134 304 2218 έρῶ,
329 2129 372 2198 σὺ
394 2133 429 2198 δέ
455 2133 585 2216 ἕτοιμος
607 2138 705 2217 γίνου
729 2135 761 2209 ἐς
785 2130 822 2198 τό
844 2129 1030 2197 ὑπακούειν
1049 2130 1104 2196 καὶ

95 2246 204 2300 ποιεῖν
219 2238 286 2297 πᾶν
306 2229 342 2297 τό
366 2230 598 2315 κελευόμενον.
627 2226 712 2296 Ἀλλ’
731 2231 894 2314 ἐπίταττε,
920 2234 1023 2314 ἔφην,
1049 2229 1104 2293 καὶ

95 2331 211 2398 σκόπει
227 2328 316 2408 ὅπως
331 2327 471 2416 εὐχερῶς
492 2332 546 2397 καὶ
566 2326 678 2414 ὑγρῶς
692 2325 731 2393 τά
746 2333 954 2412 παλαίσματα
969 2328 1022 2394 καί
1047 2324 1103 2393 εὑ-

95 2430 201 2508 τόνως
216 2435 313 2497 ἔσται.
336 2435 364 2496 9.
382 2428 403 2516 ἡ
419 2429 455 2497 δέ
465 2428 702 2514 άποδυσαμένη
717 2425 780 2512 τήν
794 2428 918 2512 έσθήτα
930 2428 985 2494 καὶ
1000 2432 1103 2493 στᾶσα

3 2547 4 2588 l
96 2527 156 2613 ὑλη
174 2526 284 2615 γυμνή
303 2534 405 2596 ἔνθεν
421 2527 541 2615 ήρξατο
559 2528 761 2611 ἐπιτάττειν,
779 2517 817 2591 Ὠ
833 2524 1024 2612 μειράκιον,
1048 2531 1102 2592 έκ-

96 2632 194 2692 δυσαι
212 2628 266 2692 καί
283 2624 504 2712 ἀλειψάμενος
525 2634 627 2695 ἔνθεν
647 2631 684 2697 έκ
707 2634 768 2693 τού
783 2625 894 2712 μύρου
911 2629 1104 2711 συμπλέκου

4 2801 5 2804 ¹
95 2733 139 2813 τῷ
164 2722 406 2812 ἀνταγωνιστῇ·
440 2726 502 2792 δύο
529 2734 646 2812 μηρῶν
672 2726 801 2804 σπάσας
825 2735 942 2793 κλῖνον
969 2723 1102 2809 ὑπτίαν,
1122 2723 1170 2781 577

96 2829 205 2889 ἔπειτα
228 2818 393 2906 άνῶτερος
414 2822 596 2910 ὑποβαλῶυ
623 2823 678 2893 διά
704 2833 821 2911 μηρῶν
840 2829 895 2892 καὶ
920 2830 1105 2899 διαστείλας

96 2920 210 3001 αίῶρει
227 2921 282 2986 καὶ
297 2933 383 2986 τεῖνε
399 2919 470 2987 άνω
486 2920 524 2987 τά
541 2927 658 3010 σκέλη,
681 2928 735 2992 καὶ
752 2925 897 3008 χαλάσας
912 2924 967 2990 καὶ
984 2921 1105 3006 στήσας

5 3023 7 3070 ἲ
94 3025 203 3087 κολλῶ
220 3017 309 3108 αὐτῷ
331 3021 385 3086 καλ
406 3020 638 3104 παρεισελθών
660 3024 742 3109 βάλε
765 3024 819 3091 καὶ
843 3022 979 3105 πρῶσας
1000 3021 1103 3089 νύσσε

5 3197 7 3220 ι
93 3118 157 3205 ήδη
174 3125 345 3203 πανταχοῦ
368 3120 429 3197 ἕως
449 3123 590 3208 πονέση,
615 3126 669 3188 καὶ
689 3149 709 3207 η
733 3119 841 3208 ὀσφύς
861 3126 1014 3208 ίσχνέτω,
1036 3118 1103 3188 εἶτα

94 3219 270 3298 ἐξελκύσας
290 3219 372 3284 κατά
388 3218 510 3297 πλάτος
526 3218 581 3286 διά
603 3228 777 3308 βουβῶνος
792 3226 907 3308 δήξον,
930 3224 984 3290 καὶ
1004 3221 1104 3287 πάλιν

94 3318 244 3386 σννῶθει
262 3324 307 3396 είς
320 3316 381 3386 τδν
390 3333 517 3404 τοῖχον,
534 3316 601 3385 εἶτα
613 3320 731 3388 τύπτε·
754 3319 890 3389 ἐπειδάν
905 3324 941 3388 δὲ
954 3321 1103 3406 χάλασμα

7 3505 9 3520 ‚
94 3421 182 3504 ίδης,
198 3414 267 3486 τότ’
283 3417 346 3504 ήδη
363 3416 478 3505 ἐπιβάς
490 3416 581 3505 ἅμμα
593 3418 665 3486 κατ’
684 3421 774 3499 ίξύος
790 3421 890 3506 δήσας
905 3419 1034 3506 σύνεχε,
1049 3418 1104 3485 καὶ

895 3510 962 3573 20*
