2575 3842
353 198 800 257 ΙΚΑΡΟΜΕΝΙΠΠΟΣ.
1019 198 1081 262 413

45 368 212 440 φρονεῖν
238 363 461 423 κατελείπετο·
496 353 614 440 σχεδὸν
634 354 700 442 γάρ
723 353 742 422 ὁ
767 359 1083 444 πολυπλεθρότατος

49 451 183 520 αὐτῶν
198 459 279 539 μίαν
292 462 360 521 τιῦν
379 453 615 540 Ἐπικουρείων
630 453 765 541 ἀτόμων
781 455 889 522 ἐδόκει
904 481 960 540 μοι
975 482 1082 542 γεωρ-

48 567 148 638 γεῖν.
181 550 372 640 ἀποβλέψας
389 551 426 620 δέ
446 551 486 638 δή
508 557 563 620 καὶ
582 557 614 631 ές
634 550 698 639 τήν
713 552 993 639 Πελοπόννησον,
1015 553 1083 622 εἶτα

53 647 127 735 τήν
143 657 387 736 Κυνοσουρίαν
406 659 471 737 γῆν
487 648 570 718 ἰδιδν
587 647 808 736 ἀνεμνήσθην
822 653 897 733 περὶ
916 649 1000 718 ὅσον
1016 678 1084 736 χω-

56 753 162 832 ρίον,
178 744 252 814 κατ’
270 746 371 816 οὐδὲν
386 754 574 834 Αἰγυπτίου
588 754 700 830 φακοῦ
715 750 938 833 πλατυτέρου,
961 755 1083 816 τοσοῦ-

58 870 116 911 τοι
129 849 254 912 ἔπεσον
263 843 421 932 Ἀργείων
433 848 488 914 καί
499 850 776 931 Λακεδαιμονίων
788 853 864 931 μιᾶς
874 843 1007 931 ἡμέρας.
1028 848 1084 914 καί

59 940 135 1028 μήν
148 951 183 1010 εἰ
189 968 265 1009 τινα
276 948 379 1030 ῖδοιμι
391 946 444 1013 έπί
454 951 567 1033 χρυσῷ
579 945 662 1030 μέγα
675 949 881 1028 φρονοῦντα,
894 941 945 1010 ότι
958 947 1082 1010 δακτυ-

58 1045 161 1117 λίους
177 1065 213 1106 τε
237 1038 322 1125 εἶχεν
336 1039 423 1109 ὀκτώ
443 1045 498 1109 καί
516 1042 638 1128 φιάλας
657 1045 826 1123 τέτταρας,
850 1041 942 1108 πάνυ
957 1042 1013 1108 καὶ
1030 1044 1082 1108 ἐπί

21 1157 22 1160 ’
60 1134 178 1227 τούτῳ
196 1133 239 1204 ἀν
254 1141 387 1223 ἐγέλων.
410 1138 446 1206 τό
463 1137 528 1225 γάρ
544 1139 719 1224 Πάγγαιον
737 1135 818 1206 ὅλον
834 1135 946 1217 αὐτοῖς
959 1138 1082 1224 μετάλ-
1101 1157 1153 1212 774

64 1243 140 1311 λοις
157 1249 347 1320 κεγχριαῖον
362 1229 406 1322 ήν
421 1237 458 1304 τό
476 1240 627 1322 μέγεθος.

154 1336 204 1399 19.
230 1339 375 1402 ΕΤΑΙΡ.
403 1327 440 1403 ἐἰ
466 1335 608 1421 μακάριε
630 1337 790 1402 Μένιππε
811 1342 869 1420 τής
890 1332 1083 1415 παραδόξου

63 1433 160 1508 θέας.
184 1435 221 1498 αἰ
232 1432 268 1498 δὲ
284 1429 324 1517 δή
339 1433 452 1512 πόλεις
467 1430 551 1518 πρὸς
561 1433 646 1511 Διδς
659 1434 714 1500 καὶ
732 1437 765 1500 οί
775 1430 894 1515 ἀνδρες
909 1430 1004 1498 αὐτοὶ
1019 1455 1084 1515 πη·
1153 1471 1158 1484 1

66 1533 157 1593 λίκοι
175 1531 387 1613 διεφαίνοντο
404 1528 491 1610 ἀνω;

156 1629 268 1690 ΜΕΝ.
301 1624 405 1712 Οἶμαί
423 1648 460 1694 σε
482 1627 640 1706 πολλάκις
662 1626 726 1715 ήδη
747 1627 934 1715 μυρμήκων
955 1622 1084 1710 ἀγοράν

70 1724 271 1807 ἑωρακέναι,
294 1722 374 1802 τοῦς
396 1725 458 1811 μέν
481 1728 713 1811 εἰλουμένους,
739 1729 849 1804 ἐνίους
870 1727 906 1792 δὲ
925 1723 1082 1807 ἐξιόντας,

71 1821 204 1903 ἑτέρους
227 1817 263 1886 δέ
280 1820 476 1900 ἐπανιόντας
495 1814 596 1899 αὖθις
617 1828 663 1898 εἰς
684 1821 746 1906 τήν
762 1823 878 1889 πόλιν·
905 1825 959 1888 καί
981 1819 999 1888 ὁ
1022 1821 1084 1906 μέν

70 1944 120 1994 τις
134 1914 196 2003 τήν
210 1916 340 2003 κόπρου
357 1921 506 2005 ἐκφέρει,
530 1916 548 1986 ὁ
564 1921 600 1986 δὲ
618 1917 770 2001 ἀρπάσας
786 1915 931 2002 ποθὲνή
949 1919 1083 2002 κυάμου

72 2016 170 2092 λέπος
184 2009 206 2099 ή
221 2023 332 2101 πυροῦ
347 2013 510 2102 ἡμίτομον
530 2026 590 2085 θεῖ
602 2019 725 2102 φέρων.
748 2013 835 2094 εἰκός
849 2017 886 2083 δὲ
901 2013 986 2081 εἶναι
1001 2011 1081 2096 παρ’

74 2109 184 2189 αὐτοῖς
204 2111 407 2200 κατὰλόγον
427 2121 488 2182 τοῦ
503 2115 690 2201 μυρμήκων
709 2121 787 2202 βίον
807 2116 863 2182 καί
883 2111 1085 2197 οἰκοδόμους

72 2209 163 2289 τινάς
178 2213 233 2279 καὶ
250 2212 470 2299 δημαγωγούς
486 2215 542 2282 καί
561 2213 744 2300 πρυτάνεις
755 2212 810 2279 καί
830 2207 1014 2296 μουσικοῦς
1028 2212 1084 2276 καί

75 2311 289 2395 φιλοσόφους.
311 2311 399 2398 πλήν
410 2315 447 2379 αί
459 2339 497 2400 γε
508 2313 621 2392 πόλεις
632 2311 745 2391 αὐτοῖς
756 2309 899 2397 ἀνδράσι
911 2322 982 2386 ταῖς
996 2333 1085 2394 μυρ-

74 2423 203 2495 μηκιαῖς
213 2409 355 2495 μάλιστα
369 2411 526 2504 ἐῴκεσαν.
551 2418 582 2481 εἰ
598 2415 637 2479 δέ
653 2431 707 2478 σοι
722 2414 815 2479 δοκεῖ
828 2405 951 2496 μικρὸν
964 2405 1001 2474 τδ
1019 2431 1085 2472 πα-

75 2508 250 2594 ράδειγμα,
265 2506 303 2576 τό
316 2509 521 2597 ἀνθρώπους
533 2511 663 2581 εἰκάσαι
676 2516 717 2599 τῇ
728 2509 914 2596 μυρμήκων
925 2513 1084 2595 πολιτείᾳ,

75 2603 151 2683 τούς
166 2605 330 2687 παλαιοὺς
343 2610 478 2695 μῦθυυς
492 2615 669 2693 ἐπίσκεψαι
686 2617 754 2677 τῶν
769 2615 959 2677 Θετταλῶν·
983 2606 1084 2692 εὑρή-

78 2725 142 2782 σεις
156 2702 220 2790 γάρ
238 2703 317 2784 τοάς
333 2709 575 2795 Μυρμιδόνας,
593 2708 630 2776 τό
649 2708 881 2794 μαχιμώτατον
897 2714 1025 2792 φῦλον,
1048 2708 1084 2772 έκ

77 2804 257 2891 μυρμήκων
273 2803 399 2890 ἄνδρας
414 2806 605 2891 γεγονότας.
627 2805 741 2891 ἐπειδή
756 2804 789 2872 δ’
806 2799 870 2872 οῦν
885 2806 994 2872 πάντα
1008 2808 1083 2871 ἰκα-

77 2912 139 2981 νῦς
158 2903 282 2988 έαόρατο
303 2907 357 2972 καί
378 2903 636 2991 κατεγεγέλαστό
656 2927 729 2989 μοι,
750 2907 918 2982 διασείσας
939 2898 1083 2988 ε’μαυτδυ

76 3001 262 3086 ἀνεπτόμην

135 3097 256 3185 δείματ’
275 3103 307 3178 ἐς
322 3101 482 3188 αἰγιόχοιο
497 3099 582 3182 Διὸς
599 3097 682 3188 μετά
697 3105 856 3186 δαίμονας
874 3098 1004 3178 ἀλλους.

78 3207 124 3268 20.
141 3198 234 3266 οῦπω
249 3200 386 3268 στάδιον
401 3198 629 3286 ἀνεληλύθειν
639 3197 871 3286 καίήΣελήυη
887 3204 1083 3285 γυναικείαν

80 3295 189 3384 φωνήν
206 3301 403 3387 προϊεμένη,
423 3304 597 3386 Μένιππε,
614 3307 734 3388 φησίν,
752 3296 860 3377 οὕτως
877 3296 990 3384 όναιο,
1007 3302 1082 3366 δια·
1101 3315 1150 3371 775

16 3403 18 3432 ⁴
79 3396 212 3482 κόνησαί
220 3406 280 3486 μοί
287 3425 318 3467 τι
330 3397 414 3486 πρός
425 3399 485 3468 τὸυ
493 3407 570 3470 Δία.
593 3403 713 3488 Λέγοις
722 3397 777 3485 άν,
791 3390 835 3485 ήν
847 3395 879 3465 δ’
893 3398 977 3485 ἐγώ·
995 3394 1083 3485 βαρδ
