2575 3842
192 195 234 257 λδ
553 195 841 253 AOYKIANOY

192 353 260 422 εἶτα
271 358 413 422 ἐπανίτω
424 359 550 437 λυθείς,
561 350 688 419 ὁπόταν
699 355 808 422 ἐκεῖνα
818 361 917 442 καλῇ·
932 349 1079 435 καὶπρὸς
1088 351 1199 419 πάντα
1282 366 1283 369 ’

180 455 360 555 σπευδέτω
374 455 428 519 καί
446 449 489 528 ὡς
503 447 649 516 δυνατόν
660 447 881 537 ὁμοχρονείτω
894 453 949 518 καὶ
963 449 1199 535 μεταπετέσθω

191 551 250 620 ἀπ’
262 551 432 637 Ἀρμενίας
445 552 506 637 μὲν
524 556 569 627 είς
585 555 739 634 Μηδίαν,
760 554 891 618 έκενθεν
906 551 943 618 δὲ
964 550 1133 638 ῥοιζήματι
1148 548 1200 616 ἐνὶ

191 656 237 727 είς
251 647 411 735 Ἰβηρίαν,
430 647 496 714 εἶτα
515 653 559 724 είς
579 645 734 733 Ἰταλίαν,
759 647 802 727 ὡς
816 647 959 734 μηδενός
974 654 1094 732 καιροῦ
1110 642 1198 712 ἀπο-

113 787 115 790 ·
190 753 345 815 λείποιτο.
369 752 419 813 51.
433 745 573 830 μάλιστα
585 745 621 810 δὲ
632 747 806 836 κατόπτρῳ
818 750 966 814 ἐοικυῖαν
977 744 1199 828 παρασχέσθω

190 846 252 932 τὴν
267 847 405 932 γνάμην
421 842 537 933 ἀθόλῳ
554 846 608 911 καὶ
622 855 768 936 στιλπνῷ
784 850 838 914 καὶ
852 845 986 933 ἀκριβεῖ
996 843 1032 912 τὸ
1045 846 1200 928 κέντρον,

142 965 176 1020 62
194 947 247 1012 καὶ
264 942 380 1020 ὁποίας
400 938 444 1009 ἀν
460 945 589 1027 δέξηται
608 941 666 1020 τάς
684 943 816 1030 μορφὰς
833 951 900 1011 τῶν
917 951 1025 1029 ἔργων
1031 993 1041 1026 ,
1061 946 1201 1008 τοιαῦτα

190 1045 244 1108 καὶ
260 1040 422 1107 δεικνύτω
440 1036 541 1122 αὐτά,
565 1040 772 1126 διάστροφον
788 1042 824 1109 δὲ
840 1038 862 1128 ἢ
880 1041 1075 1126 παράχρουν
1090 1033 1112 1123 ἢ
1128 1039 1200 1104 ἐτε-

190 1138 358 1223 ρόσχημον
375 1139 496 1221 μηδέν·
526 1133 567 1202 οὐ
589 1133 653 1221 γάρ
673 1137 784 1221 ὥσπερ
802 1155 869 1217 τοϊς
887 1140 1024 1226 (λη’τορσι
1041 1135 1201 1222 γράφου-

190 1255 260 1319 σιν,
283 1232 367 1302 ἀλλά
383 1233 422 1300 τά
437 1235 498 1319 μὲν
514 1236 745 1320 λεχθησόμενα
766 1237 909 1304 ἐστικαὶ
930 1233 1109 1319 εἰρήσεται·
1137 1232 1200 1296 πέ-

189 1355 330 1414 πρακται
347 1330 411 1416 γὰρ
428 1331 508 1416 ἤδη·
531 1336 583 1397 δεῖ
595 1333 631 1397 δὲ
646 1333 739 1411 τάξαι
753 1337 807 1400 καὶ
823 1340 927 1401 εἰπεῖν
941 1329 1035 1399 αάτά.
1060 1328 1143 1397 ὥστε
1155 1325 1199 1397 οὐ

189 1434 222 1495 τί
235 1438 350 1496 είπωσι
364 1431 516 1513 ζητητέον
531 1425 658 1513 αὐτοῖς,
681 1428 756 1497 ἀλλ’
773 1429 863 1508 ὅπως
879 1440 1025 1498 εἴπωσιν.
1060 1427 1144 1505 ὅλως
1160 1427 1200 1493 δὲ

188 1531 363 1614 νομιστέον
385 1525 445 1593 τὸν
469 1531 618 1609 ἱστορίαν
639 1531 879 1615 συγγράφοντα
899 1532 1016 1615 Φειδία
1037 1520 1200 1611 χρηναιῆ

188 1629 380 1710 Πραξιτέλει
401 1628 543 1693 ἐοικέναι
564 1622 586 1710 ἢ
610 1623 800 1713 Ἀλκαμένει
822 1627 842 1713 ἥ
868 1654 914 1716 τῳ
935 1625 1024 1714 ἀλλῳ
1047 1625 1196 1690 ἐκείνων.

189 1723 267 1791 οὐδὲ
282 1721 347 1807 γάρ
363 1720 437 1789 οὐδ’
460 1726 580 1790 ἐκεῖνον
600 1723 763 1811 χρυσὸνῆ
785 1725 936 1812 ἀργυρον
955 1719 977 1810 ἢ
995 1715 1197 1808 έλέφανταῆ

188 1818 251 1907 την
261 1818 366 1905 ἀλλην
382 1817 470 1905 ὕλην
485 1823 638 1906 ἐποίουν,
655 1820 727 1890 ἀλλ’
738 1821 759 1908 ἡ
772 1823 834 1909 μέν
846 1822 971 1907 ὑπῆρχε
981 1823 1034 1889 καὶ
1046 1827 1198 1902 προῦπε-

187 1921 338 2006 βέβλητο,
352 1915 486 1984 Ἠλείων
497 1914 518 2004 ἢ
531 1915 751 2005 Ἀθηναίωνῆ
764 1918 921 2006 Ἀργείων
931 1915 1198 2001 πεπορισμένων,
1282 1974 1283 1977 ,

189 2021 222 2083 οί
235 2015 271 2082 δὲ
286 2019 447 2082 ἔπλαττον
461 2017 568 2101 μόνον
583 2020 636 2085 καὶ
652 2025 769 2103 ἔπριον
782 2016 842 2085 τὸν
856 2019 1018 2102 ἐλέφαντα
1034 2013 1088 2080 καὶ
1103 2014 1196 2089 ἔξεον

187 2115 242 2181 καὶ
267 2113 413 2180 ἐκόλλων
433 2116 488 2181 καὶ
511 2116 713 2199 ἐρρύθμιζον
733 2117 788 2182 καὶ
803 2115 984 2200 ἐπήνθιζον
1002 2118 1048 2200 τῷ
1071 2115 1196 2196 χρυσῷ,

187 2215 241 2280 καὶ
255 2219 353 2278 τοῦτο
368 2205 412 2298 ἦν
425 2211 445 2298 ἡ
457 2216 552 2298 τέχνη
567 2211 680 2290 αὐτοῖς
693 2215 725 2290 ές
741 2215 818 2279 δέον
835 2211 1118 2296 οἰκονομήσασθαι
1132 2203 1196 2290 την

186 2309 282 2395 ὕλην.
314 2319 445 2377 τοιοῦτο
463 2311 504 2395 δή
519 2338 549 2377 τι
567 2312 621 2377 καὶ
636 2308 674 2377 τδ
695 2317 756 2377 τοῦ
776 2312 995 2394 συγγραφέως
1009 2313 1125 2392 ἔργον,
1148 2309 1196 2381 είς

135 2426 172 2480 63
189 2405 292 2474 καλὸν
308 2409 486 2473 διαθέσθαι
502 2405 542 2473 τά
558 2412 772 2493 πεπραγμένα
791 2408 846 2475 καὶ
861 2413 907 2484 είς
927 2409 1073 2491 δύναμιν
1094 2406 1194 2487 ἐναρ-

186 2508 326 2590 γέστατα
343 2507 500 2584 ἐπιδεῖξαι
517 2504 610 2572 αὐτά.
633 2510 688 2574 καὶ
704 2505 786 2573 ὅταν
799 2531 848 2582 τις
862 2503 1074 2588 ἀκροώμενος
1085 2511 1195 2585 οίηται

186 2600 267 2689 μετά
287 2610 391 2669 ταῦτα
412 2600 497 2686 ὁρᾶν
519 2601 559 2670 τά
581 2605 743 2690 λεγόμενα
764 2606 818 2670 καὶ
844 2601 925 2688 μετὰ
947 2609 1045 2669 τοῦτο
1062 2604 1193 2687 ἐπαινῇ,
1282 2688 1283 2691 ¹

185 2702 259 2768 τότε
276 2700 316 2787 δη
334 2703 408 2770 τότε
422 2699 649 2789 ἀπηκρίβωται
665 2701 794 2769 καὶτὸν
807 2706 931 2768 οἰκεῖον
946 2707 1085 2768 ἔπαινον
1096 2695 1193 2764 ἀπεί-
1282 2730 1283 2785 3

185 2809 271 2886 ληφε
282 2798 318 2867 τὸ
332 2805 431 2885 ἔργον
442 2807 488 2889 τῷ
500 2807 557 2885 τῆς
568 2805 713 2886 ἱστορίας
723 2803 849 2886 Φειδίᾳ.
867 2804 917 2865 52.
931 2797 1067 2864 πάντων
1080 2795 1116 2862 δὲ
1127 2793 1192 2880 ἤδη
1282 2816 1283 2851 ³

184 2901 522 2984 παρεσκευασμένων,
537 2902 592 2966 καὶ
610 2896 870 2985 ἀπροοιμίαστον
885 2900 947 2983 μέν
961 2921 1040 2963 ποτε
1055 2894 1183 2978 ποιήσε-
1282 2886 1283 2939 ³

184 3023 237 3063 ται
257 2994 319 3082 την
340 2993 460 3082 ἀρχήν,
482 2994 609 3064 ὁπόταν
623 2997 668 3083 μη
690 2997 782 3063 πάνυ
802 3003 976 3083 κατεπείγῃ
997 2992 1035 3061 τὸ
1056 2999 1192 3077 πρᾶγμα

186 3095 488 3182 προδιοικήσασθαί
499 3123 529 3163 τι
543 3099 580 3164 ἐν
590 3103 635 3186 τῳ
650 3103 828 3184 προοιμίῳ·
849 3095 990 3179 δυνάμει
1000 3093 1037 3160 δὲ
1050 3094 1106 3159 καὶ
1117 3089 1192 3157 τότε

186 3200 330 3283 φροιμίῳ
350 3193 504 3280 χρήσεται
528 3203 573 3284 τῷ
597 3192 829 3278 ἀποσαφοῦντι
851 3195 1014 3274 περὶτῶν
1037 3193 1190 3257 λεκτέων.

185 3295 235 3356 53.
252 3287 375 3357 ὁπόταν
390 3291 493 3358 δὲκαὶ
512 3293 761 3378 φροιμιάζηται,
778 3287 842 3356 ἀπὸ
860 3294 957 3358 δυοῖν
970 3290 1078 3375 μόνον
1092 3287 1191 3372 ἀρξεν

185 3412 253 3472 ται,
275 3389 334 3474 οὐχ
349 3387 459 3475 ὥσπερ
480 3395 514 3459 ολ
526 3392 663 3480 ῥήτορες
678 3387 743 3456 ἀπδ
759 3396 878 3474 τριῶν,
900 3387 983 3457 ἀλλά
998 3387 1036 3455 τδ
1053 3395 1110 3472 τῆς
1131 3382 1195 3452 εά-
