2575 3842
178 148 240 211 154
535 147 832 204 AOYKIANOY

177 301 284 392 φοράς
297 307 351 372 καὶ
361 304 465 392 μόνης
476 310 533 390 τῆς
545 310 660 389 φωνῆς
672 301 872 371 ὑπεύθυνον
882 307 1035 390 παρέχων
1045 303 1185 369 ἑαυτόν·

177 401 217 470 τὰ
233 400 297 487 γάρ
312 401 396 471 ἀλλα
413 416 480 481 τοῖς
494 415 641 487 ποιηταῖς
655 404 791 487 ἐμέλησε
807 397 871 484 πρὸ
888 408 1015 468 πολλοῦ
1029 423 1107 466 ποτε
1125 386 1186 482 γέ-

177 502 347 584 νομένοις·
376 502 540 587 καὶμέχρι
561 498 623 583 μὲν
640 496 845 584 Ἀνδρομάχη
860 524 910 575 τις
928 494 949 583 ἢ
965 496 1086 583 Ἑκάβη
1104 498 1184 578 ἐστί,

177 594 350 683 φορητόςὴ
363 595 442 687 ᾠδή,
454 594 535 662 ὅταν
546 597 582 662 δὲ
591 592 755 680 Ἡρακλῆς
764 591 865 671 αότδς
876 592 1039 663 ελσελθῶυ
1048 596 1184 683 μονῳδῇ

178 695 421 781 ἐπιλαθόμενος
432 720 538 761 αυτου
548 721 603 761 και
613 720 695 779 μητε
706 691 768 779 τὴν
777 699 916 779 λεοντῆν
926 693 1092 768 αἰδεσθείς
1102 689 1184 776 μήτε

177 790 214 859 τδ
232 792 382 877 ῥόπαλον
396 789 415 858 δ
430 799 626 876 περίκειται,
650 796 820 859 σολοικίαν
838 781 877 856 εὖ
893 795 1032 875 φρονῶν
1050 786 1185 864 εἰκότως

179 897 260 975 φαίη
278 888 322 955 ἀν
337 914 386 965 τις
398 884 436 954 τδ
451 893 596 972 πρᾶγμα.
619 892 671 955 28.
687 889 741 954 καὶ
757 884 822 971 γάρ
839 878 901 971 αὖ,
919 882 1001 968 ὅπερ
1019 881 1185 959 ἐνεκάλεις

178 994 217 1074 τῇ
232 983 426 1071 ὀρχηστικῇ,
441 981 478 1051 τδ
491 982 616 1067 ἀνδρας
626 982 725 1059 ὀντας
736 995 896 1067 γυναῖκας
906 991 1096 1068 μιμεῖσθαι,
1111 1004 1185 1047 κοι-

177 1080 241 1148 υόν
255 1090 353 1149 τοῦτο
368 1082 433 1149 καί
442 1088 500 1166 τῆς
515 1084 698 1172 τραγῳδίας
713 1080 837 1165 καὶτῆς
850 1082 1023 1169 κωμῳδίας
1037 1082 1185 1161 ἔγκλημα

176 1175 222 1246 ἀν
236 1188 301 1263 εἴη·
324 1186 459 1256 πλείους
469 1186 556 1263 γοῦν
570 1181 607 1246 ἐν
621 1175 736 1255 αὐταῖς
748 1182 816 1245 τῶν
830 1174 965 1262 ἀνδρῶν
976 1179 1011 1243 αι’
1018 1186 1183 1259 γυναῖκες.

179 1283 230 1346 29.
245 1275 265 1363 ἡ
281 1282 437 1368 κωμῳδία
452 1280 487 1345 δὲ
505 1281 560 1346 καί
573 1285 641 1345 τῶν
657 1274 846 1362 προσώπων
863 1273 975 1343 αὐτῶν
990 1272 1026 1341 τδ
1044 1274 1185 1358 καταγέ-

179 1382 302 1442 λαστον
316 1378 414 1460 μέρος
433 1382 494 1443 τοῦ
515 1381 661 1460 τερπνοῦ
680 1372 765 1461 αὑτῇ
785 1373 978 1458 νενόμικεν,
1005 1366 1057 1439 οἷα
1077 1372 1185 1439 Λάων

110 1489 162 1543 λ86
181 1472 235 1539 καί
255 1478 378 1557 Τιβίων
393 1473 447 1538 καλ
460 1480 627 1556 μαγείρων
640 1472 812 1555 πρόσωπα.
843 1469 880 1539 τό
896 1468 933 1539 δὲ
945 1476 1005 1537 τοῦ
1021 1466 1186 1554 ὀρχηστοῦ

181 1574 287 1652 σχῆμα
305 1566 349 1643 ῶς
363 1566 424 1651 μὲν
439 1567 578 1653 κόσμιον
591 1571 647 1636 καὶ
662 1566 822 1653 εάπρεπδς
837 1567 899 1635 οὐκ
911 1567 968 1652 ἐμὲ
983 1564 1046 1653 χρὴ
1058 1567 1183 1648 λέγειν·

182 1668 265 1748 δῆλα
278 1660 343 1746 γάρ
363 1678 431 1741 τοῖς
445 1661 490 1750 μὴ
504 1674 643 1750 τυφλοῖς
656 1672 768 1732 ταῦτα.
798 1664 835 1733 τδ
855 1665 891 1732 δὲ
906 1664 1086 1751 πρόσωπον
1102 1656 1184 1728 αὐτὸ

183 1760 228 1841 ῶς
243 1762 421 1828 κοίλλιστον
432 1764 486 1830 καὶ
500 1769 546 1853 τῶ
558 1760 766 1854 ὑποκειμένῳ
777 1764 918 1851 δράματι
935 1764 1056 1847 ἐοικός,
1072 1757 1114 1828 οὐ
1129 1785 1186 1827 κε-

181 1855 282 1945 χηνδς
296 1859 333 1924 δὲ
351 1854 395 1936 ῶς
408 1860 518 1926 έκεῑνα
532 1856 617 1927 ἀλλά
633 1859 863 1945 συμμεμυκός·
887 1865 951 1945 ἔχει
962 1857 1026 1946 γάρ
1040 1852 1188 1932 πολλοὺς

182 1955 261 2034 τούς
277 1952 361 2041 ὑπὲρ
384 1953 489 2025 αὐτοῦ
504 1962 663 2044 βοῶντας.
695 1962 746 2025 30.
763 1957 865 2026 πάλαι
881 1958 943 2043 μὲν
958 1953 1023 2041 γάρ
1040 1958 1073 2021 oc
1092 1952 1186 2021 αὐτοὶ

182 2056 236 2121 καὶ
246 2045 331 2141 ᾖδον
342 2054 394 2121 καὶ
408 2049 592 2139 ῶρχοῦντο·
611 2051 663 2120 εἶτ’
677 2052 788 2140 ἐπειδὴ
800 2057 1010 2140 κινουμένων
1020 2049 1057 2119 τὸ
1070 2044 1186 2140 ᾆσθμα

182 2150 243 2238 την
263 2148 354 2240 ᾠδὴν
374 2151 606 2238 ἐπετάραττεν,
631 2151 772 2238 ἀμεινον
795 2158 908 2233 ἔδοξεν
930 2150 1053 2227 ἀλλους
1075 2145 1187 2224 αὐτοῖς

182 2248 334 2336 ὑπᾴδειν.
357 2253 408 2316 31.
425 2253 462 2315 αί
471 2249 507 2315 δὲ
517 2246 697 2327 ὑποθέσεις
710 2253 819 2317 κοιναὶ
832 2247 1045 2335 ἀμφοτέροις,
1060 2248 1116 2314 καὶ
1127 2243 1188 2313 οό-

183 2349 241 2413 δέν
252 2371 283 2411 τι
300 2346 546 2430 διακεκριμέναι
560 2354 626 2412 τῶν
640 2355 807 2431 τραγικῶν
823 2353 858 2415 αί
870 2346 1076 2435 ὀρχηστικαί,
1098 2342 1187 2428 πλὴν

169 2441 234 2516 ,ὅτι
248 2441 480 2526 ποικιλῶτεραι
496 2435 593 2510 αὗται
613 2446 670 2511 καλ
685 2451 973 2535 πολυμαθέστεραι
996 2448 1051 2514 καὶ
1068 2451 1188 2531 μυρίας

182 2538 364 2625 μεταβολὰς
387 2545 527 2625 ἔχουσαι.
557 2548 608 2611 32.
634 2547 664 2609 τί
685 2544 721 2611 δὲ
736 2544 780 2632 μη
799 2546 980 2631 ἐναγῶνιος
1001 2541 1021 2630 ἡ
1043 2541 1186 2629 ὄρχησις,

183 2642 314 2723 ἐκείνην
335 2635 421 2703 εἶναί
443 2663 528 2724 φημι
545 2644 669 2727 αἰτίαν,
697 2640 733 2711 τό
756 2644 849 2725 δόξαι
873 2658 941 2723 τοῖς
961 2641 1187 2729 ἀγωνοθέταις

182 2740 293 2822 μεῖζον
313 2737 368 2802 καὶ
387 2735 589 2823 σεμνότερον
612 2735 649 2805 τδ
672 2748 807 2827 πρᾶγμα
827 2738 849 2827 ἢ
871 2739 955 2809 ῶστε
976 2746 1021 2818 είς
1041 2740 1187 2819 ἐξέτασιν

182 2841 365 2900 καλεῖσθαι.
393 2835 435 2900 ἐῶ
451 2838 560 2920 λέγειν
575 2834 627 2903 ότι
647 2838 742 2915 πόλις
759 2840 796 2904 ἐν
815 2836 932 2926 Ἰταλίᾳ
951 2843 1012 2905 τοῦ
1027 2840 1188 2905 Χαλκιδι-

182 2938 246 2998 κοῦ
256 2928 406 3017 γένονςὴ
418 2929 534 3020 ἀρίστη
545 2938 600 3003 καὶ
612 2943 710 3003 τοῦτο
723 2932 833 3020 ῶσπερ
848 2962 879 3003 τι
890 2936 1045 3020 κόσμημα
1055 2940 1101 3025 τῷ
1112 2930 1185 3016 παρ’

182 3027 295 3107 αὐτοῖς
310 3027 416 3114 ἀγῶνι
430 3036 677 3115 προστέθεικεν.

113 3142 164 3199 287
267 3134 318 3196 33.
331 3126 453 3197 Ἐθέλω
466 3133 505 3197 δέ
516 3152 570 3197 σοι
581 3135 729 3199 ἐνταῦθα
739 3128 801 3216 ἥδη
816 3126 1091 3217 ἀπολογήσασθαι
1103 3126 1188 3212 ὑπὲρ

182 3233 250 3293 τῶν
266 3232 581 3314 παραλελειμμένων
594 3237 640 3320 τῶ
661 3229 750 3318 λόγῳ
771 3229 977 3314 παμπόλλων
993 3225 1118 3311 όντων,
1146 3222 1189 3303 ῶς

183 3323 227 3408 μὴ
250 3323 352 3403 δόξαν
371 3322 543 3412 ἀγνοίαςῆ
566 3325 713 3412 ἀμαθίας
733 3326 967 3412 παράσχωμαι·
1001 3323 1043 3392 οὐ
1063 3324 1129 3411 γάρ
1147 3348 1189 3409 με
