2575 3842
170 194 231 255 190
521 197 829 275 [Λουαιιιαοη

169 360 287 440 ἔθελγε
299 356 353 422 καί
368 355 504 423 πάντων
519 355 689 442 ἐκράτεεν·
711 353 751 422 ού
768 353 833 443 γάρ
849 357 980 440 έκείνην
990 353 1052 442 τὴν
1066 355 1176 442 λύρην

168 456 307 538 ἔβλεπεν
318 448 399 520 ούδέ
409 455 443 519 οί
451 449 552 538 ἀλλης
563 457 657 537 ἔμελε
668 457 903 536 μουσουργίης,
919 449 991 519 ἀλλ’
1005 450 1088 539 αῦτη
1099 451 1174 537 Ὀρ-

100 565 150 620 365
171 550 251 634 φέος
265 546 287 634 ἡ
302 549 429 634 μεγάλη
443 549 538 634 λύρη.
559 547 716 634 Ἕλληνές
731 573 767 616 τε
782 548 861 615 τάδε
874 550 1040 633 τιμέοντες
1053 555 1176 634 μοίρην

169 642 270 732 αῦτέη
285 648 321 711 έν
337 642 470 735 οὐρανῷ
485 643 670 730 ἀπέκριναν
686 645 741 712 καὶ
755 643 889 730 ἀστέρες
903 647 1019 713 πολλοὶ
1035 647 1177 713 καλέον-

168 768 221 810 ται
238 739 323 826 λύρη
343 739 488 827 Ὀρφέος.
521 737 566 827 ἢν
587 744 627 810 δέ
638 767 714 808 κοτε
732 740 851 827 Ὀρφέα
867 747 939 830 ίδης
953 738 975 829 ἦ
988 749 1137 811 λίθοισιν
1152 737 1175 828 ἢ

169 846 264 926 χροιῇ
279 841 522 924 μεμιμημένον,
538 843 576 907 έν
590 843 679 930 μέσφ
695 841 798 919 ἕζεται
809 849 915 916 ίκελος
932 837 1076 908 ἀείδοντι
1093 837 1175 925 μετά

168 937 280 1021 χερσὶν
292 941 376 1020 έχων
391 934 453 1023 την
468 937 592 1021 λύρην·
615 934 700 1022 ἀμφὶ
712 939 751 1003 δέ
761 962 820 1021 μιν
831 941 895 1025 ζῷα
909 943 1011 1022 μυρία
1027 939 1176 1021 ἕστηκεν,

169 1036 206 1101 έν
223 1027 272 1110 οἷς
283 1036 338 1101 καὶ
349 1032 530 1118 ἄνθρωπος
544 1036 598 1100 καὶ
608 1041 730 1118 ταῦρος
745 1034 800 1101 καὶ
813 1035 899 1102 λέων
912 1035 967 1102 καί
979 1041 1047 1101 τῶν
1064 1032 1177 1101 ἀλλων

170 1134 325 1200 ἕκαστον.Ι
342 1126 410 1200 εὖτ’
425 1129 469 1200 ἀν
483 1136 591 1201 ἐκεῖνα
602 1136 686 1221 ίδης,
703 1131 852 1218 μέμνησό
863 1157 919 1218 μοι
930 1134 1085 1218 τουτέων,
1100 1138 1177 1216 κοίη

170 1233 299 1298 ἐκείνου
316 1227 429 1317 ἀοιδή,
453 1238 527 1316 κοίη
544 1229 580 1297 δέ
596 1231 651 1297 καὶ
664 1226 685 1313 ἡ
700 1229 802 1313 λύρη,
824 1242 915 1306 κοῖος
931 1227 967 1295 δέ
987 1232 1041 1297 καί
1055 1236 1176 1312 ταῦρος

169 1323 190 1412 ἢ
208 1323 318 1406 ὁκοῖος
341 1332 427 1396 λέων
445 1326 580 1413 Ὀρφέος
598 1331 779 1394 έπαϊουσιν.
814 1331 843 1392 εί
864 1324 900 1392 δὲ
920 1323 960 1391 τά
980 1327 1065 1411 λέγω
1088 1334 1174 1393 αἴτια

170 1431 300 1510 γνοίης,
316 1421 359 1491 σύ
372 1424 407 1491 δέ
418 1427 473 1491 καί
484 1427 520 1508 έν
534 1431 578 1514 τῷ
591 1422 725 1512 ούρανιβ
738 1425 853 1508 δέρκεο
868 1424 1007 1490 ἕκαστον
1018 1424 1173 1490 τουτέων.

172 1527 220 1589 ll.
238 1526 371 1607 λέγουσι
390 1523 425 1588 δέ
443 1528 615 1607 Τειρεσίην
632 1520 739 1607 ἀνδρα
753 1521 931 1604 Βοιώτιον,
948 1526 1008 1587 τοῦ
1027 1517 1067 1604 δὴ
1082 1521 1175 1594 κλέος

171 1617 381 1703 μαντοσύνης
392 1620 466 1703 πέρι
481 1615 608 1686 πολλὰν
622 1616 782 1704 ἀείρεται,
799 1623 919 1685 τοῦτον
929 1615 989 1684 τὸν
1004 1622 1176 1701 Τειρεσίην

172 1717 209 1781 έυ
218 1711 374 1799 Ἕλλησιν
386 1720 505 1801 είπεϊυ,
524 1713 574 1782 ὅτι
586 1722 653 1782 τῶν
664 1715 900 1800 πλανεομένων
911 1711 1058 1798 ἀστέρων
1072 1716 1105 1779 οἱ
1113 1712 1178 1798 μὲν

172 1809 306 1896 θήλεες,
322 1814 356 1878 οί
369 1813 406 1879 δὲ
422 1810 559 1899 ἀρρευες
571 1812 681 1890 ἐόντες
694 1809 756 1878 οῦκ
772 1821 826 1879 ἴσα
841 1812 1041 1880 έκτελέοοσι·
1060 1817 1107 1898 τῷ
1121 1815 1181 1876 καί

172 1933 230 1991 μιν
251 1909 371 1992 διφυέα
390 1912 548 1994 γενέσθαι
567 1910 623 1977 καὶ
645 1907 806 1994 ἀμφίβιον
830 1912 1002 1993 Τειρεσίην
1024 1915 1178 1993 μυθολο-

59 2047 63 2052 -
173 2005 309 2089 μύουσιν
324 2002 440 2073 ἀλλοτε
456 2006 517 2091 μὲν
531 2014 643 2092 θῆλυν
654 2004 770 2074 ἀλλοτε
781 2006 816 2072 δέ
828 2003 961 2092 ἀρρενα.
985 2010 1034 2072 12.
1048 2003 1179 2089 Ἀτρέος

173 2103 208 2168 δέ
223 2101 276 2167 καί
292 2103 445 2169 Θυέστεω
459 2106 534 2187 περὶ
554 2111 593 2191 τῇ
609 2109 757 2190 πατρωίη
777 2109 930 2190 βασιληίη
947 2101 1179 2187 φιλονεικεόν-

171 2224 238 2265 τωυ
251 2195 314 2284 ἤδη
331 2212 436 2266 τοῖσιν
448 2198 603 2288 Ἕλλησιν
620 2197 819 2286 ἀναφανδὸν
838 2197 1053 2287 ἀστρολογίης
1072 2202 1178 2267 τεκαὶ

172 2301 290 2380 σοφίης
311 2302 368 2380 τῆς
389 2293 548 2383 οὐρανίης
569 2297 698 2384 μάλιστ’
718 2305 827 2385 ἔμελε,
854 2301 909 2365 καὶ
928 2295 965 2364 τδ
989 2294 1093 2378 ξυνὸν
1107 2303 1178 2365 τῶν

167 2392 324 2477 Ἀργείων
340 2389 454 2478 ἀρχειν
473 2400 625 2481 ἔγνωσαν
646 2398 779 2464 έωυτῦυ
797 2395 886 2476 ὅστις
906 2404 967 2464 τοῦ
987 2398 1101 2480 ἑτέρου
1116 2415 1178 2463 σο-

103 2510 153 2565 366
173 2496 256 2575 φίην
274 2492 546 2578 προφερέστερος.
578 2499 663 2562 ἔνθα
684 2494 724 2581 δὴ
747 2498 893 2582 Θυέστης
914 2499 976 2583 μέν
997 2493 1057 2562 τὸν
1078 2492 1178 2580 κριὸν

173 2593 267 2672 σφίσι
290 2583 349 2653 τὸν
373 2589 409 2653 ἐν
431 2595 476 2678 τῷ
494 2586 628 2681 οὐρανῷ
649 2594 879 2679 σημηνάμενος
898 2591 1084 2679 ὑπέδειξεν,
1109 2591 1177 2660 ἀπὸ

172 2688 234 2754 τέω
251 2681 291 2770 δὴ
312 2682 398 2769 ἀρνα
412 2687 556 2773 χρύσεον
573 2693 702 2778 Θυέστη
715 2694 874 2776 γενέσθαι
894 2696 1174 2779 μυθολογέουσιν.

169 2780 302 2872 Ἀτρεύς
312 2783 348 2850 δέ
358 2793 419 2851 τοῦ
429 2781 542 2870 ἠελίου
553 2790 628 2875 πέρι
640 2791 694 2856 καὶ
708 2796 774 2856 τῦν
785 2787 973 2858 ἀνατολέων
985 2789 1105 2857 αῦτέου
1116 2790 1178 2857 λό-

171 2911 233 2970 γου
248 2881 441 2968 ἐποιήσατο,
465 2881 516 2950 ὅτι
531 2882 593 2953 ούκ
608 2889 640 2965 ές
658 2884 776 2974 ὁμοίην
791 2887 902 2975 φορὴν
915 2887 1024 2975 ἠέλιός
1038 2914 1073 2956 τε
1086 2886 1176 2956 καὶὸ

171 2984 295 3069 κόσμος
315 2984 497 3069 κινέονται,
525 2982 598 3053 ἀλλ’
620 2987 653 3063 ές
676 2982 829 3066 ἀντίξοον
850 2985 1003 3074 ἀλλήλοις
1020 2985 1178 3072 ἀντιδρο-

170 3086 303 3168 μέουσι,
319 3083 374 3150 καὶ
389 3085 424 3148 αί
439 3088 504 3147 νῦν
516 3082 628 3161 δύσιες
639 3087 830 3171 δοκέουσαι,
845 3078 908 3152 τοῦ
920 3086 1049 3172 κόσμου
1064 3085 1178 3162 δύσιες

170 3185 303 3267 ἐοῦσαι,
319 3187 380 3248 τοῦ
396 3179 510 3266 ἠελίου
526 3178 686 3250 ἀνατολαί
701 3189 771 3252 είσι.
795 3183 875 3251 τάδε
889 3184 1024 3251 είπόντα
1037 3185 1177 3271 βασιλέα

170 3305 228 3361 μιν
241 3277 381 3364 Ἀργεῑοι
394 3279 603 3365 ἐποιήσαντο,
616 3283 671 3348 καὶ
680 3285 763 3366 μέγα
776 3284 868 3360 κλέος
879 3282 932 3349 έπλ
942 3287 1044 3370 σοφίη
1054 3279 1178 3348 αῦτέον

171 3378 309 3458 ἐγένετο.
334 3380 382 3442 13.
400 3373 464 3461 ε’γοδ
477 3376 514 3445 δὲ
525 3380 580 3445 καὶ
591 3381 666 3463 περὶ
676 3379 951 3464 Βελλεροφόντεω
964 3381 1076 3448 τοιάδε
1088 3405 1177 3466 φρο-
