2575 3842
361 223 720 284 ΔΗΜΩΝΑΚΤΟΣ
739 226 862 284 ΒΙΟΣ.
1052 221 1111 283 195

103 379 176 450 ἀλλ’
194 384 231 448 ἐν
244 382 362 468 μελέτη
378 383 431 449 καὶ
453 387 634 471 προσδοκίῃ
650 386 759 471 ῥηίδια
782 384 835 450 καὶ
853 383 958 467 πρηέα
971 380 1108 467 ἡγίεται.
1190 399 1194 404 ’

103 481 183 546 τάδε
200 476 415 564 ἀστρολογίης
430 481 504 561 πέρι
521 478 606 565 ἐγών
622 479 858 566 ὑπολαμβάνω.

246 803 738 898 ’Λααοαιασοε
770 833 925 900 ΒιοΣ.
1127 841 1180 896 ιιι

190 995 216 1055 l.
231 987 388 1075 ’Ἐμελλεν
400 989 464 1073 ἀρα
479 993 561 1076 μηδὲ
573 987 591 1056 ὁ
606 987 687 1056 καθ’
701 987 787 1077 ἡμᾶς
801 999 872 1077 βίος
886 992 922 1057 τὸ
934 990 1108 1057 παντάπα-

103 1106 158 1152 σιν
174 1084 312 1171 ’ἀμοιρος
333 1093 469 1156 ἔσεσθαι
490 1085 624 1171 ἀνδρῶν
644 1087 748 1172 λόγου
771 1089 825 1155 καὶ
845 1087 975 1174 μνήμης
996 1085 1107 1168 ἀξίων,

103 1179 188 1250 ἀλλὰ
204 1185 258 1251 καὶ
280 1185 429 1269 σώματος
452 1183 574 1270 ἀρετὴν
594 1182 753 1271 ὑπερφυᾶ
768 1188 822 1252 καὶ
842 1187 980 1272 γνώμην
999 1181 1109 1266 ἀκρως

103 1279 291 1365 φιλόσοφον
307 1285 493 1367 ἐκφαίνειν·
517 1285 602 1368 λέγω
618 1283 654 1349 δὲ
671 1292 717 1360 είς
731 1309 766 1349 τε
779 1281 840 1350 τόν
856 1283 1018 1351 Βοιώτιον
1030 1280 1109 1348 Σώ-

105 1398 244 1458 στρατον
255 1377 450 1465 ἀναφέρων,
467 1377 507 1446 όν
516 1377 678 1462 Ἡρακλέα
690 1378 883 1467 οίἝλληνες
896 1380 1038 1448 ἐκάλουν
1054 1377 1109 1445 καὶ

104 1474 207 1544 όουτο
221 1475 325 1563 εἶναι,
340 1480 394 1545 καὶ
405 1480 587 1563 μαλιστα
557 1505 571 1545 ε
586 1478 826 1564 ςΔημώνακτα
836 1476 895 1546 τόν
907 1475 1107 1562 φιλόσοφον,

103 1571 162 1651 οὓς
182 1578 234 1641 καὶ
257 1530 346 1641 εἶδόν
361 1574 459 1654 αύτός
476 1579 530 1643 καὶ
547 1574 629 1644 ἰδών
646 1577 839 1664 ἐθαύμασα,
862 1581 994 1665 θατέρῳ
1010 1574 1045 1642 δέ
1061 1581 1107 1660 τῷ

57 1701 60 1718 ⁴
103 1673 304 1757 Δημώνακτι
318 1700 371 1740 και
362 1676 437 1742 ἐπὶ
450 1675 610 1760 μηκιστον
622 1675 861 1761 συνεγενόμην.
885 1674 1005 1799 περὶ
971 1699 1032 1759 μευ
1046 1663 1108 1738 σόν

102 1769 339 1850 Σωστράτου’
324 1797 359 1836 εν
382 1769 470 1861 ἀλλφ
487 1778 604 1860 βιβλίφ
617 1772 802 1856 γέγραπταί
818 1799 874 1856 μοι
890 1799 945 1839 και
934 1770 1107 1889 δεδηλω-

104 1891 154 1934 ται
173 1866 317 1952 μέγεθός
334 1893 367 1934 τε
389 1865 493 1934 αὐτοῦ
513 1870 566 1934 καὶ
587 1869 699 1952 ἰσχύος
714 1866 880 1954 ύπερβολη
897 1865 983 1935 καλ
966 1895 987 1953 η
1005 1866 1108 1933 ύπαι-

100 1975 185 2049 θρος
202 1966 238 2031 ἐν
252 1990 296 2052 τῳ
283 1971 476 2055 Παρνασῷ
489 1969 594 2032 δίαιτα
606 1968 660 2031 καὶ
674 1992 695 2050 η
682 1963 758 2032 ‘gul
773 1964 856 2042 πόας
872 1962 951 2049 εόνη
963 1967 1016 2030 καὶ
1028 1989 1105 2047 τρο-
1124 1975 1175 2028 375

102 2060 199 2146 φαλ”
179 2088 282 2146 ορειοι
297 2063 385 2129 καὶέ
367 2068 445 2146 ἐργα
466 2059 527 2128 ούκ
549 2059 666 2153 ἀπφδά
681 2069 741 2130 τοῦ
757 2059 919 2145 ὀνόματος
940 2061 993 2126 καὶ
1008 2059 1069 2126 ὅσα
1085 2087 1105 2144 η

101 2157 222 2274 ληστόις
238 2168 343 2241 αἴρων
363 2155 535 2243 ἐπραξεν
514 2187 534 2244 η
550 2131 766 2226 όδόποιώυ
731 2187 770 2226 τα
793 2153 933 2245 ἀβατα’1
912 2185 933 2244 η
948 2163 1106 2244 γεφυρῶν

100 2281 140 2321 τα
129 2253 319 2337 δύσπορα.

186 2357 215 2418 2.
239 2354 322 2435 Περὶ
337 2351 372 2419 δὲ
388 2353 614 2438 Δημώνακτος
627 2353 691 2440 ἤδη
709 2359 839 2422 δίκαιον
856 2356 964 2438 λέγειυ
980 2349 1106 2436 ἀμφοῖν

99 2450 215 2533 ἕνεκα,
237 2446 281 2526 ὡς
295 2449 419 2527 ἐκεῖνός
433 2477 467 2517 τε
484 2449 538 2518 διὰ
555 2453 687 2539 μνήμης
702 2461 752 2538 είη
768 2466 835 2530 τοῖς
856 2449 1001 2533 ἀρίστοις
1016 2449 1054 2515 τό
1067 2473 1106 2533 γε

100 2543 175 2614 κατ’
193 2548 248 2631 ἐμὲ
271 2547 325 2612 καὶ
342 2550 376 2613 oi
392 2549 621 2632 γενναιότατοι
641 2556 710 2616 τών
730 2550 816 2617 νέων
834 2551 888 2617 καὶ
909 2545 992 2632 πρὸς
1008 2554 1104 2630 φιλο-

100 2648 225 2726 σοφίαν
242 2637 385 2726 ὁρώυτες
396 2649 500 2728 ἔχοιεν
515 2644 559 2732 μὴ
575 2644 659 2733 πρὸς
675 2644 715 2713 τὰ
731 2643 849 2731 ἀρχαῖα
863 2646 950 2731 μόνα
962 2650 1029 2710 τῶν
1041 2666 1105 2708 πα-

101 2736 331 2821 ραδειγμάτων
342 2748 428 2823 σφοῖς
440 2740 562 2820 αύτούς
575 2747 767 2830 ῥυθμίζειν,
783 2740 866 2810 ἀλλά
879 2740 942 2808 κάκ
954 2747 1014 2806 τοῦ
1024 2737 1105 2856 ἡμε-

100 2833 201 2918 τέρου
218 2840 294 2918 βίου
310 2837 436 2903 κανόνα
452 2849 673 2926 προτίθεσθαι
687 2843 742 2908 καὶ
758 2847 878 2925 ζηλοῦν
890 2833 1051 2905 ἐκεῐυου”
1029 2859 1105 2918 αρι-

101 2949 182 2996 στον
199 2921 409 3017 ώνοῖδαέγώ
421 2937 820 3060 φιλοσόφώνγενόμενον
842 2928 913 3003 3
892 2962 935 3020 ην
951 2931 1029 3001 δὲ
997 2959 1032 2999 το
1044 2935 1105 3017 μεν

99 3033 196 3114 γένος
211 3030 378 3118 Κύπριος,
396 3031 437 3101 ού
452 3043 518 3103 τών
536 3036 678 3122 ἀφανῶν
695 3034 757 3102 ὅσα
774 3041 819 3112 είς
836 3032 961 3119 ἀξίωμα
978 3039 1106 3098 πολιτι-

97 3155 160 3196 κον
170 3133 224 3198 καὶ
234 3150 358 3216 κτησιν.
375 3129 416 3199 ού
427 3159 492 3221 μην
502 3131 585 3202 αλλα
596 3137 650 3201 και
661 3133 796 3201 πάντων
808 3157 936 3199 τουτων
946 3153 1103 3212 υπερανω
1122 3140 1174 3196 376

97 3229 278 3313 γενόμενος
289 3232 343 3296 καὶ
354 3226 494 3310 ἀξιώσας
506 3228 626 3298 ἑαυτόν
639 3238 708 3298 τών
717 3237 901 3323 καλλίστων
912 3225 995 3312 πρός
1007 3234 1104 3312 φιλο-

99 3331 222 3409 σοφίαν
241 3322 395 3411 ώρμησεν
411 3325 472 3395 οόκ
489 3326 742 3414 Ἀγαθοβούλου
757 3325 803 3417 μά
817 3323 873 3394 Δί’
891 3323 970 3393 ούδέ
985 3334 1104 3410 Δημη-

98 3427 192 3502 τρίου
208 3420 272 3505 πρό
298 3422 403 3491 αὐτοῦ
425 3422 503 3491 οὐδὲ
520 3421 712 3511 ’Ἐπικτήτου
732 3424 991 3575 ἐπεγειράνφὲσν,
1019 3421 1102 3490 ἀλλά

954 3517 968 3552 η
