2575 3842
17 139 19 196 λ
305 153 549 212 ΛΛΗοονΣ
567 152 806 210 ιενοεικε
822 153 861 208 Α.
1042 145 1083 210 ³1

19 322 29 421 f
78 330 183 399 γρατγε
197 313 272 395 περὶ
287 319 344 397 τῆς
356 309 469 378 Ἰνδών
480 309 589 395 χώρας
599 313 656 376 καὶ
665 315 734 376 τών
744 308 823 392 παρ’
842 307 955 387 αὐτοῖς
969 307 992 374 δι’
1003 309 1085 395 μήτε

20 478 25 495 ,
78 409 176 488 αύτδς
196 408 261 476 εἶδε
275 409 356 495 μήτε
369 407 475 475 άλλου
493 408 643 484 εἰπόντος
657 406 812 492 ἤκουσεν.
836 412 959 492 ἔγραψε
974 409 1010 474 δέ
1029 408 1085 474 καὶ

20 502 25 555 ²
75 507 264 594 Ἰαμβοῦλος
280 507 354 590 περὶ
369 512 437 572 τών
449 508 486 571 έν
500 511 539 593 τη
553 505 681 592 μεγάλῃ
691 504 841 590 θαλάττῃ
855 501 961 571 πολλὰ
974 503 1084 587 παρά-

76 614 174 693 δοξα,
196 607 365 692 γνώριμον
379 608 440 691 μὲν
458 603 561 672 ἅπασι
579 604 614 672 τό
633 609 758 686 ψεῦδος
772 603 998 688 πλασάμενος,
1020 600 1082 670 οὐκ

76 705 200 791 ἀτερπῆ
212 705 247 771 δὲ
260 702 350 790 ὅμως
361 704 499 781 συνθεὶς
508 702 570 788 τὴν
581 700 756 770 ὑπόθεσιν.
779 702 897 769 πολλοὶ
908 699 944 768 δέ
955 702 1010 767 καὶ
1019 699 1130 782 άλ--ηο

76 815 127 873 λοι
136 802 177 871 τά
190 800 275 869 αύτά
287 801 417 880 τούτοις
428 801 646 884 προελόμενοι
658 803 875 884 συνέγραψαν
887 796 931 876 ὡς
940 799 982 884 δή
991 823 1082 874 τινας

76 905 204 969 ἑαυτῶν
219 900 347 976 πλάνας
357 925 393 965 τε
409 900 463 966 καὶ
473 896 659 982 άποδημίας
670 904 802 983 θηρίων
810 923 846 964 τε
856 899 981 982 μεγέθη
992 901 1083 963 ίστο-

75 1006 214 1079 ροῦντες
229 998 283 1065 καὶ
302 995 497 1080 ἀνθρώπων
517 993 688 1080 ώμότητας
701 997 756 1062 καὶ
771 1002 855 1081 βίων
871 995 1082 1080 καινότητας·

75 1092 219 1181 άρχηγός
234 1097 270 1162 δὲ
286 1093 398 1172 αύτολς
413 1095 467 1161 καὶ
482 1095 682 1172 διδάσκαλος
691 1100 749 1179 τῆς
761 1094 915 1178 τοιαύτης
929 1100 1082 1178 βωμολο-

75 1191 179 1279 ηίαςδ
200 1201 261 1259 τοῦ
272 1190 419 1278 Ὀμήρου
441 1189 633 1275 Ὀδυσσεύς,
655 1205 723 1268 τοῖς
741 1192 815 1277 περὶ
830 1188 891 1256 τδυ
908 1189 1083 1258 Ἀλκίνουν

76 1287 296 1374 διηγούμενος
312 1285 447 1373 άνέμων
461 1313 496 1354 τε
512 1292 670 1354 δουλείαν
683 1289 738 1352 καί
748 1286 1014 1372 μονοφθάλμους
1028 1287 1084 1353 καὶ

77 1384 279 1471 ὠμοφάγους
295 1390 349 1451 καὶ
364 1383 500 1470 άγρίους
516 1382 609 1462 τινάς
623 1383 844 1469 ἀνθρώπους,
860 1389 908 1452 ἔτι
924 1384 960 1451 δὲ
975 1394 1083 1452 πολυ-

77 1487 204 1568 κέφαλα
223 1487 286 1570 ζῷα
307 1479 434 1560 καὶτὰς
455 1480 522 1549 ὑπό
537 1481 725 1568 φαρμάκων
744 1489 813 1548 τών
827 1484 967 1569 ἑταίρων
983 1509 1084 1569 μετα-

76 1583 195 1669 βολάς,
218 1577 271 1647 οἱα
292 1579 398 1649 πολλά
416 1585 541 1660 ἐκεῖνος
561 1579 606 1659 ώς
624 1578 708 1664 πρὸς
728 1580 859 1660 ἰδιώτας
879 1580 1083 1666 ἀνθρώπους

77 1678 311 1762 ἐτερατεύσατο
336 1677 416 1757 τούς
439 1687 595 1757 Φαίακας.
639 1684 670 1746 4.
696 1679 828 1758 τούτοις
851 1673 915 1748 οὖν
936 1677 1084 1766 ἐντυχών

78 1777 182 1846 άπασι
195 1783 257 1844 τοῦ
272 1776 461 1856 ψεύσασθαι
478 1777 539 1862 μέν
554 1773 595 1842 ού
605 1776 738 1861 σφόδρα
752 1774 831 1854 τοὺς
846 1775 971 1862 ἄνδρας
984 1781 1083 1864 ἐμεμ-

77 1877 194 1961 ψάμην
208 1871 299 1957 ὁρών
313 1871 377 1961 ἤδη
393 1874 540 1960 σύνηθες
554 1869 594 1940 όν
610 1881 708 1939 τοῦτο
726 1876 861 1952 καὶτοῖς
884 1884 1083 1961 φιλοσοφεῖν

77 1970 370 2058 ὑπισχνουμένοις·
394 1975 501 2040 έκεῖνο
519 1970 554 2038 δὲ
572 1967 686 2038 αὐτῶν
699 1970 906 2057 ἐθαύμαζον,
925 1978 955 2039 εί
970 1972 1084 2055 ἐνόμι-

77 2091 140 2138 σαν
154 2070 271 2156 λήσειν
285 2069 348 2140 ούκ
362 2069 474 2164 άληθῆ
492 2069 753 2154 συγγράφοντες.
784 2069 901 2153 διόπερ
916 2071 970 2136 καὶ
985 2064 1085 2143 αύτός

78 2167 142 2236 ὑπό
159 2174 348 2248 κενοδοξίας
364 2169 538 2237 άπολιπεῖν
553 2195 584 2234 τι
601 2164 793 2242 σπουδάσας
807 2178 875 2242 τοῖς
890 2161 969 2250 μεθ’
986 2161 1082 2249 ἡμᾶς,

77 2271 131 2334 ἵνα
147 2266 192 2353 μὴ
210 2267 312 2352 μόνος
332 2259 512 2353 άμοιροςώ
531 2273 588 2351 τῆς
608 2268 646 2332 ἐν
660 2291 706 2331 ττι
719 2273 925 2349 μυθολογεῖν
947 2266 1085 2331 ἐλευθε-

78 2374 167 2448 ρίας,
182 2368 251 2433 ἐπεὶ
262 2367 367 2452 μηδὲν
378 2365 502 2452 άληθδς
512 2370 657 2446 ίστορεῑν
669 2363 756 2448 εἶχον
769 2405 806 2415 -
820 2362 921 2432 οὐδὲν
930 2360 995 2449 γάρ
1008 2364 1076 2430 έπε-

78 2466 224 2533 πόνθειν
244 2462 418 2551 ἀξιόλογον
440 2505 477 2515 -
500 2466 551 2531 ἐπὶ
572 2461 609 2530 τό
637 2469 761 2542 ψεῦδος
786 2464 977 2548 ἐτραπόμην
996 2459 1084 2529 πολύ

77 2570 144 2630 τών
157 2562 269 2630 άλλων
281 2560 608 2649 εὐγνωμονέστερον·
630 2556 695 2628 κάν
707 2564 745 2628 ἓν
758 2562 822 2647 γάρ
839 2560 879 2648 δὴ
891 2569 989 2629 τοῦτο
1001 2559 1084 2646 άλη-

79 2660 194 2729 θεύσω
210 2663 332 2746 λέγων,
354 2659 405 2728 ότι
426 2660 602 2745 ψεύσομαι.
635 2659 725 2726 ούτω
742 2658 773 2728 δ’
790 2660 834 2726 όν
849 2687 905 2746 μοι
925 2665 1013 2728 δοκώ
1028 2661 1081 2726 καλ
1099 2671 1133 2727 73

77 2759 139 2847 τὴν
154 2760 244 2842 παρὰ
258 2769 326 2827 τών
342 2757 452 2828 ἄλλων
463 2763 665 2844 κατηγορίαν
676 2759 835 2843 ἐκφυγεῖν
847 2755 947 2837 αύτός
961 2756 1078 2843 ὃμολο·

77 2866 148 2944 γών
164 2860 269 2943 μηδὲν
285 2854 407 2943 ἀληθὲς
429 2859 547 2944 λέγειν.
574 2856 696 2942 γράφω
711 2865 828 2925 τοίνυν
843 2859 917 2941 περὶ
939 2850 987 2923 ὦν
1004 2855 1086 2941 μήτε

78 2957 169 3025 εἶδον
185 2956 266 3043 μήτε
288 2964 418 3025 ἔπαθον
437 2958 518 3042 μη’τε
538 2953 619 3037 παρ’
638 2954 750 3023 ἄλλων
769 2956 964 3040 ἐπυθόμην,
985 2960 1031 3021 ἔτι
1049 2953 1085 3020 δὲ
1132 2973 1136 2980 ·

78 3057 159 3142 μήτε
175 3054 262 3134 ὅλως
279 3053 387 3124 όντων
402 3057 483 3143 μήτε
500 3054 561 3141 τὴν
577 3053 684 3140 ἀρχὴν
699 3060 859 3141 γενέσθαι
876 3056 1083 3139 δυναμένων.

78 3153 129 3222 διδ
147 3158 202 3221 δεῖ
213 3151 291 3231 τούς
307 3156 569 3240 ἐντυγχάνοντας
584 3158 744 3240 μηδαμώς
758 3152 927 3219 πιστεύειν
942 3149 1063 3229 αύτοίς.

162 3257 192 3320 5.
210 3248 387 3340 Ὁρμηθεὶς
399 3253 465 3338 γάρ
486 3278 565 3320 ποτε
580 3249 646 3318 άπδ
666 3248 869 3341 Ἡρακλείαν
884 3258 1015 3337 στηλών
1030 3251 1087 3318 καί

78 3347 173 3438 άφεις
191 3353 224 3428 ές
240 3348 300 3417 τόν
318 3354 469 3436 ἑσπέριον
487 3348 636 3420 ώκεανδν
654 3348 757 3440 ούρίφ
775 3349 886 3441 άνέμφ
901 3348 961 3418 τόν
976 3357 1086 3419 πλοῦν
