2575 3842
313 181 727 240 ΔΗΜΩΝΑΚΤΟΣ
745 183 872 241 ΒΙΟΣ.
1061 183 1123 245 205

120 341 230 408 Οὐδέν
245 343 333 408 ἐστιν
341 337 486 426 ,’ἒφη,
468 340 767 451 αναισχνντότερον
780 348 890 425 χωλοῦ
902 349 1124 428 Περιπατητι-

117 431 189 493 κοῦ.
224 428 273 490 55.
296 391 365 491 ἐπέὶ
383 428 421 490 δέ
439 449 517 490 ποτε
535 422 551 490 6
564 425 751 508 Ἐπίκτητος
768 427 963 507 ἐπιτιμων
941 452 1008 507 αμα
1022 448 1124 492 συνε-

118 508 309 616 βοάλευεν
294 504 384 597 6666
371 505 579 610 ἀγαγέσθαι
590 521 741 611 6666666
742 508 797 573 καὶ
806 509 1122 619 παιδοποιήσασθαι,

118 592 256 674 πρέπειν
270 590 333 675 γάρ
348 576 514 657 καὶτοῦτο
524 591 707 698 φιλοσόφῳ
724 588 855 694 άνδρὶ”
834 616 971 696 ετερον
961 591 1042 659 άνθ
1053 592 1124 696 66-

118 683 178 742 τοῦ
202 683 393 741 καταλιπεῖν
419 681 458 759 τῇ
483 673 598 778 φησει,
630 675 887 775 ἐλεγκτικώτατα
910 676 993 759 πρὸς
1020 673 1124 743 αὐτόν

118 757 329 864 6666666660,
344 749 532 840 Οὐκοῦν,
506 783 531 823 ω
546 755 721 859 Ἐπίκτητε,
734 755 791 833 δός
802 783 860 860 μοι
869 764 948 863 μίαν
959 765 1027 825 τάν
1039 779 1124 862 σαη-

117 848 179 908 τοῦ
198 844 405 945 θυγατέρων.
440 846 489 908 56.
515 844 569 906 καί
588 837 655 925 μὴν
672 839 780 906 καὶ
747 866 783 906 το
799 840 881 922 πρὸς
895 840 1060 948 Ερμῑνον
1064 840 1124 944 τόν

116 921 375 1024 Ἀριστοτελικὸν
390 920 517 1026 66666'
498 929 810 1026 απομνημονεῦσαι·
834 923 981 1002 είδάς
924 952 1007 1029 γαρ
1019 923 1123 1028 αὐτόν

115 1006 343 1116 παγκάκιστον
359 1005 456 1091 66’'
438 1032 517 1073 οντα
531 1007 586 1110 καὶ
599 1014 702 1091 μυρία
716 1004 802 1073 κακά
818 1008 1047 1117 ἐργαζόμενον,
1063 1007 1123 1075 τὸν

115 1089 342 1175 Ἀριστοτέλην
358 1090 393 1158 66
409 1088 464 1156 διὰ
485 1091 658 1194 στόματος
661 1092 715 1157 καί
731 1088 835 1157 αὐτοῦ
849 1088 907 1168 τάς
928 1094 1008 1159 δέκα
1022 1119 1122 1176 κατη-

118 1178 265 1259 γορίας
247 1198 379 1279 εχοντηι,
388 1172 530 1258 Ερμῑνε,
547 1180 621 1284 ἔφη,
639 1172 774 1258 άληθῶς
786 1171 874 1252 άξιος
887 1174 917 1242 εἱ
924 1179 1008 1278 δέκα
1022 1202 1123 1281 κατη-

119 1265 253 1360 γορμών.
282 1259 331 1324 57.
348 1253 545 1348 ᾉθηναίων
551 1259 586 1325 66
605 1261 838 1365 σκεπτομένων
852 1285 934 1326 κατα
924 1256 1097 1361 ζῆλον
1064 1285 1123 1326 τον

119 1339 206 1442 πρὸς
219 1346 424 1446 Κορινθιονς
441 1343 711 1446 καταστήσασθαι
725 1343 811 1408 θέαν
825 1343 1030 1449 μονομάχων
1040 1368 1124 1425 προ-

120 1421 233 1491 ελθάν
247 1429 292 1501 είς
309 1421 449 1507 αὐτούς,
476 1424 535 1530 Μὴ
551 1426 732 1531 πρότερον,
748 1430 838 1528 ἔφη,
847 1432 966 1507 ταῦτα,
985 1455 1010 1494 ω
999 1421 1123 1535 Ἀθη-

118 1522 223 1589 ναῖοι,
247 1514 456 1593 ψηφίσησθε,
479 1504 523 1574 άν
537 1509 581 1594 μὴ
597 1515 656 1575 τοῦ
674 1507 784 1574 Ἐλέου
804 1507 864 1575 τόν
884 1509 1013 1619 βωμόν
1019 1513 1123 1577 καθέ-

118 1600 205 1694 λητε.
229 1596 278 1659 58
293 1594 362 1659 ἐπεὶ
373 1592 450 1659 66
420 1589 658 1677 εἰς’θλυμπιαν
668 1616 746 1658 ποτε
735 1592 946 1658 έλθοντι
905 1620 993 1660 αυτω
981 1593 1124 1660 Ἠλεῖοι

120 1675 232 1743 είκόνα
243 1683 367 1760 χαλκῆν
379 1678 600 1782 ἐψηφίσαντο,
619 1680 792 1761 Μηδαμῶς
806 1683 914 1757 τοῦτο,
924 1670 1050 1783 ἔφη,
1024 1704 1049 1743 ω
1062 1675 1124 1743 άν-

119 1763 195 1863 δρες
207 1755 340 1861 ᾘλεῐοι,
364 1757 416 1862 66
424 1760 539 1844 δόξητε
554 1727 725 1838 ὀνειδίζειν
743 1773 810 1836 τοῖς
825 1762 1003 1869 666666663
1015 1759 1120 1846 ὑμῶν,

119 1841 171 1909 ότι
191 1842 272 1927 μήτε
292 1843 496 1947 Σωκράτους
512 1844 592 1948 μήτε
608 1845 795 1927 Διογένους
817 1843 929 1908 είκόνα
947 1842 1121 1910 άνατεθεί-
1140 1852 1188 1913 394

119 1946 227 1992 κασιν
255 1929 305 1992 59.
329 1924 458 2028 ἤκουσα
476 1925 566 1992 66
526 1951 631 1992 αυτου
646 1950 725 1991 ποτε
741 1928 795 1990 καί
810 1948 894 2007 προς
908 1951 967 1992 τον
980 1952 1048 1992 των
1063 1953 1123 1992 νο

119 2035 192 2093 μων
206 2013 362 2092 ἔμπειρον
376 2017 479 2076 ταῦτα
495 2006 703 2113 λέγοντος,’
683 2005 734 2073 ὁτι
745 2008 1043 2111 κιγδυνεόονσιν”
1020 2034 1122 2113 αχρη-

119 2113 189 2159 στοι
205 2092 289 2160 εἶναι
307 2092 392 2158 06¹
353 2117 466 2198 ηομοι,
488 2091 532 2195 66
547 2119 581 2158 τε
597 2104 754 2194 πονηροῖς
769 2088 811 2155 όίν
831 2116 865 2156 τε
882 2090 1022 2198 άγαθηῐς
1038 2096 1123 2196 γρά-

117 2201 263 2284 φωηται
287 2178 368 2242 06
333 2201 394 2260 μεν
405 2172 468 2259 γάρ
485 2201 526 2241 ου
516 2173 668 2242 ’δέονται
682 2174 848 2278 νόμων,ο
830 2177 864 2240 οί
879 2173 948 2243 66‘
928 2174 994 2241 υπὸ
1007 2177 1122 2261 νόμων

118 2258 219 2408 66666
231 2264 382 2408 66666063
395 2265 552 2344 γίνονται.
576 2264 626 2327 60.
643 2265 710 2324 τῶν
722 2255 778 2324 δὲ
778 2257 918 2343 Ομηρου
932 2266 1052 2345 στίχων
1064 2262 1122 2326 ἕνα

117 2368 237 2446 ηεμα
260 2361 343 2446 ιστα,

160 2423 303 2534 κάτθαν’
321 2425 410 2534 ὁμῶς
424 2424 485 2493 ὅτ’
502 2423 620 2511 άεργός
636 2422 722 2533 6666
737 2423 755 2491 ὅ
771 2451 806 2492 τε
825 2424 963 2494 πολλά’
947 2428 1080 2512 εοργοός.

118 2515 168 2577 61
186 2509 299 2597 ἐπῄνει
312 2509 347 2574 66
367 2507 473 2576 καὶ
441 2535 499 2576 τον
517 2511 717 2594 Θερσίτην*
695 2536 738 2621 ως
752 2510 904 2576 Κυνικόν
921 2537 996 2577 τινα
1017 2516 1123 2614 δημη-

117 2591 232 2695 γόρον.
253 2597 302 2658 62.
319 2593 497 2696 ἐρωτηθεις
513 2596 552 2660 δε
564 2617 659 2675 ποτε
675 2600 723 2670 τις
739 2618 827 2658 αυτω
814 2591 973 2675 αρέσκοι
986 2620 1053 2660 των
1053 2621 1124 2697 φι-

118 2675 321 2824 λησόφων,”
303 2701 378 2760 εφη,
389 2676 562 2753 Πάντες
527 2702 589 2760 μεν
599 2644 831 2784 θαέιμαστοί,
814 2702 889 2783 εγω
867 2678 928 2742 δε
937 2677 1124 2760 Σωκρατην

119 2759 180 2842 μὲν
195 2762 296 2862 σέβω,
312 2758 447 2866 θαυμάζ
449 2785 473 2824 ω
432 2759 704 2864 ζδέΔιογένην
717 2762 873 2865 καίφιλοξ
881 2759 1102 2863 Ἀρίστιππον,

204 2849 253 2908 63.
274 2839 367 2952 Ἐβίμ
383 2844 457 2908 66''
440 2867 494 2927 ετη
509 2840 624 2942 ρλίγον
641 2846 758 2909 δέοντα
771 2849 838 2908 τῶν
855 2841 973 2909 έκατόν
990 2842 1121 2944 άνοσος,

120 2922 254 3028 ἄλυπος,
271 2927 393 2992 οὐδένα
408 2925 584 3030 ἐνοχλήσας
595 2952 656 3009 τιη
643 2920 815 3029 ”αίτχ’σας,
834 2933 943 3009 φίλοις
951 2925 1121 3011 χρήσιμος,

118 3007 240 3092 ἐχθρὸν
250 3007 372 3113 οὐδένα
384 3006 622 3111 ηόδεττοίποτε’
606 3010 764 3114 εσχηκως
780 3011 835 3075 καὶ
844 3016 1005 3113 τοσοῦτην
1017 3015 1122 3111 ἔρωτα

117 3097 213 3195 έφχον
229 3090 311 3174 πρός
323 3090 425 3158 αὐτόν
437 3091 610 3178 Ἀθηναῖοί
617 3118 652 3157 τε
666 3090 759 3158 αὐτοὶ
773 3094 826 3194 κηί
842 3090 983 3195 άπασαὴ
995 3091 1121 3177 Ελλάς,

117 3173 201 3279 όόφτε
218 3177 370 3258 παριόντι
385 3174 715 3254 ὑπεξανίστασθαι
681 3201 741 3260 μεν
755 3172 833 3250 τούς
849 3173 1033 3285 άρχοντας,
1041 3195 1123 3241 σιω-

117 3257 185 3367 666
208 3259 244 3324 66
261 3265 415 3364 66666666
435 3257 524 3342 παρά
551 3257 695 3324 πάντων.
728 3255 764 3324 τό
791 3265 981 3326 τελευταῖον
1002 3259 1038 3326 66
1058 3258 1122 3346 666

117 3340 313 3427 ὑπέργηρως
329 3338 377 3408 σόν
392 3342 531 3427 άκλητος
549 3337 629 3418 είς“
607 3367 650 3426 ην
665 3341 757 3427 τύχοι
768 3338 898 3424 παριών
913 3349 1021 3411 οίκίαν
1036 3347 1122 3412 έδεί-
1139 3355 1190 3409 395
