2575 3842
161 178 223 238 200
510 177 819 236 ΛΟΤΚΙΑΝΟΤ

161 342 296 414 ἕκαστος
312 339 551 421 τετυπτημένος
570 337 624 402 καὶ
640 334 748 421 έβόων
766 336 816 401 ἐπὶ
832 332 891 400 τόν
905 332 1105 403 ἀνθύπατον
1121 339 1169 404 ίέ-

162 464 234 522 ναι,
252 433 318 503 ὁδδ
329 438 512 520 Δημῶναξ,
527 437 716 518 Μηδαμῶς,
732 437 813 517 ἔφη,
825 424 852 498 ῶ
863 430 998 519 ἀνδρες,
1014 431 1098 518 πρὸς
1109 431 1171 500 τόν

162 532 371 614 ἀνθύπατον,
382 529 455 599 ἀλλ’
469 533 518 599 ἐπὶ
531 528 590 597 τόν
602 530 725 613 ίατρόν.
742 534 791 599 17.
804 533 874 598 έπεὶ
884 533 923 598 δέ
931 555 1009 598 ποτε
1021 534 1076 598 καὶ
1087 558 1170 616 χρυ-

162 638 246 699 σοῦν
259 629 435 698 δακτύλιον
447 625 514 718 ὁδῶ
527 632 671 714 βαδίζων
685 621 780 714 εὗρε,
795 631 1003 716 γραμμάτιον
1014 633 1051 697 έν
1062 628 1171 719 ἀγορᾷ

162 729 300 814 προθείς
316 726 410 813 ηξίου
425 724 485 794 τόν
500 724 724 809 ἀπολέσαντα,
741 725 829 805 ὅστις
846 737 895 813 είη
909 736 971 796 τοῦ
987 733 1169 796 δακτυλίου

92 839 144 893 383
164 825 340 909 δεσπότης,
356 822 451 908 ἥκειν
467 825 521 891 καὶ
536 824 672 892 εἰπόντα
688 821 792 909 ὁλκὴν
806 823 980 893 αὐτοῦκαὶ
997 833 1097 894 λίθον
1114 827 1170 894 καὶ

161 924 268 992 τύπον
284 921 551 1008 ἀπολαμβάνειν·
582 914 665 1007 ἧκεν
681 915 745 988 ούν
761 949 811 1001 τις
824 930 1035 1008 μειρακίσκος
1050 921 1170 1007 ὡραῖος

162 1020 260 1100 αὐτὸς
276 1018 522 1090 ἀπολωλεκέναι
539 1022 656 1104 λέγων.
685 1021 754 1087 έπεὶ
769 1021 804 1087 δέ
821 1018 921 1088 οὐδέν
936 1021 1027 1106 ὑγιές
1044 1026 1169 1104 ἔλεγεν,

160 1117 295 1202 Ἄπιθι,
312 1123 394 1203 ἔφη,
411 1109 438 1184 ῶ
452 1131 527 1202 παί,
542 1119 598 1184 καί
610 1113 670 1184 τόν
685 1119 805 1184 ἑαυτοῦ
819 1119 1000 1186 δακτύλιον
1012 1117 1169 1202 φύλαττε,

161 1224 281 1284 τοῦτον
291 1211 355 1299 γάρ
364 1212 427 1281 οὐκ
438 1212 658 1292 ἀπολώλεκας.
676 1220 725 1283 18.
737 1221 805 1281 τῶν
815 1214 851 1282 δέ
861 1212 926 1282 ἀπό
937 1223 995 1301 τῆς
1001 1213 1170 1300 Ῥωμαίων

162 1319 284 1399 βουλῆς
296 1337 343 1389 τις
356 1308 537 1396 Ἀθηνησιν
549 1309 626 1378 υίδν
634 1308 725 1400 αὐτῷ
735 1315 840 1390 δείξας
852 1314 944 1378 πάνν
956 1311 1090 1396 ὡραῖον,
1101 1320 1170 1393 θη-

161 1413 302 1494 λυδρίαν
317 1408 353 1476 δὲ
367 1411 422 1475 καί
435 1411 733 1493 διακεκλασμένον,
748 1409 1000 1493 Προσαγορεύει
1014 1428 1067 1492 σε,
1092 1411 1168 1491 ἔφη,

162 1503 272 1590 δέμός
287 1502 360 1582 υἱός
380 1501 510 1587 οὑτοσί,
535 1507 588 1571 καί
614 1501 833 1590 όΛημῶναξ,
856 1506 984 1587 Καλός,
1008 1511 1090 1590 ἔφη,
1113 1504 1170 1570 καὶ
1246 1533 1263 1552 ·

161 1609 223 1668 σοῦ
240 1601 330 1681 ἀξιος
350 1603 405 1668 καὶ
425 1610 465 1689 τῇ
486 1603 583 1686 μητρί
605 1600 727 1686 ὅμοιος.
762 1607 810 1669 19.
828 1600 888 1670 τόν
909 1605 945 1669 δὲ
959 1599 1169 1670 Κυνικδνέν

162 1699 287 1781 ἀρκτου
308 1703 443 1785 δέρματι
466 1705 719 1785 φιλοσοφοῦντα
740 1696 801 1785 οὐχ
819 1699 1026 1784 Ὁνωρᾶτον,
1055 1697 1167 1782 ῶσπερ

163 1793 365 1880 ῶνομόζετο,
391 1793 463 1863 ἀλλ’
485 1793 695 1880 Ἀρκεσίλαον
711 1807 825 1866 καλεῖν
838 1797 941 1884 ἠξίου.
974 1804 1024 1864 20.
1044 1796 1169 1881 ἐρωτή-

162 1915 281 1972 σαντος
299 1897 338 1962 δέ
350 1920 456 1982 τινος,
478 1902 526 1974 τίς
540 1893 630 1986 αύτῷ
648 1894 727 1980 όρος
741 1895 952 1982 εὐδαιμονίας
966 1895 1051 1964 εἶναι
1066 1899 1168 1979 δοκεῖ,

161 1990 284 2086 Μόνογ
299 1992 496 2078 εὐδαίμονα,
513 1998 593 2078 ἔφη,
608 1989 669 2059 τόν
683 1992 880 2078 ἐλεύθερον·
903 1995 1034 2062 ἐκείνου
1051 1995 1087 2059 δὲ
1102 1993 1169 2077 φή-

160 2112 278 2170 σαντος
293 2089 437 2170 πολλοὺς
459 2094 660 2175 ἐλευθέρους
682 2089 781 2176 εἶναι,
799 2088 886 2158 Ἀλλ’
903 2094 1032 2159 ἐκεῖνον
1045 2094 1169 2174 νομίζω
1244 2093 1254 2110 ”

160 2189 220 2258 τόν
234 2191 313 2276 μήτε
329 2190 500 2270 ἐλπίζοντά
521 2216 552 2257 τι
568 2190 650 2274 μήτε
664 2189 813 2256 δεδιότα·
842 2186 860 2255 ὁ
874 2190 926 2274 δέ,
948 2191 1014 2256 Καὶ
1027 2196 1097 2265 πῶς
1112 2185 1167 2270 ἀν,

160 2296 240 2374 ἔφη,
259 2287 358 2354 τοῦτό
373 2315 421 2366 τις
441 2289 597 2368 δύναιτο;
620 2286 763 2365 ἅπαντες
779 2285 844 2373 γάρ
860 2285 904 2365 ῶς
923 2285 960 2354 τό
977 2283 1064 2354 πολὺ
1085 2284 1166 2351 τού-

159 2412 227 2462 τοις
239 2385 485 2470 δεδουλώμεθα.
510 2388 575 2452 Καὶ
585 2387 668 2470 μήν,
685 2390 766 2471 ἔφη,
783 2392 813 2453 εί
822 2385 1036 2470 κατανοήσεις
1047 2380 1085 2449 τὰ
1098 2388 1167 2448 τῶν

91 2498 142 2553 384
160 2481 353 2564 ἀνθρώπων
367 2481 559 2568 πράγματα,
577 2481 689 2566 εὕροις
703 2479 747 2551 ἀν
758 2482 842 2552 αύτά
854 2482 930 2552 οότε
944 2487 1075 2559 έλπίδος
1088 2479 1168 2548 ούτε

160 2581 272 2668 φόβου
287 2579 377 2665 ἀξια,
398 2583 620 2667 παυσομένων
639 2582 772 2659 πόντως
788 2583 843 2648 καί
859 2587 926 2648 τῶν
943 2578 1092 2664 ἀνιαρῶν
1112 2580 1168 2646 καὶ

159 2685 227 2745 τῶν
240 2676 357 2763 ἡδέων.
388 2684 438 2747 21.
455 2686 663 2765 Περεγρίνου
685 2680 721 2746 δὲ
736 2686 797 2746 τοῦ
811 2682 974 2763 Πρωτέως
988 2681 1167 2763 ἐπιτιμῶν-

158 2804 214 2856 τος
228 2775 333 2866 αύτῷ,
350 2776 400 2844 ότι
412 2781 507 2864 έγέλα
518 2776 558 2846 τά
572 2775 679 2846 πολλά
690 2779 745 2844 καί
756 2790 823 2854 τοῖς
836 2774 1031 2861 ἀνθρώποις
1043 2777 1168 2861 προσέ

159 2882 267 2960 παιζε,
283 2878 338 2943 καὶ
352 2877 522 2962 λέγοντος,
544 2881 727 2962 Δημῶναξ,
750 2875 791 2942 ού
805 2885 927 2964 κυνᾷς,
949 2874 1165 2963 ἀπεκρίνατο,

158 2982 357 3060 Περεγρῖνε,
381 2972 442 3042 ούκ
457 2973 686 3060 ἀνθρωπίζεις.
717 2978 768 3039 22.
786 2976 841 3040 καί
861 2972 929 3059 μὴν
942 2975 996 3040 καί
1018 2970 1167 3058 φυσικόν

157 3098 231 3139 τινα
252 3075 326 3158 περὶ
346 3080 414 3141 τῶν
428 3070 619 3140 ἀντιπόδων
640 3074 879 3160 διαλεγόμενον
901 3073 1088 3159 ἀναστήσας
1111 3068 1166 3138 διαὶ

158 3174 209 3238 ἐπὶ
224 3176 331 3258 φρέαρ
344 3170 480 3258 ἀγαγῶυ
490 3175 544 3241 καί
559 3175 666 3251 δείξας
677 3170 767 3262 αὐτῷ
777 3170 840 3258 τὴν
850 3175 887 3238 έν
898 3179 943 3262 τῷ
958 3171 1054 3239 ύδατι
1067 3169 1166 3238 σκιάν

156 3267 276 3352 ἤρετο,
314 3271 495 3348 Τοιούτους
522 3268 690 3353 ἀραιούς
720 3268 898 3347 ἀντίποδας
930 3269 1013 3338 εἶναι
1041 3273 1164 3355 λε’γειςς

157 3371 208 3431 23.
231 3365 389 3435 ἀλλὰκαὶ
415 3368 525 3454 μάγου
548 3366 638 3446 τινός
662 3367 746 3435 είναι
772 3372 927 3456 λέγοντος
953 3370 1008 3436 καὶ
1035 3366 1165 3457 έπφδάς
