2575 3842
193 175 256 238 310
536 171 859 251 [Λονκιεαοη

194 342 253 414 δας
270 338 306 402 ἐν
327 331 431 424 αὑτῷ,
452 339 554 401 ἐνθεν
569 330 750 419 ἀναιρεῖται
767 338 821 404 καὶ
836 341 997 421 προφέρει
1012 346 1107 423 μίαν·
1128 338 1200 427 ἡδὲ

194 431 279 518 εἶχεν
295 435 542 519 ἐμβεβλημένον
557 430 576 497 ὅ
590 458 620 500 τι
631 433 694 516 μὲν
708 430 769 498 ούκ
787 431 875 517 οἶδα,
894 441 950 519 τῆς
965 437 1001 503 δὲ
1018 435 1126 516 ὅψεως
1137 436 1200 504 αύ-

193 538 250 617 τῆς
261 533 359 597 ἕνεκα
374 535 485 598 ἔλαιον
496 525 576 596 αύτδ
592 529 734 596 ἐδόκουν
749 528 842 597 εἶναι,
866 533 902 597 ἐκ
913 532 1037 599 τούτου
1050 542 1199 621 λαβοῦσα

192 636 315 715 χρίεται
332 626 411 712 ὅλη,
434 625 497 694 άπδ
519 634 587 694 τῶν
602 623 733 711 ὀνύχων
748 626 913 713 ἀρξαμένη
929 635 997 696 τῶν
1018 630 1125 716 κάτω,
1146 636 1200 699 καὶ

193 726 291 811 άφνω
301 724 403 811 πτερά
417 726 574 810 ἐκφύεται
586 723 681 812 αὐτῇ,
692 728 746 792 καὶ
756 722 776 812 ἡ
788 727 843 811 ρὶν
854 735 1008 815 κερατίνη
1020 730 1076 796 καὶ
1086 729 1197 816 γρυπὴ

125 833 173 888 581
194 827 334 909 ἐγένετο,
350 824 404 890 καὶ
415 816 518 890 τάλλα
530 821 566 889 δὲ
581 821 642 889 ὅσα
659 819 808 905 ὀρνίθων
819 823 966 909 κτήματα
980 827 1035 892 καὶ
1048 827 1199 912 σύμβολα

192 923 301 990 πάντα
317 919 395 1006 εἶχε·
418 922 472 987 καὶ
486 913 529 1005 ἦν
541 919 620 988 άλλο
637 917 738 986 οὐδὲν
751 916 772 1006 ἦ
787 921 889 1005 κόραξ
903 925 1109 1008 νυκτερινός.
1131 927 1198 991 ἐπεὶ

193 1020 229 1086 δὲ
245 1017 333 1086 εἶδεν
348 1016 469 1102 ἑαυτὴν
490 1019 737 1103 ἐπτερωμένην,
759 1020 912 1103 κρωξασα
927 1018 1042 1087 δεινόν
1056 1024 1110 1088 καὶ
1125 1017 1199 1088 οἷον

192 1121 297 1184 ἐκεῖνο
310 1120 343 1183 οί
355 1115 511 1202 κόρακες,
527 1113 696 1184 ἀναστᾶσα
709 1115 807 1207 ᾤχετο
821 1124 982 1205 πετομένη
994 1119 1049 1186 διά
1064 1128 1121 1205 τῆς
1131 1131 1198 1187 θν-

194 1221 293 1301 ρίδος.
317 1219 366 1282 13.
385 1212 449 1300 έχώ
463 1214 498 1282 δὲ
510 1212 593 1296 ὀναρ
608 1216 715 1281 έκεῖνο
728 1214 878 1300 οίόμευος
895 1214 978 1297 ὁρᾶν
993 1232 1060 1294 τοῖς
1075 1217 1197 1283 δακτύ-

192 1324 261 1391 λοις
278 1321 345 1380 τῶν
362 1316 483 1380 ἑαυτοῦ
502 1312 681 1400 βλεφάρων
697 1311 865 1399 ἡπτόμην,
890 1314 930 1382 ού
948 1317 1115 1383 πιστεύων
1131 1331 1196 1393 τοῖς

193 1415 338 1498 ἐμαυτοῦ
355 1408 541 1495 ὀφθαλμοῖς
559 1406 638 1476 οὔθ’
661 1408 711 1476 ότι
728 1414 909 1497 βλέπουσιν
927 1410 1007 1479 οὔθ’
1028 1411 1079 1480 ότι
1097 1416 1195 1498 ἐχρη-

191 1510 341 1595 χόρασιυ.
371 1505 467 1584 ὡςδὲ
486 1507 580 1590 μόλις
594 1507 648 1572 καὶ
665 1512 812 1592 βραδέως
826 1512 986 1594 ἐπείσθην
1006 1509 1056 1576 ὅτι
1073 1508 1118 1594 μὴ
1136 1537 1195 1576 κα-

192 1609 324 1691 θεύδω,
356 1603 495 1689 ἐδεόμην
517 1601 588 1669 τότε
618 1611 675 1688 τῆς
694 1612 902 1690 Παλαίσεροις
925 1614 1090 1688 πτερώσει
1114 1606 1196 1692 κάμὲ

192 1706 247 1770 καὶ
267 1708 427 1788 χρίσασαν
449 1705 480 1781 ἐξ
498 1704 627 1768 ἐκείνου
644 1709 705 1767 τοῦ
722 1703 901 1788 φαρμάκου
922 1708 1015 1772 ε’ᾶσαι
1038 1710 1198 1774 πέτεσθαί

190 1827 245 1889 με·
273 1800 468 1888 ἠβουλόμην
484 1797 547 1885 γάρ
569 1806 667 1887 πείρᾳ
684 1810 807 1884 μαθεῖν
824 1807 854 1868 εί
868 1805 1144 1888 μεταμορφωθεὶς
1159 1805 1195 1869 ἐκ

189 1906 250 1968 τοῦ
268 1896 453 1984 άνθριάπου
467 1899 522 1965 καὶ
538 1895 599 1984 τὴν
612 1894 723 1982 ψυχὴν
738 1894 829 1980 ὅρνις
845 1905 970 1984 ἐσομαι.
992 1897 1063 1986 ἡδὲ
1080 1899 1115 1967 τὸ
1130 1905 1196 1966 δω-

189 1998 308 2085 μάτιον
324 1994 529 2076 ὑπανοίξασα
545 2003 667 2082 κομίζει
681 1993 742 2080 τὴν
760 2001 887 2075 πυξίδα.
914 1995 978 2082 ε’χώ
992 1999 1027 2066 δὲ
1039 1999 1188 2066 σπεύδωι

188 2095 252 2183 ἤδη
267 2093 437 2172 ἀποδύσας
451 2100 531 2179 χρίω
552 2092 633 2160 ὅλον
650 2093 810 2177 ἐμαυτόν,
831 2096 886 2161 καὶ
903 2092 995 2179 ὅρνις
1008 2096 1070 2180 μὲν
1085 2094 1127 2162 ού
1143 2105 1194 2181 χί-

189 2221 289 2280 νομαι
307 2191 324 2259 ὁ
344 2193 521 2278 δυστυχής,
547 2190 630 2261 άλλά
647 2217 703 2276 μοι
719 2186 804 2271 ούρά
823 2188 966 2257 ὄπισθεν
983 2196 1117 2278 ἐξῆλθε,
1139 2196 1194 2260 καὶ

189 2295 223 2360 οί
235 2292 392 2358 δάκτυλοι
404 2291 524 2368 πάντες
536 2289 660 2380 η’ίχοντο
672 2285 734 2357 ούκ
746 2284 808 2354 οἷδ’
822 2285 914 2354 ὀποι·
933 2286 1055 2374 ὀνυχας
1068 2291 1104 2358 δὲ
1115 2289 1195 2369 τούς

188 2389 315 2466 πάντας
325 2389 485 2471 τέσσαρας
498 2388 602 2474 εἶχον,
620 2391 673 2455 καὶ
688 2387 827 2464 τούτους
841 2384 941 2454 οὐδὲν
955 2387 1035 2456 άλλο
1046 2384 1068 2474 ἦ
1079 2388 1195 2474 ὁπλάς,

187 2493 244 2554 καί
256 2511 312 2571 μοι
328 2489 364 2552 αί
381 2500 486 2570 χεῖρες
500 2489 553 2552 καὶ
576 2492 608 2553 οί
627 2486 726 2560 πόδες
744 2483 887 2568 κτήνους
906 2484 1006 2563 πόδες
1027 2489 1194 2572 ἐγένοντο,

186 2580 303 2651 καὶτὰ
327 2576 393 2650 ύτα
415 2584 449 2650 δὲ
470 2581 580 2668 μακρά
603 2585 658 2651 καὶ
678 2579 715 2648 τό
738 2582 919 2665 πρόσωπον
940 2586 1032 2668 μέγα.
1066 2587 1134 2652 ἐπεὶ
1157 2588 1195 2651 δὲ

186 2682 298 2773 κύκλφ
316 2682 576 2768 περιεσκόπουν,
592 2679 697 2749 αὑτὸν
713 2682 828 2765 ἑώρων
842 2679 938 2765 ὀνον,
954 2681 1073 2767 φωνην
1084 2685 1120 2750 δὲ
1131 2682 1195 2748 άν-

118 2791 169 2846 582
185 2780 329 2866 θράπον
347 2784 379 2860 ἐς
393 2779 429 2850 τό
445 2784 639 2869 μέμψασθαι
654 2778 716 2866 τὴν
730 2786 943 2860 Παλαίστραν
961 2777 1071 2847 ούκέτι
1094 2779 1194 2866 εἶχον.

183 2878 221 2947 τδ
239 2880 274 2947 δέ
290 2888 396 2965 χεῖλος
416 2883 561 2959 ἐκτείνας
576 2881 666 2947 κάτω
683 2879 738 2946 καὶ
754 2874 843 2965 αύτῷ
865 2875 905 2963 δὴ
926 2885 972 2967 τῷ
993 2879 1131 2964 σχήματι
1149 2877 1194 2958 ὡς

184 2976 262 3056 ὀνος
273 2975 472 3066 ὑποβλέπων
482 2978 632 3067 ᾑτιύμην
643 2975 763 3062 αὐτην,
779 2974 840 3061 ὅση
856 2976 1013 3063 δύναμις,
1029 2977 1107 3056 ὀνος
1118 2976 1195 3045 άντὶ

184 3074 323 3162 ὀρνιθος
334 3077 520 3163 γενόμενος.
546 3081 595 3144 14.
612 3074 681 3161 ἡδὲ
692 3071 891 3159 ἀμφοτέραις
903 3089 972 3152 ταῖς
982 3079 1072 3160 χερσὶ
1083 3091 1194 3156 τυψα-

183 3177 265 3260 μένη
281 3173 317 3241 τό
330 3175 521 3260 πρόσωπον,
541 3175 698 3258 Τάλαιυα,
715 3171 817 3258 εἶπεν,
832 3174 906 3259 ἐμά,
923 3177 1005 3262 μέγα
1016 3186 1193 3261 εἴργασμαι

183 3271 303 3338 κακόν·
327 3273 498 3339 σπεύσασα
513 3269 577 3358 γάρ
593 3270 743 3358 ἥμαρτον
760 3272 796 3336 ἐν
811 3278 849 3357 τῇ
863 3269 1031 3358 ὁμοιότητι
1044 3283 1111 3341 των
1123 3301 1192 3340 πυ-

182 3371 282 3447 ξίδων
302 3371 356 3436 καὶ
377 3369 481 3456 άλλην
506 3377 628 3458 ἐλαβον
650 3368 722 3454 ούχὶ
748 3369 809 3454 την
835 3369 875 3438 τά
898 3372 1001 3457 πτερά
1021 3396 1190 3460 φυουσαν.
