2575 3842
175 203 216 270 74
525 209 831 267 AOYKIANOY

174 376 344 435 τελευταῖα
358 364 448 450 παρά
461 380 529 444 τοῖς
544 364 775 449 Βουκεφάλοις
790 368 928 445 καλιαῖς
944 366 1180 453 Ὀνοσκελέαις,

174 460 214 529 τά
229 464 265 530 δὲ
280 466 332 531 ἐπὶ
346 471 403 548 τῆς
417 470 477 548 γῆς
494 465 531 529 έν
545 476 612 539 τοῖς
629 465 701 546 ἑξῆς
717 469 857 549 βιβλίοις
873 463 1079 549 διηγήσομαι.

573 642 785 653 ffi—

387 800 976 870 ΤΥΡΑΝΝΟΚΤΟΝΟΣ.

254 958 398 1045 Ἀνήλδέ
407 985 455 1035 τις
467 963 512 1035 είς
523 954 585 1043 τήν
595 954 780 1040 άκρόπολιν
792 954 836 1035 ὡς
845 956 1038 1026 ἀποκτενῶν
1050 957 1109 1026 τόν
1119 961 1178 1027 τύ-

173 1083 316 1143 ραννον·
341 1053 444 1123 αὐτόν
456 1057 517 1141 μὲν
529 1052 589 1139 οὐχ
602 1046 695 1138 εὗρε,
707 1052 767 1121 τόν
779 1056 815 1122 δὲ
825 1054 901 1124 υίδν
911 1056 1016 1125 αὐτοῦ
1027 1057 1180 1126 άποκτεί-

173 1182 234 1233 νας
248 1155 401 1222 κατέλιπε
412 1151 449 1221 τδ
466 1155 560 1236 ξίφος
573 1154 611 1217 έν
627 1157 674 1237 τῷ
691 1149 825 1235 σάματι.
850 1150 960 1220 έλδιδυ
978 1150 995 1219 δ
1014 1154 1179 1238 τύραννος

174 1249 313 1321 καὶτὸν
332 1249 410 1319 υίδν
434 1248 517 1319 ίδάν
538 1247 600 1333 ήδη
621 1244 745 1332 νεκρόν
771 1255 816 1336 τῷ
838 1247 926 1337 αύτῷ
949 1254 1035 1335 ξίφει
1059 1252 1180 1320 έαυτδυ

175 1348 378 1417 ἀπέκτεινεν.
401 1344 515 1414 αἰτεῖὸ
534 1341 691 1411 άνελθοδν
709 1346 762 1411 καὶ
777 1344 837 1412 τόν
847 1352 907 1412 τοῦ
922 1348 1091 1432 τυράννου
1103 1348 1179 1417 υίδν

176 1445 305 1513 άνελύν
319 1448 417 1530 γέρας
433 1443 475 1520 ὡς
489 1441 764 1525 τυραννοκτόνος.

261 1550 289 1611 1.
312 1544 387 1611 Δύο
401 1541 590 1626 τυράννους
606 1536 818 1621 ἀποκτείνας,
841 1533 1001 1625 άάνδρες
1018 1546 1179 1629 δικασταί,

176 1648 253 1726 μιᾶς
263 1637 401 1725 ἡμέρας,
414 1634 474 1703 τόν
485 1636 546 1721 μὲν
556 1633 619 1721 ήδη
633 1637 863 1721 παρηβηκότα,
875 1634 934 1705 τόν
946 1638 982 1705 δὲ
993 1636 1179 1725 ἀκμάζοντα

177 1738 231 1805 καὶ
254 1733 337 1822 πρός
357 1732 515 1819 διαδοχήν
534 1740 602 1799 τῶν
622 1730 835 1818 ἀδικημάτων
855 1736 1080 1823 ἑτοιμότερον,
1107 1735 1179 1822 ήκω

177 1840 257 1920 μίαν
279 1830 367 1917 ὅμως
388 1828 438 1898 ἐπ’
458 1831 658 1914 ἀμφοτέροις
679 1829 823 1914 αίτήσων
841 1830 970 1917 δωρεάν
991 1834 1093 1918 μόνος
1112 1840 1173 1900 τῶι

177 1930 309 1999 πάποτε
329 1928 608 2014 τυραννοκτόνων
628 1934 735 2014 πληγή
750 1936 808 2015 μιᾷ
827 1928 889 1995 δύο
911 1928 1079 2016 πονηρούς
1095 1928 1175 1998 διπο-

177 2028 425 2111 σκευασάμενος
439 2028 493 2093 καὶ
505 2025 673 2110 φονεύσας
687 2019 746 2088 τόν
759 2022 821 2107 μὲν
832 2028 932 2091 παῖδα
944 2032 990 2112 τῷ
1001 2030 1105 2112 ξίφει,
1120 2025 1177 2093 τόν

177 2129 300 2210 πατέρα
316 2124 352 2191 δὲ
366 2130 405 2210 τῇ
420 2121 502 2206 πρὸς
517 2120 578 2189 τόν
593 2119 668 2188 υίδν
684 2128 907 2209 φιλοστοργίᾳ.
932 2120 949 2189 ὁ
964 2121 1026 2208 μέν
1043 2118 1106 2190 ούν
1119 2124 1178 2191 τύ-

177 2247 300 2307 ραννος
315 2218 395 2287 ἀνθ’
410 2211 457 2286 ὧν
472 2222 624 2301 ἐποίησεν
639 2213 759 2301 ἱκανήν
774 2213 854 2302 ἡμῖν
869 2220 992 2286 δέδωκε
1008 2226 1179 2306 τιμωρίαν,

178 2326 242 2399 ζῶν
257 2318 318 2403 μέν
338 2314 398 2383 τόν
417 2314 494 2383 υίδν
511 2311 635 2381 έπιδάν
651 2318 929 2400 προανῃρημένον
944 2316 1032 2401 παρά
1050 2316 1111 2404 τήν
1125 2345 1179 2385 τε·

177 2415 308 2498 λευτήν,
325 2422 515 2480 τελευταῖον
530 2413 565 2477 δὲ
576 2408 834 2497 ἠναγκασμένος,
851 2411 888 2479 τό
901 2416 1178 2500 παραδοξότατον,

177 2508 277 2587 αὐτὸς
292 2507 398 2576 αὑτοῦ
413 2509 571 2593 γενέσθαι
585 2508 868 2590 τυραννοκτόνος·
889 2509 907 2578 ὁ
925 2526 1001 2589 παῖς
1016 2515 1051 2581 δὲ
1063 2510 1081 2579 ὁ
1095 2517 1173 2580 ἐκεί-

178 2634 242 2675 νον
258 2610 399 2691 τέθνηκε
416 2606 478 2691 μέν
497 2602 556 2672 ὑπ’
570 2609 653 2690 ἐμοῦ
659 2656 668 2691 ,
690 2604 876 2693 ὑπηρέτησε
892 2612 930 2675 δέ
947 2635 1003 2693 μοι
1020 2612 1073 2676 καλ
1095 2606 1171 2675 άπο-

111 2721 161 2775 m
179 2701 298 2773 θανόν
314 2699 397 2785 πρός
411 2699 514 2769 άλλον
537 2702 662 2787 φόνον,
686 2709 750 2783 ζῶν
765 2706 827 2791 μὲν
844 2710 1035 2773 συναδικῶν
1052 2713 1098 2795 τῷ
1115 2730 1181 2773 πα-

177 2807 239 2888 τρί,
257 2796 337 2887 μετὰ
350 2798 502 2866 θάνατον
511 2802 547 2866 δὲ
559 2802 837 2888 πατροκτονήσας,
854 2800 895 2880 ὡς
908 2803 1055 2871 ἐδύνατο.
1079 2810 1107 2870 2.
1119 2800 1180 2889 τήν

177 2900 239 2985 μέν
258 2890 322 2963 οὖν
338 2901 520 2978 τυραννίδα
542 2894 560 2963 ὁ
580 2897 708 2976 παύσας
731 2902 795 2984 εἰμὶ
815 2898 878 2986 έγω
897 2903 951 2968 καὶ
968 2899 1004 2968 τὸ
1026 2906 1136 2987 ξίφος,
1162 2899 1181 2968 δ

176 2998 285 3064 πάντα
301 3006 483 3081 εἴργασται,
501 2996 598 3082 έμόν,
621 2994 684 3081 τήν
699 2998 734 3064 δὲ
748 2998 842 3076 τάξιν
857 2999 1017 3085 ἐνήλλαξα
1032 3008 1100 3066 τῶν
1115 2998 1180 3084 φό-

176 3122 247 3163 νων
262 3094 316 3161 καὶ
333 3090 393 3159 τόν
407 3094 533 3175 τρόπον
547 3096 787 3180 ἐκαινοτόμησα
801 3103 858 3182 τῆς
872 3102 940 3162 τῶν
954 3106 1112 3183 πονηρῶν
1126 3123 1181 3163 τε-

175 3199 310 3277 λευτῆς,
332 3188 466 3275 τὸνμὲν
479 3192 695 3275 ἰσχυρότερον
709 3194 763 3259 καλ
779 3190 972 3277 άμύνασδαι
990 3196 1181 3280 δυνάμενον

175 3284 277 3364 αὐτός
297 3284 443 3369 άνελάν,
469 3284 529 3352 τόν
550 3288 690 3371 φέροντα
707 3290 744 3355 δὲ
765 3289 857 3377 μόνφ
876 3291 1117 3376 παραχωρήσας
1134 3299 1182 3379 τῷ

175 3385 271 3467 ξίφει.
305 3387 335 3449 3.
357 3380 421 3468 έγύ
438 3385 500 3467 μὲν
516 3377 580 3449 ούν
601 3387 655 3451 καὶ
672 3385 903 3473 περιττότερόν
924 3413 955 3453 τι
976 3389 1028 3454 ε’πδ
1051 3388 1182 3466 τούτοις
