2575 3842
193 183 258 246 304
538 183 865 261 [Λουπικαον]

194 359 284 413 ποιεῖ
296 348 351 413 καλ
370 352 513 430 θαρρῶν
528 347 649 429 πέμπει
669 342 748 428 παρ’
767 347 839 430 ἐμοὶ
860 343 940 424 τούς
961 348 1112 431 ἑταίρους
1125 351 1204 422 τούς

193 446 329 511 ἑαυτοῦ·
351 439 387 509 τὸ
406 445 442 510 δὲ
460 447 600 510 οἰκίδιον
613 437 651 507 τδ
669 438 751 526 ἐμδν
766 439 863 531 ὁρᾷς,
881 435 909 509 ιδ
924 444 1067 526 Λούκιε,
1083 440 1203 521 ὡςέστι

192 539 315 628 μικρὸν
324 545 396 628 μέν,
407 539 490 611 άλλά
504 537 680 625 εὔγνωμον
690 539 751 607 τὸν
760 546 917 608 οἰκοῦντα
927 544 1091 627 ἐνεγκεῖν·
1107 542 1202 626 ποιή-

193 660 261 718 σεις
276 642 312 708 δέ
327 637 407 707 αὐτὸ
425 637 467 706 ού
479 638 628 724 μεγάλην
643 643 753 705 οἰκίαν
767 636 970 718 ἀνεξικάκως
981 638 1126 725 οἰκήσας.
1149 641 1203 706 καὶ

192 746 289 806 καλεῖ
302 734 364 822 τὴν
381 741 576 821 παιδίσκην,
589 728 629 801 Ὦ
645 741 856 823 Παλαίστρα,
871 735 928 815 δὸς
942 744 988 829 τῷ
999 737 1117 826 ἑταίρῳ
1131 763 1203 804 κοι-

191 842 282 904 τῶνα
304 836 358 902 καὶ
379 833 524 912 κατάθες
545 840 697 919 λαβοῦσα
720 843 755 902 εἰ
775 861 807 901 τι
829 842 953 921 κομίζει
972 843 1109 921 σκεῦος,
1137 834 1203 904 εἰτα

192 939 299 1020 πέμπε
314 929 418 999 αύτδυ
433 937 479 1010 εἰς
493 938 688 1017 βαλανεῖον·
711 930 786 1018 ούχί
800 930 865 1019 γάρ
886 940 1023 1020 μετρίαν
1037 934 1203 1019 ἐλήλυθεν

192 1030 284 1100 ὁδόν.
318 1036 347 1098 3.
371 1036 475 1097 ταῦτα
493 1030 643 1108 εἰπόντος
662 1026 701 1097 τὸ
723 1033 958 1116 παιδισκάριον
974 1029 995 1118 ἡ
1011 1037 1203 1112 Παλαίστρα

191 1127 265 1215 άγει
278 1154 318 1215 με
333 1130 388 1195 καί
403 1133 556 1195 δείκνυσί
566 1153 623 1214 μοι
637 1128 815 1196 κάλλιστον
826 1128 1037 1215 οἰκημάτιου·
1059 1136 1132 1213 καί,
1148 1127 1203 1196 Σύ

192 1230 272 1314 μέν,
295 1232 376 1312 ἔφη,
396 1228 448 1293 έπί
465 1227 587 1312 ταύτης
608 1232 666 1312 τῆς
683 1233 797 1313 κλίνης
813 1226 975 1316 κοιμήση,
995 1235 1042 1317 τῷ
1057 1231 1094 1295 δὲ
1109 1231 1203 1294 παιδί

191 1347 255 1393 σου
265 1324 465 1411 σκιμπόδιον
476 1322 581 1392 αὐτοῦ
591 1325 781 1411 παραθήσω
789 1326 844 1393 καί
853 1326 1126 1412 προσκεφάλαιον
1134 1326 1201 1392 ἐπι·

191 1421 298 1509 θήσω.
315 1428 418 1489 ταῦτα
431 1422 587 1508 εἰπούσης
598 1419 692 1507 ἡμεῖς
703 1419 865 1511 ἀπῄειμεν
875 1424 1075 1509 λουσάμενοι
1087 1423 1202 1500 δόντες

193 1517 277 1608 αὐτῇ
293 1522 472 1603 κριθιδίωυ
488 1516 588 1605 τιμήν
604 1525 651 1597 εἰς
664 1517 724 1586 τὸν
738 1523 858 1588 ἵππον·
889 1518 909 1607 ἡ
928 1522 965 1588 δὲ
979 1520 1089 1588 πάντα
1103 1526 1202 1606 ἔφερε

190 1624 342 1705 λαβοῦσα
361 1626 439 1685 εἰσω
454 1619 509 1686 καὶ
523 1621 718 1704 κατέθηκεν.
746 1617 839 1705 ἡμεῖς
853 1620 890 1686 δὲ
899 1619 1104 1704 λουσάμενοι
1117 1617 1202 1686 άνα-
1286 1684 1287 1707 ,

190 1717 390 1799 στρέψαντες
406 1723 484 1783 εἰσεο
502 1713 607 1794 εύδύς
621 1716 857 1802 παρήλθομεν,
872 1717 928 1784 καί
944 1713 1146 1803 δ”1ππαρχάς
1160 1742 1201 1804 με
1286 1754 1287 1763 ¹

192 1810 433 1898 δεξιωσάμενος
451 1816 582 1882 ἐκέλευε
601 1822 908 1883 συνανακλίυεσθαι
929 1813 1001 1900 μετ’
1018 1813 1133 1882 αὐτοῦ.
1161 1812 1199 1881 τὸ

191 1909 228 1977 δὲ
242 1913 380 1978 δεῖπνον
391 1909 433 1979 ού
444 1912 576 1998 σφόδρα
588 1913 699 1981 λιτάν’
723 1910 741 1980 ὃ
757 1915 793 1980 δέ
805 1911 894 1991 οἰνος
903 1908 986 1998 ἡδύς
997 1915 1051 1982 καί
1063 1911 1200 1991 παλαιὸς

188 2000 240 2095 ἡν.
264 2009 334 2076 έπεί
348 2010 384 2076 δὲ
396 2011 703 2095 έδεδειπυήκειμεν,
718 2009 818 2088 πότος
832 2003 875 2096 ἡν
889 2011 945 2077 καί
959 2008 1057 2096 λόγος
1068 2006 1137 2088 οἰος
1148 2012 1198 2077 ε’πί

189 2109 330 2173 δείπνου
344 2109 458 2193 ξένου,
474 2109 530 2175 καί
544 2105 632 2174 οὕτω
647 2103 710 2192 τὴν
721 2109 864 2188 ἑσπέραν
875 2109 1006 2193 ἐκείνην
1016 2108 1107 2197 πότῳ
1118 2107 1197 2174 δόν-

190 2230 244 2283 τες
259 2205 495 2291 ἐκοιμήθημεν.
523 2213 563 2293 τή
581 2204 614 2273 δ’
631 2204 789 2294 ὑστεραίᾳ
803 2204 822 2273 δ
836 2203 1013 2291 Ἵππαρχος
1028 2203 1127 2292 ἡρετό
1146 2231 1200 2292 με,

120 2319 165 2376 5⁷1
189 2310 238 2382 τίς
253 2306 315 2389 μὲν
331 2309 421 2371 ἔσται
436 2301 457 2390 ἡ
473 2312 539 2371 νῦν
559 2331 615 2390 μοι
633 2301 712 2382 ὁδδς
726 2304 781 2370 καὶ
796 2307 827 2370 εἰ
841 2303 962 2381 πάσαις
975 2317 1045 2382 ταῖς
1063 2301 1199 2390 ἡμέραις

189 2398 295 2468 αὐτοῦ
310 2409 496 2486 προσμενῶ.
511 2399 644 2487 ’Ἀπειμι
656 2404 729 2488 μέν,
746 2407 844 2487 ἔφην,
861 2404 894 2481 ἐς
906 2402 1089 2489 Λάρισσαν,
1106 2397 1199 2471 ἔοικα

189 2501 225 2566 δὲ
244 2500 393 2566 ἐνταῦθα
410 2505 594 2582 διατρίψειε)
614 2506 719 2585 τριῶν
737 2495 759 2586 ἡ
780 2501 877 2567 πέντε
892 2497 1035 2586 ἡμερῶν.
1064 2509 1094 2569 4.
1112 2500 1197 2570 άλλά

188 2596 362 2682 τοῦτομὲν
377 2589 422 2683 ἡν
435 2604 572 2683 σκῆψις·
604 2600 801 2685 ἐπεθύμουν
816 2598 853 2666 δὲ
866 2598 997 2684 σφόδρα
1012 2609 1128 2687 μείνας
1141 2603 1200 2668 ἐν·

189 2701 300 2762 ταῦθα
315 2697 460 2780 ἐξευρεῖν
477 2723 553 2765 τινα
574 2704 642 2765 τῶν
659 2698 819 2785 μαγεύειν
834 2699 1062 2785 ἐπισταμένων
1077 2725 1198 2785 γυναι-

188 2800 259 2862 κῶν
275 2795 330 2862 καί
346 2793 541 2863 θεάσασθαί
552 2823 583 2864 τι
600 2797 807 2884 παράδοξον,
823 2793 846 2883 ἡ
860 2798 1045 2885 πετόμενον
1059 2797 1199 2884 ἄνδρα·

188 2887 292 2981 πονή
314 2895 530 2981 λιθούμευον.
559 2898 614 2964 καὶ
634 2904 681 2986 τῷ
698 2901 793 2982 ἔρωτι
813 2903 871 2983 τῆς
885 2900 967 2976 θέας
984 2897 1105 2985 ταύτης
1118 2896 1201 2976 δούς

188 2992 335 3080 ε’μαυτόν
350 2994 501 3083 περιήειν
517 2992 578 3079 τὴν
592 2997 707 3080 πόλιν,
722 2991 860 3078 ἀπορῶν
876 2994 937 3082 μὲν
949 3003 1007 3083 τὴς
1020 2994 1122 3083 ἀρχῆς
1136 3004 1200 3064 τοῦ

188 3093 384 3180 ζητήματος,
407 3091 496 3180 ὅμως
514 3093 549 3162 δὲ
564 3094 730 3182 περιήειν·
761 3091 825 3162 κάν
841 3093 948 3185 τούτῳ
968 3111 1111 3181 γυναῖκα
1128 3093 1199 3180 ὁρῶ

187 3199 394 3278 προσιοῦσαν
406 3197 453 3260 ἔτι
464 3196 555 3278 νέαν,
571 3190 836 3279 εὐπορουμέυην,
853 3190 935 3261 ὅσον
945 3186 989 3280 ἡν
1000 3197 1036 3262 ἐκ
1047 3201 1103 3280 τής
1115 3191 1199 3262 ὁδοῦ

187 3297 386 3376 συμβαλεῖν·
419 3291 532 3377 ἱμάτια
552 3288 617 3376 γάρ
639 3288 766 3359 άνθινά
793 3292 847 3359 καί
868 3295 983 3370 παῖδες
1004 3296 1121 3379 συχνοί
1141 3293 1200 3362 καὶ

186 3395 325 3472 χρυσίον
336 3388 498 3472 περιττόν.
523 3387 568 3468 ὡς
583 3390 618 3458 δέ
634 3396 868 3476 πλησιαίτερον
881 3398 1053 3476 γίγνομαι,
1068 3413 1199 3478 προσα-
