2575 3842
179 162 286 220 ΠΩΣ
305 163 396 219 ΔΕΙ
414 163 653 220 ΙΣΤΟΡΙΑΝ
673 164 1009 222 ΣΤΓΓΡΑΦΕΙΝ.
1053 160 1094 221 29

88 321 264 408 διατριβήν
281 323 470 409 ποιουμένῳ
483 317 520 387 τὸ
537 329 688 406 πρᾶγμα,
705 317 749 397 ὡς
760 335 956 406 κατηγορεῖν
966 326 1094 406 μᾶλλον

17 426 22 501 ζ
85 418 106 507 ἢ
123 425 269 504 ἱστορεῖν
286 419 325 485 τά
341 421 565 504 πεπραγμένα.
588 425 637 486 60.
657 421 713 486 καὶ
729 416 796 503 μήν
810 420 865 484 καὶ
879 425 988 503 μῦθος
1002 427 1036 485 εἰ
1045 443 1093 495 τις

17 519 20 536 ’
85 520 309 604 παρεμπέσοι,
339 518 469 594 λεκτέος
495 519 574 603 μέν,
599 515 640 584 ού
664 515 731 603 μήν
753 521 928 595 πιστωτέος
950 518 1092 602 πάντως,

85 614 161 683 ἀλλ’
184 618 220 682 έν
241 617 329 704 μέσφ
350 617 465 692 θετέος
483 629 551 692 τοῖς
568 613 658 692 ὅπως
679 610 722 680 άν
740 617 902 682 ἐθέλωσιν
924 616 1093 682 εἰκάσουσι

87 715 162 800 περὶ
180 711 302 780 αὐτοῦ·
330 708 373 778 σύ
388 710 418 777 δ’
437 711 615 789 άκίνδυνος
633 715 688 779 καί
703 711 787 795 πρὸς
808 711 985 797 οὐδέτερον
1000 715 1093 794 ἐπιρ-

12 833 13 836 ’
87 814 292 895 ρεπέστερος.
317 815 366 877 61.
384 807 421 876 τὸ
439 807 469 875 δ’
484 807 564 877 ὅλον
582 811 713 876 ἐκείνου
728 835 785 894 μοι
798 812 1000 895 μέμνησο-
1011 819 1094 876 πολ-

12 907 13 940 ³
87 909 182 986 λάκις
192 905 258 992 γάρ
270 914 368 973 τοῦτο
380 909 556 991 ἐρῶ-καί
566 904 610 992 μή
623 904 707 990 πρὸς
716 904 753 974 τὸ
766 905 875 991 παρδν
886 907 994 993 μόνον
1005 904 1094 990 ὁρῶν

86 1006 215 1092 γράφε,
233 1001 277 1082 ὡς
293 1009 326 1071 οἰ
337 1011 403 1070 νύν
417 1007 651 1071 ἐπαινέσονταί
663 1027 699 1070 σε
717 1007 770 1072 καλ
787 1005 993 1091 τιμήσουσιν,
1010 1003 1093 1073 ἀλλὰ

86 1111 150 1169 τοῦ
169 1102 362 1186 σύμπαντος
382 1107 502 1180 αἰῶνος
523 1104 759 1186 ἐστοχασμένος
781 1102 864 1186 πρὸς
885 1102 963 1182 τούς
983 1110 1093 1171 ἔπειτα

87 1206 217 1284 μᾶλλον
233 1200 405 1285 σύγγραφε
427 1201 480 1267 καὶ
501 1197 578 1282 παρ’
595 1203 733 1266 ἐκείνων
750 1198 879 1267 ἀπαίτει
893 1199 953 1268 τὸν
967 1200 1093 1287 μισθὸν
1109 1214 1144 1268 68

87 1304 144 1382 της
159 1303 308 1382 γραφῆς,
331 1293 374 1374 ὡς
388 1299 522 1381 λέγηται
539 1299 592 1362 καί
612 1299 688 1379 περὶ
706 1304 783 1363 σού·
816 1300 965 1382 ,,έιιεῖνος
982 1303 1095 1384 μέντοι

86 1395 268 1478 ἐλεύθερος
288 1391 373 1479 άυήρ
394 1387 438 1479 ήν
456 1396 511 1460 καὶ
531 1400 715 1481 παρρησίας
734 1396 867 1480 μεστός,
893 1394 993 1463 οὐδὲν
1017 1395 1093 1463 ούτε

86 1489 329 1558 κολακευτικὸν
341 1489 418 1558 ούτε
432 1495 667 1576 δουλοπρεπές,
679 1490 751 1560 ἀλλ’
764 1490 906 1578 ἀλήθεια
918 1496 969 1560 ἐπὶ
980 1501 1094 1561 πάσι.“

86 1585 200 1672 τοῦτ’,
224 1593 253 1656 εἰ
270 1597 460 1674 σωφρονοίη
481 1616 546 1674 τις,
573 1588 658 1678 ὑπὲρ
681 1591 788 1667 πάσας
805 1589 862 1669 τοίς
880 1599 944 1659 νῦν
962 1595 1094 1670 ἐλπίδας

86 1695 183 1752 θεῖτο
195 1684 254 1768 ἄν,
271 1685 375 1764 οὕτως
386 1684 634 1772 ὀλιγοχρονίους
646 1686 757 1765 οὔσας.
779 1695 829 1755 62.
849 1685 930 1777 ὁρᾷς
941 1687 1000 1756 τὸν
1011 1695 1095 1756 Κνί-

86 1787 165 1850 διον
188 1785 315 1850 ἐκεῖνον
335 1781 565 1871 ἀρχιτέκτονα,
587 1781 660 1852 οἷον
676 1788 845 1871 ἐποίησενς
874 1786 1093 1872 οἰκοδομήσας

84 1878 153 1967 γάρ
170 1877 231 1947 τδυ
251 1882 303 1946 ἐπὶ
323 1888 362 1968 τή
378 1882 480 1970 Φάρφ
496 1883 644 1967 πύργον,
666 1885 822 1968 μέγιστον
842 1885 897 1950 καὶ
917 1884 1094 1950 κάλλιστον

85 1985 198 2064 ἔργων
213 1975 385 2062 ἁπάντων,
405 1975 447 2056 ὡς
461 1979 662 2064 πυρσεύοιτο
676 1977 732 2044 ἀπ’
750 1977 855 2046 αὐτοῦ
875 1995 942 2057 τοῖς
957 1988 1094 2046 ναυτιλ-

84 2078 242 2161 λομένοις
257 2077 309 2142 ἐπὶ
323 2072 409 2143 πολὺ
425 2083 482 2161 τής
495 2076 662 2160 θαλάττης
673 2077 726 2142 καί
742 2073 785 2160 μή
798 2079 1037 2160 καταφέροιντο
1050 2082 1094 2152 εἰς

83 2173 149 2261 τήν
168 2181 416 2257 Παραιτονίαν,
442 2175 671 2260 παγχάλεπον,
700 2173 744 2253 ὥς
765 2194 886 2260 φασιν,
911 2167 1018 2242 οὖσαν
1039 2177 1094 2242 καί

84 2271 259 2356 ἄφυκτον,
278 2281 311 2339 εἰ
320 2299 369 2349 τις
381 2275 515 2357 ἐμπέσοι
531 2278 577 2351 εἰς
587 2270 626 2339 τά
638 2274 776 2358 ἕρματα·
800 2273 1020 2360 οἰκοδομήσας
1030 2265 1094 2339 οὖν

84 2367 170 2437 αὐτὸ
192 2366 229 2434 τδ
253 2373 352 2453 ἔργον
372 2375 515 2438 ἔνδοθεν
532 2371 594 2456 μὲν
614 2369 697 2438 κατὰ
715 2379 783 2439 τῶν
802 2379 911 2440 λίθων
930 2370 967 2439 τὸ
988 2369 1093 2438 αὐτοῦ

83 2464 195 2551 ὄνομα
208 2469 368 2552 ἔγραψεν,
385 2470 552 2552 ἐπιχρίσας
562 2470 598 2536 δὲ
609 2469 729 2559 τιτάνφ
740 2471 794 2537 καὶ
805 2470 1007 2551 ἐπικαλύψας
1020 2470 1094 2536 ἐπέ-

83 2581 196 2654 γραψε
210 2564 358 2652 τούνομα
373 2576 433 2636 τοῦ
447 2568 521 2635 τότε
537 2570 789 2656 βασιλεύοντος,
812 2571 923 2654 εἰδιύς,
941 2569 1022 2659 ὅπερ
1037 2572 1092 2637 καί
1107 2584 1142 2640 69

86 2665 236 2749 ἐγένετο,
259 2665 350 2731 πάνυ
371 2663 486 2750 ὀλίγον
507 2665 631 2752 χρόνον
653 2666 945 2752 συνεκπεσούμενα
965 2668 1027 2754 μὲν
1048 2673 1094 2756 τῷ

86 2767 241 2847 χρίσματι
255 2757 295 2826 τά
310 2761 503 2847 γράμματα,
518 2764 792 2848 ἐκφανησόμενον
805 2767 857 2850 δέ,
872 2765 1094 2850 ,Σώστρατος

90 2857 303 2942 Δεξιφάνους
316 2863 454 2937 Κνίδιος
468 2870 560 2937 θεοῖς
581 2867 746 2945 σωτῆρσιν
767 2859 852 2946 ὑπὲρ
870 2871 937 2929 ταῖν
954 2867 1094 2940 πλωϊζο-

87 2959 236 3039 μένωνέι
257 2952 363 3033 οὕτως
379 2953 451 3023 οὐδ’
469 2961 592 3036 ἐκεῖνος
604 2961 636 3036 ἐς
650 2956 710 3025 τδυ
724 2960 798 3027 τότε
813 2958 931 3044 καιρὸν
942 2957 1021 3026 οὐδὲ
1036 2957 1094 3026 τδυ

88 3051 196 3121 αὐτοῦ
211 3059 287 3139 βίον
306 3053 367 3122 τὸν
387 3054 501 3142 ὀλίγον
517 3059 618 3146 ἕάρα,
641 3057 714 3128 ἀλλ’
734 3066 778 3138 εἰς
799 3058 859 3128 τόυ
880 3066 945 3126 νῦν
961 3062 1015 3126 καὶ
1035 3056 1095 3127 τδν

90 3151 155 3236 ἀεί,
178 3151 254 3239 άχρι
275 3149 319 3221 δν
337 3156 456 3245 έστήκη
472 3156 487 3224 ὅ
506 3160 632 3245 πύργος
654 3162 709 3228 καί
727 3162 811 3248 μένη
828 3158 933 3226 αὐτοῦ
949 3156 970 3246 ἡ
986 3163 1092 3245 τέχνη.

88 3256 140 3318 63.
155 3247 217 3336 χρή
234 3258 350 3320 τοίνυν
361 3257 415 3322 καὶ
431 3253 491 3341 τήν
505 3260 653 3342 ἱστορίαν
665 3257 753 3324 οὕτω
766 3257 958 3345 γράφεσθαι
973 3255 1037 3324 σύν
1047 3261 1093 3344 τῷ

88 3346 213 3434 ἀληθεῖ
234 3357 363 3435 μᾶλλον
387 3350 470 3439 πρὸς
492 3351 553 3440 τήν
573 3358 761 3440 μέλλουσαν
785 3357 900 3423 ἐλπίδα
925 3353 1008 3443 ήπερ
1029 3353 1095 3424 σύν
