2575 3842
184 191 245 252 228
524 191 852 266 [Λουκικνου]

185 357 338 437 φρονῶν,
361 348 499 427 οὐδενός
518 346 622 416 αὐτοῦ
637 345 700 434 τὴν
714 349 868 416 διάνοιαν
882 347 1026 437 ἡνιοχεῖν
1044 352 1190 437 δυναμέ·

184 473 248 515 νου
259 455 429 534 λογισμοῦ,
446 445 551 523 πολῦς
562 450 599 513 ἐν
610 461 679 524 ταῖς
689 454 756 514 τῦν
767 445 929 532 άφρόνων
939 461 1057 533 ψυχαῖς
1068 446 1190 534 άθροί-

186 553 286 630 ζεται,
301 546 441 632 μάλιστα
456 545 492 612 δὲ
507 542 596 634 αὐτῷ
611 559 794 629 γυναικεῖοι
811 545 914 612 πόθοι
930 549 1104 630 μέλουσιν·
1128 536 1189 610 οῦ-

184 643 240 720 τός
255 644 343 710 ἐστιν
360 640 378 710 ὁ
395 650 450 729 της
466 645 634 728 ἐφημέρου
651 642 772 727 ταύτης
785 639 913 728 ὕβρεως
931 645 1056 727 ἑταῖρος
1066 639 1189 730 ἀκρίτῳ

185 749 274 830 φορᾷ
290 738 374 825 πρός
390 740 426 807 τό
444 740 654 826 βουλόμενον
670 739 770 824 άγων.
794 743 904 827 ἕτερος
920 739 1072 825 δὲ”Ερως
1090 736 1189 824 Ὠγυ-

183 845 266 926 γίων
278 835 385 924 πατὴρ
397 837 540 923 χρόνων,
556 834 682 922 σεμνόν
694 833 844 921 ὀφθῆναι
855 837 909 902 καὶ
920 835 1091 903 πάντοθεν
1101 839 1187 920 ίερο-

184 937 305 1020 πρεπὲς
320 938 447 1020 θέαμα,
473 935 745 1019 σωφρονούντων
759 939 875 1018 ταμίας
889 939 1011 1000 παθῦν
1024 932 1104 1018 ἤπια
1119 946 1190 1007 ταῖς

185 1034 326 1102 ἑκάστου
345 1036 506 1110 διανοίαις
520 1034 653 1117 ἐμπνεῑ,
676 1034 730 1098 καὶ
747 1030 901 1116 λαχόντες
918 1034 996 1104 ἵλεω
1016 1034 1113 1097 τοῦδε
1128 1039 1187 1096 τοῦ

185 1137 342 1215 δαίμονος
357 1127 485 1215 ἡδονὴν
502 1126 601 1216 ἀρετῇ
617 1130 821 1214 μεμιγμένην
836 1126 1066 1214 ἀσπαζόμεθα·
1091 1125 1187 1192 δισσά

183 1226 248 1314 γάρ
268 1224 372 1306 όντως
393 1225 476 1294 κατὰ
493 1224 554 1293 τόν
574 1224 732 1311 τραγικόν
754 1227 926 1312 πνεύματα
949 1240 1026 1292 πνελ
1043 1223 1188 1310 ὁἝρως,

184 1321 258 1402 ἑνός
273 1327 309 1391 δὲ
325 1321 487 1409 ὀνόματος
504 1321 564 1408 οὐχ
579 1321 678 1408 όμοια
698 1321 738 1390 τά
756 1324 850 1410 πάθη
864 1323 1103 1408 κεκοινώνηκε·
1133 1323 1189 1388 καὶ

111 1443 164 1497 439
182 1419 247 1507 γάρ
268 1418 377 1498 Αίδώς
400 1418 558 1506 ῦφελείας
579 1415 665 1503 ὁμοῦ
687 1421 742 1487 καλ
764 1422 890 1507 βλάβης
913 1418 1099 1506 ἀμφίβολός
1120 1421 1188 1485 ἐστι

184 1522 329 1603 δαίμων·

224 1612 333 1692 Αίδώς
347 1611 398 1700 ἥτ’
416 1611 541 1699 όίνδρας
555 1617 640 1701 μέγα
654 1621 780 1683 σίνεται
795 1613 847 1700 ηδ’
867 1614 1027 1700 όνίνησιν.

224 1711 265 1778 οῦ
282 1710 349 1798 μὴν
367 1709 439 1780 οὐδ’
453 1710 590 1795 Ἐρίδων
607 1713 703 1796 γένος
719 1718 810 1781 ἔστιν
825 1715 878 1795 ἓν,
894 1710 969 1779 ἀλλ’
984 1713 1035 1779 ἐπὶ
1047 1725 1145 1797 γαίαν

225 1811 286 1876 είσλ
301 1808 388 1894 δυ’ω,
407 1806 468 1894 τὴν
481 1812 542 1895 μέν
560 1835 618 1876 κεν
634 1812 823 1897 ἐπαινήσειε
839 1809 972 1897 νοήσας,

223 1905 243 1995 ἡ
260 1905 290 1974 δ’
310 1908 516 1994 ἐπιμωμητή·
538 1907 592 1977 διὰ
610 1907 640 1976 δ’
656 1908 774 1995 άνδιχα
790 1907 905 1996 θυμόν
921 1915 1063 1994 ἔχουσιν.

181 2003 281 2073 οὐδὲν
298 1999 362 2073 οὖν
376 2006 584 2092 παράδοξον,
601 2013 630 2075 εί
643 2007 754 2085 πάθος
769 2004 869 2094 ἀρετῇ
885 2004 1004 2092 κοινὴν
1018 2025 1181 2090 προσηγο·

181 2112 256 2190 ρίαν
273 2109 359 2188 ἔχειν
381 2109 510 2190 ἔτυχεν,
534 2104 617 2172 όόστε
633 2110 738 2190 ἔρωτα
754 2112 929 2171 καλεῖσθαι
949 2106 1003 2170 καλ
1022 2100 1084 2187 τὴν
1104 2100 1186 2169 ἀκό-

180 2211 302 2270 λαστον
316 2198 442 2287 ἡδονὴν
458 2205 512 2269 καλ
528 2201 590 2288 τὴν
605 2208 851 2288 σωφρονοῦσαν
868 2200 1014 2269 εῦνοιαυ.
1047 2205 1097 2268 38.
1115 2199 1189 2267 Γά·

145 2313 147 2317 ’
180 2326 264 2387 μους
280 2293 360 2384 οῦν,
388 2306 485 2384 φησί,
506 2297 542 2366 τό
561 2300 665 2386 μηδὲν
687 2310 766 2386 οίει,
789 2301 845 2368 καλ
865 2297 902 2368 τό
923 2308 1013 2385 θῆλυ
1034 2305 1095 2365 τοῦ
1109 2304 1188 2385 βίου

181 2396 396 2482 φυγαδεῦεις,
412 2399 468 2463 ἵνα
486 2404 555 2474 πῶς
571 2403 736 2485 μείνωμεν
750 2397 943 2484 ἅνθρωποι;
967 2394 1111 2483 ζηλωτόν
1123 2396 1188 2482 μὲν

179 2489 223 2580 ἦν
238 2492 319 2561 κατὰ
334 2493 394 2561 τόν
405 2496 599 2580 σοφώτατον
612 2494 814 2583 Εὐριπίδην,
830 2504 860 2565 εί
870 2502 943 2582 δίχα
957 2504 1014 2582 της
1029 2493 1112 2581 πρός
1123 2521 1188 2582 γυ-

180 2608 297 2671 ναίκας
316 2595 465 2661 συνόδου
487 2603 667 2679 φοιτῶντες
683 2598 735 2663 ε’πλ
750 2592 822 2678 ίερόι
838 2597 893 2663 καὶ
908 2593 1012 2672 ναοῦς
1032 2592 1188 2680 άργόρου

181 2695 232 2761 καί
246 2699 373 2778 χρυσοῦ
383 2692 482 2760 τέκνα
493 2690 575 2777 ὑπὲρ
588 2701 643 2779 τῆς
656 2699 808 2781 διαδοχῆς
819 2694 1032 2779 ἐωνοόμεθα·
1055 2691 1186 2778 ἀνάγκη

180 2789 244 2877 γάρ
260 2788 370 2876 βαρῦν
384 2789 456 2858 κατ’
479 2789 629 2877 αὐχένων
649 2791 749 2878 ζυγόν
764 2790 846 2878 ,ἡμῖν
867 2794 1019 2859 ἐπιθεῖσα
1039 2805 1107 2868 τοῖς
1127 2815 1187 2856 κε-

180 2894 372 2976 λευομένοις
385 2900 580 2976 πειθαρχεῖν
590 2892 743 2977 βιάζεται.
766 2888 802 2956 τό
818 2889 880 2976 μὲν
892 2883 956 2956 οῦν
965 2888 1070 2958 καλὸν
1080 2889 1188 2974 αίρω’·

179 3001 267 3073 μεθα
281 3005 349 3068 τοῖς
371 2999 555 3076 λογισμοῖς,
579 2993 691 3056 είκέτω
709 2990 744 3055 δὲ
764 2995 803 3074 τῇ
819 2985 949 3076 ἀνάγκη
963 2986 1000 3054 τό
1018 2993 1184 3074 χρειῶδες.

109 3103 161 3156 440
180 3085 254 3172 άχρι
269 3089 395 3155 τέκνων
415 3101 570 3172 γυναῖκες
584 3084 726 3172 άριθμός
745 3088 909 3172 ἔστωσαν,
934 3090 970 3154 ἐν
985 3088 1021 3155 δὲ
1037 3102 1104 3166 τοῖς
1124 3086 1187 3154 άλ·

178 3193 246 3261 λοις
261 3182 382 3271 άπαγε,
403 3185 448 3271 μή
463 3211 518 3271 μοι
532 3188 671 3270 γένοιτο.
699 3191 748 3263 τίς
760 3181 824 3270 γάρ
840 3180 884 3252 άν
899 3179 939 3252 εῦ
952 3193 1091 3271 φρονῶν
1105 3184 1187 3254 άνέ-

177 3289 294 3364 χεσθαι
309 3282 445 3349 δόναιτο
459 3283 489 3362 ἐξ
502 3285 648 3350 ἑωθινοῦ
659 3281 819 3370 γυναικός
832 3281 1038 3372 ῦραλσμένης
1048 3285 1187 3370 ἑπικτή·

178 3402 245 3454 τοις
265 3385 482 3465 σοφίσμασιν,
505 3373 544 3467 ἧς
566 3377 663 3466 ὁμὲν
682 3379 817 3469 άληθῶς
832 3381 998 3469 χαρακτὴρ
1020 3383 1184 3468 ἄμορφος,

711 3721 793 3788 *N
