2575 3842
481 187 712 244 ΕΙΚΟΝΕΣ.
1033 185 1096 248 249

90 349 136 420 είς
149 369 210 428 την
227 343 377 429 γραφήν,
394 339 414 427 ἡ
429 340 561 426 Σαπφεδ
577 342 612 409 δὲ
627 340 664 410 τό
676 342 853 428 γλαφυρόν
867 353 923 430 τῆς
937 352 1095 433 προαιρέ-
1112 362 1165 418 478

90 462 187 519 σεως·
216 450 256 528 τη
271 447 413 529 Διοτίμᾳ
435 440 470 506 δὲ
488 438 548 524 οὐχ
565 437 783 527 άΣωκράτης
798 441 959 530 ἐπῄνεσεν
978 441 1094 529 αύτηυ,

90 546 216 608 ἐοικυῖα
233 546 322 608 ἔσται
336 540 458 625 μόνου,
482 537 564 608 άλλά
580 542 634 608 καὶ
648 539 710 626 την
721 539 827 626 άλλην
841 543 978 610 σύνεσίν
992 547 1094 611 τεκαὶ

90 642 307 723 συμβουλίαν.
331 636 466 722 τοιαύτη
482 656 534 704 σοι
550 640 606 706 καὶ
622 636 724 723 αὕτη,
742 645 884 723 Λυκῖνε,
903 635 1093 707 ἀνακείσθω

1 753 25 778 ³
89 733 233 819 ἡείκύυ.

175 834 223 897 19.
242 836 341 897 AYK.
363 828 418 916 Νη
431 829 500 914 Δί’,
519 825 778 916 ιόΠολύσιρατε,
795 833 984 918 θαυμάσιος
994 828 1089 902 ούσα.

90 925 132 992 σύ
148 929 183 993 δὲ
198 924 298 1004 άλλας
313 927 457 1013 γράφου.

173 1030 274 1090 ΠΟΛ.
300 1021 365 1102 Τάς
385 1033 441 1110 τῆς
454 1027 689 1110 χρηστότητος,
715 1018 879 1112 άὲταῖρε,
899 1030 1093 1111 καῖ’φιλαυ-

89 1127 257 1205 θρωπίας,
278 1117 301 1206 ἢ
323 1120 359 1186 τό
380 1117 508 1205 ἥμερον
530 1123 687 1205 ἐμφανιεῖ
704 1128 765 1187 τοῦ
786 1123 915 1206 τρόπου
934 1123 1093 1207 καὶπρὸς

89 1216 166 1295 τοὺς
184 1221 361 1302 δεομένους
378 1218 550 1303 προσηνές.
575 1217 723 1284 είκάσθω
737 1211 801 1284 ούν
818 1215 902 1305 αὕτη
921 1227 1046 1288 Θεανοῖ
1058 1247 1094 1288 τε

91 1317 199 1402 ἐκείνη
212 1321 251 1402 τῇ
263 1312 459 1400 Ἀντήνορος
470 1317 525 1382 καὶ
537 1312 655 1402 Ἀρήτη
669 1318 723 1383 καὶ
734 1321 774 1402 ιη’
787 1318 932 1401 θυγατρὶ
943 1315 1045 1404 αὐτῆς
1053 1324 1094 1406 τῇ

90 1411 284 1498 Ναυσικάᾳ,
306 1412 360 1478 καὶ
376 1420 409 1479 εί
418 1437 466 1488 τις
482 1409 565 1495 άλλη
584 1412 620 1476 ἐν
635 1414 771 1495 μεγέθει
790 1412 994 1498 πραγμάτων
1009 1416 1093 1480 ἐσω-

90 1508 238 1592 φρόνησε
254 1506 335 1592 πρὸς
350 1504 411 1592 τὴν
424 1507 536 1591 τύχην.
561 1511 610 1572 20.
628 1507 700 1591 ἑξῆς
715 1507 750 1574 δὲ
767 1506 847 1593 μετά
862 1506 1021 1595 ταύτηνὴ
1036 1515 1093 1594 τῆς

90 1604 310 1689 σωφροσύνης
324 1601 426 1688 αὐτῆς
438 1602 622 1687 γεγράφθω
637 1606 692 1670 καί
706 1611 763 1688 τῆς
775 1603 858 1691 πρὸς
872 1603 933 1674 τόν
945 1605 1092 1673 συνόντα

90 1700 231 1785 εὐνοίας,
244 1699 287 1780 ὡς
298 1697 381 1770 κατά
393 1697 454 1784 τὴν
463 1704 524 1766 τοῦ
537 1697 677 1783 Ἰκαρίου
688 1701 829 1785 μάλιστα
843 1701 926 1770 εἶναι
938 1702 999 1789 τὴν
1011 1701 1091 1769 σαό-

91 1827 200 1886 φρονα
221 1803 275 1868 καὶ
295 1797 356 1885 τὴν
372 1805 558 1883 περίφρονα
576 1794 641 1864 ὑπὸ
664 1807 726 1866 τοῦ
742 1797 886 1885 Ὁμήρου
906 1801 1093 1885 γεγραμμέ-

90 1924 153 1984 υηυ
172 1938 209 1948 -
225 1896 383 1981 τοιαύτην
397 1891 462 1980 γάρ
477 1892 538 1979 τὴν
554 1901 610 1978 τῆς
624 1896 822 1980 Πηνελόπης
841 1896 955 1964 είκόνα
971 1899 1094 1973 ἐκεῖνος

91 2003 234 2080 ἔγραψεν
251 2035 288 2046 -
303 1989 327 2080 ἢ
341 1994 396 2060 καί
411 1990 452 2077 νὴ
465 1998 532 2058 Δία
547 1990 629 2058 κατά
645 1991 706 2077 τὴν
724 1990 907 2077 ὁμώνυμον
921 1989 1022 2077 αὐτῆς
1032 1989 1094 2075 τὴν

89 2099 148 2158 τοῦ
161 2090 358 2180 Ἀβραδάτα,
375 2083 414 2176 ἧς
429 2087 550 2176 μικρὸν
565 2094 755 2173 ἔμπροσθεν
770 2089 1073 2174 ἐμνημονεύσαμεν.

172 2196 270 2257 AYK.
286 2187 469 2273 Παγκάληυ
480 2189 534 2254 καὶ
545 2187 681 2272 ταύτην,
698 2179 958 2270 εόΠολύστρατε,
975 2182 1090 2268 άπειρ-
1109 2203 1161 2260 479

88 2288 196 2374 γάσω,
213 2289 267 2355 καί
281 2283 400 2372 σχεδὸν
410 2285 473 2372 ἤδη
486 2290 577 2362 τέλος
588 2304 641 2351 σοι
658 2290 791 2371 ἔχουσιν
802 2288 837 2352 αί
848 2282 987 2360 είαόνες·
1005 2279 1093 2348 άπα-

88 2404 151 2453 σαν
167 2382 232 2470 γάρ
250 2385 457 2469 ἐπελήλυθας
474 2380 535 2467 τὴν
550 2375 661 2465 ψυχὴν
677 2377 759 2448 κατά
774 2384 857 2465 μέρη
872 2382 1026 2446 ἐπαινῶν.

172 2488 222 2549 21.
248 2489 350 2548 ΠΟΛ.
381 2479 451 2564 Ούχ
473 2477 622 2546 ἅπασαν·
652 2483 698 2545 ἔτι
720 2476 784 2564 γάρ
806 2476 845 2545 τά
868 2481 1009 2564 μέγιστα,
1025 2484 1092 2544 τῶν

88 2583 233 2646 ἐπαίνων
245 2583 474 2658 περιλείπεται.
497 2579 583 2662 λε’γω
598 2577 634 2643 δὲ
643 2573 680 2642 τό
694 2579 729 2643 ἐν
740 2576 923 2666 τηλικούτῳ
935 2574 1023 2665 όγκφ
1034 2601 1092 2660 γε-

89 2679 234 2760 νομένην
250 2671 355 2757 αύτην
369 2673 450 2757 μήτε
470 2679 580 2756 τῦφον
601 2674 653 2739 ἐπὶ
675 2671 833 2761 εὐπραξίᾳ
852 2675 1091 2759 περιβαλέσθαι

89 2771 170 2856 μήτε
184 2767 268 2850 ὑπὲρ
283 2765 319 2835 τὸ
336 2767 556 2853 άνθράπινον
572 2772 694 2854 με’τρον
708 2771 897 2855 ἐπαρθῆναι
911 2768 1091 2836 πιστεύσα-

88 2887 154 2933 σαν
168 2873 207 2951 τη
221 2865 312 2952 τύχη,
335 2865 515 2949 φυλάττειν
531 2864 566 2932 δὲ
581 2866 633 2933 ἐπὶ
648 2873 708 2932 τοῦ
724 2869 881 2933 ίσοπέδου
896 2861 1017 2949 ἑαυτὴν
1027 2888 1091 2947 μη-

79 2962 147 3030 δὲν
164 2959 385 3044 ἀπειρόκαλον
405 2957 427 3046 ἢ
444 2959 606 3047 φορτικόν
621 2968 819 3047 φρονοῦσαν
833 2964 886 3029 καὶ
902 2973 969 3037 τοῖς
986 2977 1090 3044 προσ-

88 3067 178 3129 ιοῦσι
192 3064 375 3146 δημοτικάς
389 3083 424 3124 τε
441 3060 497 3124 καί
508 3060 544 3124 ἐκ
560 3065 620 3125 τοῦ
634 3057 753 3144 ὁμοίου
770 3059 1020 3142 προσφέρεσθαι
1036 3063 1091 3123 καλ

88 3158 254 3238 δεξιόσεις
277 3157 330 3224 καὶ
357 3154 610 3241 φιλοφροσύνας
634 3163 914 3240 φιλοφρονεῖσθαι
941 3151 1090 3245 τοσούτφ

86 3254 201 3340 ἡδίους
215 3268 282 3332 τοῖς
296 3259 577 3339 προσομιλοῦσιν,
592 3251 661 3342 όσφ
676 3254 732 3319 καὶ
742 3248 831 3337 παρά
842 3256 989 3336 μείζονος
1001 3245 1090 3335 ὅμως

86 3354 261 3441 γινόμεναι
281 3349 380 3420 οὐδὲν
401 3348 561 3437 τραγικόν
582 3354 817 3438 ἐμφαίνουσιν·
846 3344 890 3426 ὥς
910 3347 1028 3416 ὁπόσοι
1043 3357 1089 3441 τῷ
