2575 3842
414 196 533 253 ΠΕΡΙ
554 196 828 255 ΟΡΧΗΣΕΩΣ.
1064 193 1126 256 169

114 356 171 420 καί
188 359 218 421 εί
237 351 386 438 ἁπαλόν,
414 351 495 422 καθ’
513 351 707 441 ὑπερβολήν
728 358 988 440 θηλυνομένων,
1014 358 1067 424 καὶ
1084 382 1124 423 τα

115 453 272 538 ανδρώδη
296 451 371 538 ἀχρι
391 461 453 519 τοῦ
474 450 592 538 ἀγρίου
614 455 668 520 καὶ
686 451 879 536 θηριώδους
896 454 1122 539 προαγόντων.

115 555 168 616 83.
186 545 258 616 οἷον
273 550 336 634 ἐγώ
352 575 431 618 ποτε
442 551 609 637 μέμνημαι
622 547 706 618 ἰδών
720 555 880 616 ποιοῦντα
892 546 1056 636 ὀρχηστήν
1068 548 1125 617 εύ-

117 651 321 731 δοκιμοῦντα
336 647 518 733 πρότερον,
532 646 751 733 συνετὸνμὲν
766 644 806 713 τά
822 647 905 714 ἀλλα
920 647 975 714 καί
989 648 1126 732 θαυμαί-

117 749 233 823 ζεσθαι
257 741 300 822 ώς
323 742 458 830 ἀληθῶς
482 744 592 831 ἀξιον,
619 743 683 812 ούκ
704 742 777 812 οἶδα
804 744 840 812 δέ
865 736 954 831 Ιη’τινι
974 745 1056 831 τύχη
1081 749 1126 820 είς

116 839 288 926 ἀσχήμονα
303 840 482 927 ὑπόκρισιν
494 840 538 910 δι’
556 841 747 929 ὑπερβολήν
762 840 929 927 μιμήσεως
939 843 1125 920 ἐξοκείλαν-

117 964 175 1004 τα·
206 936 409 1024 ὀρχούμενος
427 937 491 1027 γάρ
505 939 565 1008 τόν
579 950 708 1009 Αίαντα
728 937 809 1026 μετὰ
824 938 886 1025 τήν
900 931 1004 1024 ήτταν
1020 937 1125 1016 εύθὺς

117 1034 323 1120 μαινόμενον
339 1042 385 1115 είς
405 1046 567 1107 τοσοῦτον
581 1037 837 1123 ὑπερεξέπεσεν,
860 1036 944 1103 ώστε
959 1035 1021 1123 ούχ
1039 1035 1123 1104 ὑπο-

115 1139 297 1213 κρίνασθαι
308 1141 446 1218 μανίαν,
463 1133 546 1202 ἀλλά
559 1142 739 1222 μαίνεσθαι
750 1131 850 1211 αὐτὸς
862 1134 996 1212 εἰκότως
1006 1132 1050 1201 ἀν
1060 1160 1126 1201 τινι

117 1230 247 1307 ἔδοξεν·
270 1228 344 1308 ἑνός
354 1229 419 1316 γάρ
431 1238 499 1298 τών
509 1238 554 1320 τῷ
569 1234 695 1319 σιδηρῷ
705 1228 893 1316 ὑποδήματι
906 1231 1126 1298 κτυπούντων

115 1321 180 1408 τήν
195 1325 318 1410 ἐσθῆτα
333 1330 549 1414 κατέρρηξεν,
574 1324 649 1404 ἐνὸς
669 1326 705 1393 δέ
720 1332 788 1392 τών
805 1323 1050 1394 ὑπαυλούντων
1065 1325 1125 1394 τόν

117 1417 224 1488 αύλδν
240 1419 391 1506 ἁρπάσας
406 1431 466 1493 τοῦ
486 1421 668 1502 Ὀδυσσέως
690 1430 832 1509 πλησίον
847 1425 984 1502 ἑστῶτος
1005 1427 1059 1492 καί
1075 1425 1127 1492 ἐπὶ

119 1526 157 1604 τῇ
168 1523 244 1604 νίκη
252 1521 335 1605 μέγα
346 1528 556 1606 φρονοῦντος
565 1525 664 1589 διεῖλε
673 1518 734 1607 τήν
745 1519 895 1606 κεφαλήν
905 1522 1125 1607 κατενεγκών,

118 1616 172 1680 καλ
189 1623 222 1682 εί
230 1641 268 1698 γε
279 1613 353 1701 μήὸ
369 1624 463 1695 τέλος
473 1613 607 1701 ἀντέσχε
622 1617 677 1684 καὶ
688 1613 725 1682 τό
740 1617 893 1704 πολὺτῆς
904 1626 1031 1705 πληγῆς
1043 1616 1126 1685 ἀπε·
1143 1636 1195 1690 314

118 1712 249 1796 δέξατο,
268 1711 442 1783 ἀπωλώλει
465 1710 508 1781 ἀν
524 1713 541 1780 ὁ
558 1717 771 1798 κακοδαίμων
790 1710 967 1794 Ὀδυσσεύς
983 1713 1125 1804 ὀρχηστῇ

118 1815 339 1890 παραπαίοντι
349 1811 548 1894 περιπεσών.
572 1806 656 1878 ἀλλὰ
667 1808 705 1876 τό
715 1835 753 1894 γε
766 1813 912 1895 θέατρον
923 1810 1126 1880 ἀπανσυνε-

119 1907 257 1992 μεμήνει
272 1915 317 1997 τῷ
332 1918 452 1977 Αίαντι
467 1911 522 1977 καλ
539 1908 672 1993 ἐπήδων
685 1909 740 1974 καλ
755 1908 862 1994 ἐβόων
876 1911 930 1976 καὶ
947 1908 1005 1987 τὰς
1023 1912 1127 1994 ἐσθή-

117 2029 176 2080 τας
198 2001 439 2093 ἀνερρίπτουν,
468 2011 501 2073 οί
520 2006 581 2090 μὲν
601 2003 826 2088 συρφετώδεις
846 2007 900 2071 καλ
921 2001 1002 2070 αύτὸ
1027 2012 1125 2071 τοῦτο

118 2105 246 2169 ίδιώται
269 2109 329 2169 τού
350 2105 411 2189 μὲν
433 2102 637 2189 εύσχήμονος
659 2097 721 2168 ούκ
739 2102 970 2186 ἐστοχασμένοι
988 2098 1066 2167 ούδέ
1087 2099 1125 2166 τό

116 2213 229 2285 χεῖρον
241 2195 263 2284 ή
277 2195 315 2267 τό
331 2215 482 2282 κρείττον
492 2198 651 2284 ὁρώντες,
667 2196 775 2284 ἀκρον
790 2197 826 2266 δέ
836 2205 975 2284 μίμησιν
988 2205 1049 2265 τοῦ
1060 2199 1126 2265 τιά-

116 2307 204 2375 θους
214 2295 400 2367 τὰτοιαῦτα
410 2298 557 2385 οἰόμενοι
570 2296 671 2365 εἶναι·
690 2303 724 2365 οί
731 2294 935 2382 ἀστειότεροι
945 2298 1126 2364 δέσυνιέν-

116 2421 170 2472 τες
189 2395 250 2480 μὲν
267 2397 321 2463 καὶ
338 2397 532 2482 αἰδούμενοι
551 2399 603 2464 ἐπὶ
618 2410 687 2474 τοίς
705 2396 930 2481 γιγνομένοις,
955 2391 1017 2462 οὑκ
1034 2396 1127 2481 ἐλέγ-

117 2517 231 2578 χοντες
245 2493 282 2559 δὲ
298 2501 408 2583 σιωπή
421 2492 458 2562 τό
476 2502 627 2581 πρᾶγμα,
650 2507 718 2571 τοῖς
738 2494 774 2561 δέ
796 2495 942 2570 ἐπαίνοις
961 2493 1016 2560 καλ
1033 2490 1127 2560 αὐτοὶ

117 2589 179 2677 τήν
194 2588 313 2658 ἀνοιαν
333 2600 390 2679 τής
411 2591 576 2680 ὀρχήσεως
593 2593 886 2677 ἐπικαλύπτοντες,
912 2594 967 2661 καὶ
983 2591 1127 2681 ἀκριβῶς

120 2688 263 2771 ὁρωντες
273 2689 325 2758 ὅτι
336 2688 399 2758 ούκ
407 2699 562 2776 Αίαντος,
572 2687 823 2778 ἀλλ’όρχηστοῦ
833 2697 952 2776 μανίας
961 2690 1001 2757 τὰ
1010 2692 1127 2776 γιγνό-

119 2811 202 2870 μενα
224 2781 277 2873 ἦν.
311 2786 353 2856 ού
382 2788 447 2875 γάρ
470 2787 644 2874 ἀρκεσθεὶς
669 2790 800 2866 τούτοις
827 2786 844 2856 ὁ
866 2802 1019 2874 γενναῖος
1045 2787 1125 2855 ἀλλο

119 2895 235 2976 μακρῷ
254 2887 375 2956 τούτου
393 2889 603 2975 γελοιότερον
618 2892 752 2969 ἔπραξε·
780 2882 925 2973 καταδύς
942 2883 1006 2971 γάρ
1022 2891 1068 2964 είς
1087 2883 1124 2952 τό

118 2988 221 3070 μέσον
237 2988 273 3052 ἐν
288 2993 327 3074 τῇ
342 2993 448 3074 βουλή
464 2985 525 3052 δύο
544 2984 716 3053 ὑπατικῶν
730 2986 828 3068 μέσος
845 2986 1016 3063 ἐκαθέζετο
1034 2983 1126 3050 πάνυ

118 3081 279 3150 δεδιότων
294 3081 337 3168 μή
351 3085 405 3151 καλ
416 3080 527 3150 αύτών
541 3109 616 3151 τινα
628 3082 740 3167 ώσπερ
755 3081 852 3166 κριόν
862 3082 1055 3168 μαστιγώση
1066 3090 1126 3148 λα-

117 3182 206 3268 βών·
230 3182 284 3248 καλ
297 3179 334 3248 τό
351 3190 487 3268 πρᾶγμα
503 3187 536 3249 οί
544 3181 605 3266 μέν
619 3179 827 3265 ἐθαύμαζον,
842 3184 875 3247 oc
888 3181 924 3247 δέ
939 3182 1078 3266 ἐγέλων,
1094 3187 1128 3250 οί

117 3281 153 3349 δὲ
168 3277 369 3347 ὑπώπτευον
383 3277 427 3364 μή
444 3277 509 3364 ἀρα
527 3280 562 3345 ἐκ
576 3288 632 3365 τής
648 3277 735 3365 ἀγαν
748 3279 915 3366 μιμήσεως
930 3284 976 3359 εἰς
989 3277 1051 3366 τήν
1065 3285 1126 3347 τού

116 3379 250 3456 πόθους
265 3373 429 3464 ἀλήθειαν
444 3374 627 3465 ὑπηνέχθη,
652 3382 703 3446 84.
719 3379 772 3446 καλ
790 3373 895 3447 αὐτόν
911 3380 1040 3465 μέντοι,
1056 3404 1125 3466 φα·-
1141 3393 1193 3446 31⁵
