2575 3842
386 195 514 252 ΖΕΥΣ
536 196 621 252 ΤΡΑ
633 195 824 256 mam.
1046 192 1108 256 ³61

100 363 185 437 ἴστε,
212 353 266 420 καὶ
289 355 325 419 έν
341 359 439 440 βυθῷ
458 352 673 438 πολιτεύομαι
690 353 764 420 κατ’
785 355 948 439 ἐμαυτόν,
974 356 1006 432 ἐς
1027 351 1109 420 ὅσον

100 453 170 536 ἐμοὶ
186 448 332 518 δυνατὸν
348 451 463 531 σώζων
484 447 562 527 τούς
577 454 738 528 πλέοντας
752 455 807 519 καὶ
823 455 1054 537 παραπέμπων
1067 448 1107 518 τά

99 556 197 616 πλοῖα
211 546 359 626 καὶτοὺς
376 549 520 634 ἀνέμους
533 551 811 634 καταμαλάττων·
834 547 924 635 ὅμως
942 545 973 614 δ’
992 541 1055 614 οὖν
1066 587 1109 598 -

99 651 190 732 μέλει
206 646 270 731 γάρ
285 672 341 731 μοι
361 648 416 714 καὶ
430 653 499 714 τών
516 648 665 714 ἐνταῦθα
680 686 722 697 -—
737 649 820 733 φημὶ
836 651 908 714 δεῖν
922 643 982 712 τὸν
995 652 1109 730 Δᾶμιν

99 750 220 811 τοῦτον
240 741 392 811 ἐκποδών
410 745 630 829 ποιήσασθαι,
656 748 735 826 πρὶν
756 747 808 812 ἐπὶ
827 742 889 829 την
911 747 982 828 ἔριν
1002 739 1108 826 ἥκειν,

98 839 171 924 ἦτοι
184 848 337 931 κεραυνῷ
352 840 374 927 ἥ
388 868 454 907 τινι
469 840 552 929 ἀλλη
566 848 707 929 μηχανῇ,
722 838 766 927 μη
778 843 831 908 καὶ
844 839 990 926 ὑπέρσχῃ
1001 841 1109 924 λέγων

101 980 140 989 -—
157 934 222 1023 φης
236 937 318 1023 γάρ,
337 930 460 1023 ώΖεῦ,
479 937 630 1006 πιθανόν
646 964 720 1004 τινα
738 937 821 1005 εἶναι
839 935 945 1004 αύτύν
958 961 1016 988 -·
1040 934 1108 1021 ἀμα

100 1033 164 1120 γάρ
180 1037 233 1102 καὶ
246 1039 395 1120 δείξομεν
407 1032 519 1112 αὐτοῖς
532 1032 576 1113 ώς
591 1037 818 1122 μετερχόμεθα
829 1033 908 1113 τούς
918 1033 958 1101 τά
973 1042 1109 1102 τοιαῦτα

103 1129 180 1197 καθ’
199 1128 295 1217 ἡμών
311 1131 500 1211 διεξιόντας.
863 1154 868 1161 “

184 1231 234 1294 25.
258 1234 383 1295 zm.
404 1232 551 1312 Πιιςεις,
577 1221 849 1315 σπόσειιοι,ἢ
872 1232 985 1297 τέλεον
1000 1229 1109 1295 ιπιιε-

101 1334 197 1410 λησαι
215 1322 259 1403 ώς
277 1323 376 1394 οὐδὲν
392 1322 447 1410 ἐφ’
462 1322 543 1410 ἡμῖν
558 1332 625 1392 τών
642 1326 820 1411 τοιούτων,
836 1323 910 1394 ἀλλ’
928 1331 965 1393 αῖ
977 1333 1107 1409 Μοῖραι
1126 1355 1178 1411 67η

101 1423 226 1513 ἑκάστω
238 1424 476 1509 ἐπικλώθουσι,
492 1420 552 1490 τὸν
563 1424 624 1509 μέν
634 1426 799 1513 κεραυνῷ,
816 1422 877 1492 τδν
889 1425 925 1492 δέ
936 1428 1034 1510 ξίφει,
1049 1421 1110 1492 τὸν

101 1522 136 1588 δὲ
149 1518 311 1609 πυρετῷῆ
323 1520 417 1608 φθόῃ
429 1519 633 1602 ἀποθανεῖυ;
652 1527 724 1591 ε’πεί
731 1530 785 1589 τοί
792 1548 830 1608 γε
842 1532 876 1592 εῖ
882 1548 938 1608 μοι
950 1519 1002 1590 ἐπ’
1015 1525 1110 1602 ἐξου-

103 1626 173 1695 σίας
199 1615 236 1683 τὸ
263 1625 397 1703 πρᾶγμα
418 1611 476 1704 ἦν,
500 1629 593 1688 είασα
620 1618 680 1706 ἀν,
707 1630 788 1704 οίει,
813 1618 893 1698 τούς
914 1620 1110 1706 ίεροσύλους

104 1715 218 1803 πρῷην
239 1711 400 1782 ἀπελθεῖν
420 1715 675 1798 ἀκεραυνώτους
694 1722 731 1785 έκ
748 1724 855 1803 Πίσης
878 1719 940 1784 δύο
957 1743 1024 1804 μον
1041 1725 1109 1784 τών

105 1811 284 1896 πλοκάμων
299 1808 539 1898 ἀποκείραντας
551 1818 584 1894 ἓξ
595 1824 680 1900 μνᾶς
692 1814 849 1895 ἑκάτερον
861 1816 1017 1895 ἕλκοντας
1032 1813 1053 1901 ἦ
1065 1812 1109 1882 σύ

105 1905 201 1986 κύτὸς
215 1914 376 1993 περιεῖδες
391 1907 434 1978 ἀν
449 1914 485 1979 έν
499 1919 668 2000 Γεραιστῷ
685 1912 744 1979 τὸν
759 1910 852 1979 ἁλιέα
866 1910 926 1979 τὸν
941 1915 974 1992 ἐξ
991 1910 1110 1996 Ὠρεοῦ

102 2003 358 2090 ὑφαιρούμενόν
375 2028 437 2075 σου
455 2007 516 2094 τὴν
531 2015 700 2094 τρίαιναν;
722 2006 829 2086 άλλως
847 2033 882 2074 τε
898 2009 953 2075 καὶ
969 2007 1109 2092 δόξομεν

103 2101 303 2188 ἀγανακτεῖν
317 2109 540 2191 λελυπημένοι
554 2113 599 2195 τῷ
615 2106 782 2191 πράγματι
803 2107 857 2172 καὶ
873 2107 1017 2171 δεδιέναι
1030 2101 1110 2180 τούς

102 2201 193 2285 παρά
204 2211 266 2270 τοῦ
276 2203 426 2292 Δάμιδος
441 2206 561 2291 λύγους
576 2207 630 2273 καί
643 2202 697 2270 διά
709 2210 808 2271 τοῦτο
823 2201 1111 2280 ἀποσκευάζεσθαι

102 2301 162 2369 τὸν
180 2302 287 2388 ἀνδρα
309 2301 350 2371 ού
371 2312 618 2391 περιμείναντες
637 2299 918 2387 ἀντεξετασθῆναι
938 2296 1042 2367 αύτδν
1063 2305 1110 2386 τῷ

106 2408 268 2485 Τιμοκλεῖ.
298 2401 381 2471 ώστε
404 2411 438 2472 τί
454 2403 533 2472 ἀλλο
556 2399 627 2489 ἢέξ
649 2402 771 2488 ἐρήμης
786 2399 874 2469 οὕτω
894 2413 1029 2483 κρατεῖν
1050 2397 1109 2466 δό-

102 2505 217 2584 {oum

187 2604 291 2665 ΠΟΣ.
317 2600 381 2666 Καὶ
402 2598 468 2684 μην
483 2599 640 2685 ἐπίτομόν
657 2626 730 2667 τινα
750 2599 877 2684 ταύτην
893 2601 995 2683 ἔγωγε
1015 2593 1107 2687 ῷμην

104 2695 356 2779 ἐπινενοηκέναι
373 2695 456 2778 πρὸς
472 2695 533 2782 τὴν
548 2704 656 2785 νίκην.

187 2798 312 2860 ΖΕΥΣ.
326 2791 468 2878 Ἄπαγε,
485 2800 661 2873 θυννῶδες
677 2793 713 2862 τὸ
729 2794 923 2879 ἐνθύμημα,
942 2785 1107 2887 ώΠύσει-
1126 2813 1178 2870 671

105 2896 182 2974 δον,
199 2895 252 2959 καὶ
269 2895 388 2980 κομιδῇ
406 2892 512 2977 παχύ,
534 2906 753 2979 προαναιρεῖν
769 2890 829 2959 τὸν
849 2890 1109 2977 ἀνταγωνιστήν,

104 2988 148 3069 ὡς
170 2988 328 3079 ἀποθάνη
351 2988 509 3077 ἀήττητος
531 2979 743 3077 ἀμφήριστον
765 2994 811 3058 έτι
839 2992 893 3056 καὶ
916 2986 1110 3071 ἀδιάκριτον

103 3086 294 3156 καταλιπών
309 3086 370 3157 τὸν
386 3088 497 3175 λόγου.

186 3195 291 3256 ΠΟΣ.
314 3185 451 3256 Οὐκοῦν
471 3187 611 3275 ἀμεινύν
624 3214 656 3255 τι
673 3186 766 3275 ὑμεῖς
787 3184 867 3254 ἀλλο
884 3187 1060 3270 ἐπινοεῖτε,
1082 3190 1112 3252 εί

103 3284 189 3373 τάμά
205 3285 312 3366 οὕτως
331 3285 409 3373 ὑμῖν
426 3285 717 3356 ἀποτεθύννισται.

187 3394 237 3456 26.
255 3393 391 3457 ΑΠΟΛ.
414 3393 456 3456 Ec
468 3387 522 3455 καί
538 3399 607 3467 τοῖς
620 3387 708 3464 νέοις
723 3391 770 3452 ἔτι
786 3384 840 3451 καί
855 3380 1017 3468 ἀγενείοις
1029 3379 1109 3468 ἡμῖν
