2575 3842
526 175 554 232 Ε
560 172 619 230 ΡΩ
630 175 726 230 ΤΕΣ.
1068 172 1130 234 229

123 331 291 418 ἀλλότριοι
312 331 347 398 δὲ
368 331 485 418 κόσμοι
507 330 543 402 τό
559 339 616 416 τῆς
630 331 764 416 φάσεως
784 328 927 418 ἀπρεπὲς
942 340 1130 420 βουκολοῦ-

123 453 186 506 σιν.
219 437 268 496 39.
287 436 316 498 εί
335 436 421 516 γοῦν
436 426 500 496 ἀπὸ
516 435 573 514 τῆς
588 430 754 514 νυκτέρου
770 435 880 515 κοίτης
901 429 984 515 πρὸς
998 429 1128 517 ὄρθρον

122 525 167 595 ἀν
182 532 247 596 λδοι
258 555 307 606 τις
317 526 535 646 ἀνισταμένας
545 539 715 612 γυναικας,
732 531 845 611 αἰσχίω
857 532 984 612 νομίσει
995 535 1127 614 θηρίων

124 633 191 692 τῶν
211 623 380 708 πρωΐας’
353 651 441 711 ωρας
460 622 692 710 ὀνομασθῆναι
710 626 1014 709 δυσκληδονίστων
1043 623 1127 691 ὅθεν

122 721 268 810 ἀκριβῶς
283 733 368 792 οίκοι
387 730 626 808 καθείργνυσιν
642 717 745 798 αὑτάς
761 718 874 788 οὐδενί
891 729 958 788 τῶν
975 719 1127 808 ἀρρένων

121 825 341 912 βλεπομένας·
370 829 470 908 γρᾶες
490 825 526 889 δέ
546 822 600 888 καλ
617 818 905 907 θεραπαινίδων“
890 847 908 888 ο
928 820 1126 906 σόμμορφος

121 920 217 1006 όχλος
239 923 276 987 έν
291 920 404 1011 κόκλφ
423 925 613 1004 περιεστᾶσι
633 926 795 996 ποικίλοις
811 919 1000 1040 φαρμάκοις
1024 944 1126 987 κατα-

122 1017 399 1135 φαρμακεύονσαι
419 1017 458 1084 τά
483 1022 627 1135 δυστυχῆ
651 1017 827 1102 πρόσωπα·
856 1015 898 1084 06
918 1016 983 1105 γάρ
1004 1015 1125 1094 ὕδατος

123 1113 255 1205 ακράτφ
269 1114 391 1201 νάματι
401 1113 461 1182 τόν
474 1112 627 1201 ὑπνηλὸν
641 1111 888 1201 ἀπονιψάμεναι
903 1118 1009 1202 κάρον
1020 1113 1125 1192 εὐθυς

121 1211 280 1280 νίπτονται
304 1217 451 1298 σπουδῆς
472 1214 630 1298 ἐχομένου
651 1210 741 1290 τινός
761 1213 968 1299 πράγματος,
994 1211 1067 1281 ἀλλ’
1091 1217 1127 1280 αλ

121 1311 240 1376 πολλοὶ
254 1315 322 1377 τῶν
337 1310 574 1395 διαπασμάτων
594 1307 818 1387 συνθέσεις
783 1334 844 1376 τον
864 1309 950 1396 ἀηδῆ
964 1316 1024 1378 τοῦ
1039 1333 1123 1394 προ-

121 1406 237 1474 σῶπου
249 1415 357 1492 χρῶτα
372 1409 634 1494 φαιδρόνουσιν,
652 1405 695 1486 ῶς
710 1412 746 1475 δὲ
760 1410 811 1475 ἐπὶ
824 1413 1024 1494 δημοτελοῦς
1037 1432 1124 1494 πομ-

120 1511 182 1592 πῆς
203 1503 283 1573 ἀλλο
298 1534 329 1573 τι
343 1506 427 1594 άλλη
448 1515 514 1576 τῶν
537 1505 776 1626 ὑπηρετουσῶυ
796 1511 1042 1594 ἐγκεχείρισται,
1067 1517 1124 1575 λε·

120 1601 290 1680 καυίδας’
272 1612 419 1688 αργυρᾶς
437 1608 491 1672 καλ
508 1605 673 1690 προχόους
688 1604 830 1688 ἔσοπτρα
845 1630 879 1671 τε
896 1607 951 1672 καὶ
968 1605 1123 1722 6666er

122 1703 156 1765 ἐν
172 1701 444 1785 φαρμακοπώλου
459 1706 605 1781 πυξίδων
620 1701 736 1787 όχλον,
754 1699 869 1789 ἀγγεια
883 1700 985 1826 μεστά
998 1709 1121 1788 πολλῆς
1139 1724 1190 1780 441

120 1801 392 1884 κακοδαιμονίας,
419 1801 455 1865 έν
483 1794 532 1876 οἷς
550 1797 700 1866 ὀδόντων
722 1801 896 1884 σμηκτικαὶ
920 1796 1121 1886 δυνάμεις
1100 1827 1121 1885 η

119 1899 268 1984 βλέφαρα
280 1905 481 1983 μελαίνουσα
496 1900 590 1983 τέχνη
603 1903 846 2013 δησαυρίζεται.
869 1901 919 1962 40.
933 1921 970 1962 το
960 1892 1018 1964 δέ
1030 1905 1123 1964 πλεί-

119 2013 199 2061 στου
213 1991 381 2062 ἀναλίσκει
398 1997 496 2080 μέρος
515 1992 535 2080 6
560 1991 664 2079 πλοκὴ
685 1999 753 2060 τῶν
771 2001 905 2078 τριχῶν·
927 1996 962 2058 ac
981 1992 1096 2077 μέν
1056 2018 1122 2079 γαρ

119 2091 307 2177 φαρμάκοις
333 2093 526 2175 έρυθαίνειυ
547 2093 745 2176 δυναμένοις
767 2087 850 2175 πρὸς
872 2086 969 2175 ἡλίου
995 2108 1122 2174 μεσημ-

117 2196 217 2276 βρίαν
232 2185 310 2266 τούς
321 2189 512 2275 πλοκάμους
526 2199 582 2258 ίσα
596 2201 666 2265 ταῖς
681 2193 748 2254 τῶν
763 2190 861 2272 ἐρίων
871 2200 995 2272 χροιαῖς
1006 2191 1121 2276 ξανθῷ

117 2283 386 2372 μεταβάπτουσιν
403 2283 502 2352 ἀνδει
524 2283 586 2371 τὴν
603 2290 691 2354 ίδίαν
711 2292 971 2372 κατακρίνουσαι
998 2284 1117 2369 φύσιν·

117 2381 255 2462 ὁπόσαις
266 2385 302 2450 δὲ
313 2380 456 2468 ἀρκεῑυὴ
469 2386 607 2468 μέλαινα
617 2391 710 2470 χαίτη
722 2391 902 2470 νομίζεται,
914 2381 974 2450 τόν
984 2391 1052 2451 τῶν
1062 2410 1120 2470 γε-

115 2481 314 2568 γαμηκότωυ
325 2488 472 2549 πλοῦτον
483 2487 528 2560 είς
542 2481 666 2569 ταότηυ
681 2480 918 2550 ἀναλίσκουσιν
929 2480 1012 2568 ὅλην
1023 2481 1119 2567 Ἀρα-

116 2587 193 2667 βίαν
208 2578 325 2666 σχεδδυ
340 2582 375 2647 έκ
391 2585 458 2646 τῶν
472 2586 592 2664 τριχῶν
607 2579 850 2665 ἀποπνέουσαι,
875 2585 995 2666 σιδηρᾶ
1008 2607 1043 2648 τε
1060 2579 1119 2664 όρ-Ι

114 2705 200 2764 γανα
212 2676 318 2762 πυρὰς
327 2675 465 2766 ἀμβλείᾳ
475 2681 573 2762 φλογὶ
583 2683 783 2763 χλιαυθέντα
792 2685 848 2766 βίᾳ
857 2675 919 2764 την
930 2680 1047 2747 ἑλίκων
1058 2677 1119 2745 06-

115 2777 234 2863 λότητα
247 2778 423 2861 διαπλέκει,
439 2777 493 2843 καλ
504 2785 670 2861 περίεργοι
682 2780 743 2862 μέν
755 2780 790 2842 αί
799 2778 891 2861 μέχρι
902 2783 970 2843 τῶν
980 2775 1118 2862 ὀφρύων

114 2876 369 2959 έφειλκυσμέναι
392 2873 491 2959 κόμαι
510 2872 616 2962 βραχέι
636 2882 683 2963 τῷ
706 2873 846 2962 μετῶπφ
868 2871 905 2940 τό
927 2881 1118 2960 μεταίχμιον

113 2969 246 3057 ἀφιᾶσι,
270 2977 420 3058 σοβαρῶς
440 2972 475 3037 δὲ
496 2969 570 3057 ἀχρι
593 2978 661 3038 τῶν
683 2973 900 3056 μεταφρένου
924 2976 957 3039 oc
976 2972 1117 3038 όπισδεν

113 3066 365 3136 έπισαλεόουται
381 3066 553 3152 πλόκαμοι.
583 3074 634 3134 41.
653 3069 708 3133 καὶ
721 3064 802 3152 μετὰ
822 3075 919 3134 τοῦτο
935 3067 1116 3157 ἀνθοβαφῆ

112 3168 230 3232 πέδιλα
247 3169 304 3248 τῆς
324 3161 446 3246 σαρκός
467 3165 627 3248 ἐνδοτέρω
650 3161 728 3240 τοός
752 3163 857 3241 πόδας
879 3167 1117 3252 έπισφίγγοντα

112 3263 166 3328 καλ
187 3258 376 3345 λεπτοϋφὴς
393 3261 425 3336 ές
444 3258 616 3345 πρόφασιν
634 3257 736 3346 ἐσθὴς
756 3257 839 3344 ὑπὲρ
856 3269 917 3328 τοῦ
939 3268 1050 3332 δοκεῖν
1071 3262 1115 3348 μὴ

111 3364 360 3445 γεγυμνῶσθαι.
395 3357 504 3423 πάντα
524 3354 559 3424 δὲ
585 3355 624 3423 τά
645 3355 738 3436 έντὸς
759 3354 859 3444 αὐτῆς
878 3360 1116 3447 γνωριμώτερα
