2575 3842
496 151 722 209 ΦΑΛΑΡΙΣ
738 153 777 208 Α.
1077 152 1138 216 105

129 313 235 374 καίτοι
251 318 436 394 ἀναγκαίου
455 304 495 375 τδι
511 315 647 375 τοιαῦτα
664 316 790 395 τολμᾶν
811 313 846 377 ἐν
862 310 945 400 ἀρχῇ
959 320 1015 399 τη”ς
1033 318 1139 381 δυνα-

128 410 236 481 στείας
251 405 410 489 μάλιστα·
437 412 677 494 φιλανθρωπίᾳ
696 404 761 490 γάρ
777 409 831 472 καὶ
847 410 1005 496 πρᾳότητι
1021 413 1075 478 καὶ
1092 417 1137 500 τῷ

130 498 239 591 ἡμέρῳ
250 499 310 581 κάξ
322 508 483 588 ἰσοτιμίας
495 510 692 590 θαυμασίως
704 502 768 590 ἐγώ
780 503 916 590 ἤλπιζον
928 509 960 583 ἐς
971 505 1007 575 τό
1020 517 1137 577 πείθε-

128 608 212 665 σθαι
222 598 449 683 προσάξεσθαι
463 601 611 680 τούτους.
636 600 741 679 εύθῦς
757 609 842 687 γοῦν
855 616 923 680 τοῖς
934 603 996 689 μὲν
1007 608 1138 693 ἐχθροῖς

128 699 308 783 ἐσπείσμην
316 700 371 765 καὶ
381 700 598 785 διηλλάγμην,
609 703 664 767 καὶ
674 698 877 786 συμβούλοις
889 702 943 767 καὶ
954 707 1137 778 συνεστίοις

128 793 281 880 ἐχρώμην
291 809 359 874 τοῖς
371 801 535 875 πλείστοις
549 795 671 865 αῦτών.
694 794 757 883 τὴν
768 798 804 863 δέ
816 797 914 864 πόλιν
930 794 1035 883 αὐτὴν
1047 796 1137 879 ὁρών

128 889 286 982 ὀλιγωρίᾳ
301 900 370 959 τών
385 895 604 979 προεστώτων
622 896 893 980 διεφθαρμένην,
915 902 983 961 τών
1001 902 1135 963 πολλῶν
1155 913 1206 968 190

9 1027 10 1030 ¹
128 991 355 1078 κλεπτόντων,
371 993 550 1077 μᾶλλονδὲ
566 991 784 1076 ἁρπαζόντων
804 990 845 1058 τά
866 992 981 1076 κοινά,
1003 990 1137 1060 ὑδάτων

127 1114 162 1156 τε
179 1091 364 1174 ἐπιρροίαις
378 1088 611 1178 ἀνεκτησάμην
628 1092 682 1158 καὶ
701 1091 975 1175 οἰκοδομημάτων
991 1088 1138 1183 ἀναστά-

128 1205 222 1252 σεσιν
243 1186 411 1273 ἐκόσμησα
433 1191 487 1255 καὶ
507 1197 625 1274 τειχών
641 1194 800 1275 περιβολῇ
824 1188 989 1270 ἐκράτυνα
1008 1185 1137 1265 καλιάς

127 1282 333 1369 προσόδους,
351 1283 426 1352 ὅσαι
438 1278 526 1371 ἦσαν
538 1292 666 1371 κοιναί,
683 1292 721 1374 τῇ
733 1291 801 1352 τών
816 1285 1012 1370 ἐφεστώτων
1023 1286 1139 1369 ἐπιμε-

130 1388 200 1469 λείᾳ
226 1384 348 1471 ῥᾳδίως
372 1384 541 1469 ἐπηύξησα
568 1388 622 1453 καὶ
648 1391 705 1469 τῆς
732 1390 883 1461 νεολαίας
908 1382 1137 1468 ἐπεμελούμην

128 1484 184 1549 καλ
206 1487 274 1548 τών
296 1481 467 1566 γερόντων
489 1481 685 1567 προύνόουν
706 1486 761 1552 καὶ
777 1481 837 1551 τδν
859 1488 965 1569 δῆμον
986 1485 1022 1549 ἐν
1042 1486 1137 1560 θέαις

131 1581 183 1646 καὶ
202 1583 375 1665 διανομαῖς
394 1581 449 1648 καὶ
463 1581 670 1666 πανηγύρεσι
692 1583 746 1649 καὶ
762 1586 994 1667 δημοθοινίαις
1009 1585 1136 1665 διῆγον,

128 1674 244 1763 ὕβρεις
268 1675 304 1743 δὲ
325 1680 507 1760 παρθένων
526 1673 547 1763 ἢ
566 1678 702 1764 ἐφήβων
719 1679 903 1763 διαφθοραὶ
923 1674 945 1763 ἢ
967 1684 1138 1762 γυναικών

128 1771 303 1859 ἀπαγωγαὶ
314 1769 336 1859 ἢ
348 1774 550 1860 δορυφόρων
560 1769 783 1860 ἐπιπέμψειςῆ
796 1775 972 1861 δεσποτική
983 1801 1031 1853 τις
1042 1773 1138 1843 ἀπει-

130 1870 169 1957 λὴ
188 1870 397 1958 ἀποτρόπαιά
413 1899 471 1959 μοι
491 1875 545 1940 καὶ
563 1869 705 1940 ἀκοῦσαι
721 1866 774 1957 ἦν.
805 1877 835 1939 4.
853 1871 915 1958 ἤδη
932 1871 968 1938 δέ
988 1873 1043 1938 καὶ
1063 1872 1138 1954 περὶ

129 1976 189 2036 τοῦ
205 1967 340 2054 ἀφεῖναι
359 1969 420 2056 την
434 1968 541 2056 ἀρχὴν
556 1972 611 2036 καλ
631 1971 840 2036 καταθέσθαι
859 1967 920 2054 τὴν
938 1973 1137 2035 δυναστείαν

128 2068 358 2154 ἐσκοπούμην,
375 2067 465 2147 ὅπως
482 2068 590 2153 μόνον
608 2063 766 2150 ἀσφαλῶς
784 2065 946 2132 παύσαιτο
962 2060 1005 2129 ἀν
1020 2090 1068 2142 τις
1082 2070 1139 2132 ἐν·

127 2175 230 2252 νοῦν,
247 2171 315 2237 ἐπεὶ
325 2170 364 2237 τό
376 2196 415 2255 γε
424 2168 538 2255 ἀρχειν
549 2166 631 2235 αῦτδ
644 2170 698 2236 καὶ
710 2168 817 2235 πάντα
829 2165 986 2251 πράττειν
998 2166 1139 2251 ἐπαχθὲς

127 2268 192 2355 ἤδη
208 2270 262 2335 καί
278 2265 343 2334 σῦν
365 2268 487 2357 φθόνᾳ
502 2264 696 2354 καματηρόν
718 2267 824 2335 ἐδόκει
845 2292 902 2352 μοι
917 2262 1018 2331 εἶναι·
1048 2262 1083 2329 τό
1104 2261 1134 2329 δ’

129 2365 220 2444 ὅπως
237 2371 351 2453 μηκέτι
363 2368 517 2453 τοιαύτης
532 2365 622 2445 τινός
637 2371 818 2451 θεραπείας
830 2364 980 2449 δεήσεται
993 2359 1014 2448 ἡ
1029 2362 1135 2448 πόλις,
1156 2386 1206 2440 191

129 2463 221 2534 τοῦτ’
240 2466 376 2550 ἐζήτουν
393 2471 450 2533 ἐτι.
472 2462 564 2551 κάγώ
575 2463 636 2549 μὲν
651 2462 668 2532 ὁ
686 2463 819 2551 ἀρχαῖος
832 2468 908 2551 περὶ
922 2470 1025 2531 ταῦτα
1041 2460 1138 2547 εἶχον,

129 2568 165 2631 οί
179 2566 215 2630 δὲ
231 2562 294 2650 ἤδη
309 2589 346 2631 τε
361 2572 560 2633 συνίσταντο
577 2561 627 2630 ἐπ’
642 2562 698 2648 ἐμὲ
709 2566 764 2631 καλ
778 2566 853 2650 περὶ
867 2569 928 2630 τοῦ
942 2562 1070 2647 τρόπου
1082 2567 1138 2646 τῆς

129 2665 309 2748 ἐπιβουλῆς
326 2663 381 2729 καὶ
401 2659 613 2739 ἀποστάσεως
634 2664 838 2729 ἐσκοποῦντο
860 2664 915 2730 καὶ
930 2665 1139 2748 συνωμοσίας

130 2760 359 2844 συνεκρότουν
376 2763 430 2829 καὶ
446 2759 532 2828 ὅπλα
548 2760 709 2847 ἤθροιζον
724 2764 780 2829 καὶ
788 2759 938 2847 χρήματα
950 2762 1138 2845 ἐπορίζοντο

128 2862 185 2927 καλ
199 2857 278 2938 τοῦς
295 2856 530 2945 ἀστυγείτονας
551 2862 774 2927 ἐπεκαλοῦντο
790 2860 844 2925 καλ
861 2864 907 2934 είς
922 2854 983 2943 την
1002 2853 1139 2923 Ἐλλάδα

128 2955 221 3043 παρά
241 2962 527 3044 Λακεδαιμονίους
548 2958 602 3025 καὶ
619 2955 820 3041 Ἀθηναίους
838 2953 1094 3041 ἐπρεσβεύοντο·
1118 2949 1139 3017 όὶ

129 3056 192 3143 μὲν
201 3053 268 3140 γάρ
279 3057 354 3142 περὶ
365 3058 449 3142 ἐμοῦ
460 3053 581 3141 αύτοῦ,
598 3060 629 3123 εί
638 3060 824 3141 ληφθείην,
839 3055 990 3120 ἐδέδοκτο
1002 3050 1065 3136 ἤδη
1077 3048 1141 3115 αῦ-

128 3169 198 3233 τοίς
211 3157 267 3223 καὶ
282 3153 373 3234 ὅπως
387 3181 428 3241 με
443 3152 632 3244 αὐτοχειρίᾳ
648 3152 897 3220 διασπάσασθαι
910 3146 1070 3235 ἠπείλουν
1085 3148 1141 3214 καί

130 3250 170 3331 ἀς
186 3254 340 3332 κολάσεις
359 3252 540 3339 ἐπενόουν,
564 3257 705 3342 δημοσίᾳ
728 3248 985 3337 στρεβλούμενοι
1002 3250 1139 3326 ἐξεῖπον.

130 3358 192 3417 τοῦ
208 3352 271 3437 μὲν
285 3347 326 3438 δὴ
342 3352 448 3439 μηδὲν
462 3362 586 3421 παθείν
600 3357 755 3421 τοιοῦτον
770 3353 804 3417 οί
816 3350 891 3418 θεολ
908 3356 1007 3415 αίτιοι
1023 3346 1142 3433 φωρά-
