2575 3842
298 196 547 255 ΑΛΗΘΟΤΣ
564 196 808 254 ΙΣΤΟΡΙΑΣ
825 199 864 254 Λ.
1046 196 1088 260 35

16 348 24 447 η’
79 363 143 423 τῶν
153 358 330 424 ἐντεῦθεν·
347 351 431 433 νειὸς
442 352 507 440 γάρ
518 355 664 440 μεγάλης
674 359 830 440 φορτίδος
842 361 937 424 ίστοῦ
947 359 1088 424 ἕκαστον

79 461 142 519 τῶν
154 461 286 539 πτεροῖν
297 452 506 539 μακρότερον
518 454 571 519 καὶ
583 453 771 537 παχύτερον
783 456 935 538 φέρουσι.
957 455 1088 532 τούτοις

78 545 140 617 ούν
161 565 231 628 τοῖς
247 547 463 636 Ἱππογύποις
484 554 722 634 προστέτακται
740 556 1010 638 περιπετομένοις
1026 549 1087 637 τήν

77 659 154 737 γῆν,
174 660 208 718 εἰ
217 676 266 729 τις
282 647 437 736 εὑρεθείη
450 653 559 735 ξένος,
575 646 716 736 ἀνάγειν
729 649 772 729 ὡς
786 649 847 718 τὸν
861 655 1013 739 βασιλέα·
1033 652 1088 717 καὶ

77 747 114 834 δή
130 750 186 817 καὶ
200 747 285 834 ἡμᾶς
297 747 516 835 ξυλλαβόντες
530 744 718 831 ἀνάγουσιν
731 748 774 827 άς
784 748 899 816 αὐτόν.
923 746 940 816 ὁ
956 749 992 815 δὲ
1003 758 1088 815 θεα-

77 846 220 932 σάμενος
236 849 290 912 καί
305 842 369 912 άπδ
381 854 439 931 της
452 849 534 922 θέας
545 847 600 912 καί
611 853 668 931 τῆς
683 854 799 932 στολῆς
811 844 1087 932 είκάσας,Ἕλλη-

77 969 131 1043 νες
145 936 229 1029 άρα,
251 948 331 1028 ἔφη,
355 940 464 1029 ὑμεῖς,
490 935 637 1022 άξένοι;
670 945 919 1029 συμφησάντων
934 946 987 1026 δέ,
1009 949 1088 1020 Πῶς

77 1043 140 1108 ούν
152 1038 329 1126 άφίκεσθε,
343 1047 418 1126 ἔφη,
430 1047 593 1108 τοσοῦτον
604 1039 685 1126 άέρα
698 1043 906 1124 διελθόντες;
928 1045 982 1108 καὶ
995 1039 1088 1127 ἡμεῖς

76 1135 111 1204 τὸ
128 1145 198 1204 πᾶν
210 1136 299 1227 αὐτῷ
312 1138 537 1225 διηγούμεθα·
559 1142 615 1207 καί
631 1137 668 1217 ὃς
679 1137 862 1226 άρξάμενος
877 1139 913 1207 τδ
930 1137 1010 1207 καθ’
1025 1136 1088 1205 αὑ·

76 1235 135 1302 τὸν
149 1235 232 1322 ἡμῖν
252 1237 388 1324 διεξήει,
412 1235 456 1315 ὡς
470 1239 524 1304 καί
545 1234 645 1315 αὐτὸς
667 1237 848 1323 άνθρωπος
870 1234 918 1305 &v
939 1237 1088 1322 τούνομα

74 1331 259 1418 Ἐνδυμίων
270 1331 335 1400 άπδ
349 1340 406 1420 τῆς
419 1331 579 1421 ἡμετέρας
591 1342 651 1420 γης
664 1336 844 1403 καθεύδων
855 1334 1087 1422 ἀναρπασθείη

77 1431 156 1499 ποτὲ
181 1433 236 1498 καί
256 1428 462 1516 άφικύμενος
485 1432 693 1519 βασιλεύσειε
714 1438 771 1517 τῆς
791 1432 915 1518 χώρας·
950 1431 1034 1500 εἰναι
1051 1431 1087 1498 δὲ

77 1529 138 1616 τήν
151 1535 218 1614 γῆν
232 1532 362 1613 έκείνην
375 1533 466 1613 ἔλεγε
484 1526 546 1614 τήν
558 1526 637 1614 ἡμῖν
654 1529 743 1596 κάτω
757 1535 965 1616 φαινομένην
977 1528 1085 1615 Σελή-

78 1654 150 1712 νην.
174 1624 257 1694 άλλά
272 1635 416 1712 θαρρεῖν
426 1651 461 1692 τε
471 1627 710 1712 παρεκελεύετο
723 1629 778 1695 καί
789 1631 914 1713 μηδένα
925 1632 1088 1695 κίνδυνον
1102 1651 1137 1708 79

78 1724 291 1811 ὑφορᾶσθαι·
320 1721 509 1809 πάνταγὰρ
533 1721 612 1810 ἡμῖν
632 1728 837 1811 παρέσεσθαι
859 1719 907 1794 οἷν
929 1727 1086 1813 δεόμεθα.

79 1827 128 1888 12.
140 1817 204 1887 Ἢν
220 1820 255 1886 δὲ
270 1822 324 1887 καί
336 1821 553 1907 κατορθώσω,
572 1827 647 1907 ἔφη,
662 1821 722 1889 τὸν
733 1824 891 1908 πόλεμον,
907 1821 948 1891 δν
958 1828 1088 1909 έκφέρω

78 1926 144 1986 νῦν
160 1915 244 2002 πρὸς
258 1914 337 1995 τούς
350 1917 411 1984 τὸν
421 1916 518 2004 ἥλιον
534 1927 788 2002 κατοικοῦντας,
805 1919 963 1987 ἁπάντων
976 1919 1088 1987 εύδαι-

78 2019 263 2104 μονέστατα
278 2013 357 2102 παρ’
375 2019 447 2102 ἐμοὶ
468 2017 727 2104 καταβιώσεσθε.
758 2019 813 2085 καί
827 2015 921 2103 ἡμεῖς
937 2017 1087 2104 ήρόμεθα

77 2121 166 2191 τίνες
187 2137 223 2178 τε
239 2111 305 2180 εἶεν
321 2118 355 2182 οἰ
371 2115 523 2199 πολέμιοι
545 2118 600 2182 καὶ
623 2113 685 2200 τήν
702 2120 810 2183 αἰτίαν
828 2121 886 2200 τῆς
908 2118 1088 2199 διαφοράς·

73 2211 108 2282 ‘0
124 2213 162 2280 δὲ
177 2214 340 2298 Φαέθων,
362 2219 482 2300 φησίν,
506 2210 525 2279 ὁ
541 2220 609 2280 τῶν
624 2215 661 2280 έν
680 2220 725 2306 τῷ
741 2212 824 2304 ήλίφ
841 2210 1089 2279 κατοικούντων

77 2311 237 2400 βασιλεύς
254 2352 288 2361 -
306 2318 440 2380 οἰκεῖται
455 2309 521 2400 γάρ
542 2310 582 2398 δή
605 2309 756 2391 κάκεῖνος
772 2309 883 2399 ὥσπερ
905 2312 960 2379 καὶ
979 2308 999 2397 ή
1021 2320 1089 2379 Σε-

77 2412 165 2497 λήνη
185 2451 221 2459 -
237 2407 346 2478 πολὺν
365 2409 426 2498 ἤδη
444 2409 528 2498 πρὸς
546 2408 631 2497 ἡμᾶς
651 2419 789 2495 πολεμεῖ
800 2411 933 2497 χρόνον.
967 2409 1087 2497 ήρξατο

79 2513 113 2578 δὲ
128 2513 164 2590 έξ
180 2514 284 2587 αἰτίας
299 2510 470 2596 τοιαύτης·
498 2519 565 2579 των
582 2512 620 2577 έν
635 2517 675 2599 τῇ
689 2507 773 2599 άρχῇ
786 2517 827 2598 τῇ
841 2513 902 2599 ε’μή
915 2535 995 2578 ποτε
1009 2509 1088 2588 τοὺς

78 2607 318 2695 ἀπορωτάτους
344 2606 546 2696 σνναγαγοδν
570 2609 763 2697 ἐβουλήθην
788 2607 945 2677 άποικίαν
971 2612 1004 2688 ές
1028 2607 1088 2678 τὸν

75 2707 270 2794 Ἑωσφόρον
285 2716 427 2794 στεῖλαι,
444 2707 525 2777 ὅντα
537 2715 661 2796 ἔρημον
672 2711 726 2775 καί
739 2705 804 2774 ὑπὸ
821 2708 964 2794 μηδενὸς
975 2735 1088 2776 κατοι-

79 2807 264 2892 κούμενον·
280 2803 426 2873 ὁτοίνυν
437 2811 582 2876 Φαέθων
595 2807 772 2895 φθονήσας
782 2808 907 2876 ἐκώλυε
917 2807 980 2894 τήν
991 2806 1089 2874 άποι-

79 2912 157 2972 κίαν
168 2900 253 2971 κατά
264 2908 366 2990 μέσον
378 2903 437 2972 τὸν
448 2906 556 2992 πόρον
566 2903 757 2992 ἀπαντήσας
768 2908 819 2974 ἐπὶ
830 2913 898 2972 τῶν
907 2904 1088 2992 Ἱππομυρ-

79 3005 208 3090 μήκων.
233 3003 307 3070 τότε
321 3003 384 3089 μὲν
404 2998 468 3072 ούν
483 3009 733 3091 νικηθέντες-
748 3004 790 3071 ού
805 3003 871 3089 γάρ
891 2999 976 3090 ήμεν
996 3003 1088 3072 άντί-

79 3112 180 3171 παλοι
193 3109 234 3190 τῇ
248 3111 442 3192 παρασκευῇ
454 3145 494 3156 -
505 3102 775 3191 ἀνεχωρήσαμεν·
796 3110 862 3169 νῦν
874 3103 910 3169 δὲ
925 3103 1089 3190 βούλομαι

80 3196 185 3280 αὖθις
203 3203 384 3289 ἐξενεγκεῖν
398 3199 459 3269 τδν
477 3202 623 3289 πόλεμον
642 3205 697 3270 καὶ
711 3200 901 3269 άποστεῖλαι
913 3200 975 3288 τήν
990 3200 1089 3270 άποι-

81 3307 167 3369 κίαν.
203 3297 247 3387 ήν
273 3293 338 3367 οὖν
360 3304 514 3388 ἐθέλητε,
545 3300 772 3388 κοινωνήσατέ
791 3325 847 3385 μοι
867 3307 928 3367 τοῦ
954 3302 1087 3390 στύλον,

81 3407 191 3485 γῦπας
209 3401 245 3467 δὲ
264 3396 345 3484 ὑμῖν
366 3398 429 3488 ἐγώ
447 3404 576 3487 παρέξω
596 3408 665 3467 τῶν
681 3405 861 3486 βασιλικῶν
882 3400 950 3550 ἔξω,μ
962 3402 1088 3490 ἑκάστφ
