2575 3842
176 178 237 243 168
531 180 820 239 AOYKIANOY

175 334 273 424 φασι,
296 335 378 419 πρὸς
399 335 459 424 τὴν
475 339 614 424 χορδήν·
646 339 742 424 ἕτερα
761 341 823 424 μὲν
838 340 901 426 γάρ
922 338 1056 421 ὁπούς,
1080 339 1175 419 ἕτερα

175 432 206 503 δ’
222 430 240 501 ὁ
256 432 388 521 ῥυθμός
401 438 499 519 λέγει.
529 439 563 502 οί
574 436 610 502 δέ
625 433 780 521 εὔρυθμα
794 440 873 522 μέν,
894 435 934 504 τά
949 435 1123 522 πράγματα
1139 433 1175 502 δέ
1281 496 1282 501 ,

174 531 359 619 μετάχρονα
380 527 402 616 ἢ
419 532 605 618 πρόχρονα,
628 529 700 600 οἷον
719 534 784 618 ε’γῶ
801 559 880 601 ποτε
897 531 979 602 ίδῶν
993 534 1172 619 μέμνημαι·

174 628 233 708 τάς
247 626 312 714 γάρ
327 626 411 708 Διός
424 628 527 715 γονάς
542 627 745 717 ὀρχούμενός
759 658 809 710 τις
821 634 877 700 καὶ
890 629 952 718 την
965 639 1025 699 τοῦ
1039 630 1175 715 Κρόνον
1282 710 1283 723 χ

174 735 398 814 τεκνοφαγίαν
415 741 617 814 παρωρχεῖτο
632 730 687 795 καὶ
700 725 758 807 τάς
769 734 920 799 θυέστου
940 728 1115 814 συμφοράς
1129 732 1175 814 τῷ

175 823 279 915 ὁμοίμ
293 827 513 910 παρηγμένος.
537 827 590 892 καί
607 823 780 913 άλλοςτην
790 830 943 913 Σεμέλην
953 824 1177 910 ὑποκρινόμε-

175 948 233 1000 νος
252 924 462 1009 βαλλομένην
482 930 530 1010 τῷ
548 932 702 1009 κεραυνῷ
718 921 778 1008 τὴν
794 924 952 1008 Γλαύκην
967 919 1049 1009 αὐτῇ
1070 925 1176 998 εἴκαζε

174 1020 453 1104 μεταγενεστέραν
468 1011 585 1085 οὖσαν.
618 1016 693 1087 ἀλλ’
713 1018 776 1086 ούκ
797 1018 862 1087 άπό
877 1045 914 1105 γε
932 1025 999 1086 τῶν
1014 1016 1176 1085 τοιούτων
1282 1020 1286 1045 ¹

175 1114 345 1202 ὀρχηστῶν
357 1114 524 1202 ὀρχήσεως
533 1115 650 1203 αὐτῆς,
668 1116 774 1204 οἶμαι,
789 1119 1037 1203 καταγνωστέον
1047 1112 1127 1181 οὐδὲ
1138 1109 1174 1179 τό

175 1220 274 1299 ἔργον
285 1211 365 1281 αύτδ
379 1217 550 1300 μισητέον,
570 1213 654 1283 άλλά
665 1214 744 1294 τούς
755 1219 832 1301 μέν,
850 1214 960 1297 ῶσπερ
975 1219 1073 1296 είσίν,
1090 1208 1177 1294 άμα-

175 1322 247 1389 θείς
265 1314 457 1396 νομιστέον,
486 1315 676 1380 ἐπαινετέον
698 1315 734 1380 δὲ
755 1310 833 1390 τούς
854 1312 1002 1396 ἐννόμως
1021 1302 1175 1375 καὶκατὰ

174 1410 309 1501 ῥυθμόν
324 1419 381 1496 τῆς
396 1415 509 1497 τέχνης
523 1418 644 1490 ίκανῶς
658 1414 777 1480 ἕκαστα
795 1416 951 1497 δρῶντας.
974 1414 1023 1478 81.
1040 1405 1125 1484 ὅλως
1141 1407 1176 1472 δὲ

106 1532 156 1581 312
175 1507 235 1576 τόν
256 1506 419 1594 ὀρχηστὴν
441 1512 493 1575 δεῖ
506 1511 718 1594 πανταχόθεν
734 1507 1006 1595 ἀπηκριβῶσθαι,
1028 1500 1070 1582 ῶς
1092 1500 1177 1570 εἶναι

175 1603 210 1673 τό
233 1613 301 1672 πῶν
324 1603 515 1690 εύρυθμον,
541 1603 731 1691 εὔμορφον,
752 1607 957 1692 σύμμετρον,
984 1599 1064 1668 αὐτό
1085 1597 1176 1688 αὑτῷ

175 1701 291 1785 ἐοικός,
308 1698 595 1787 ἀσυκοφάντητον,
614 1699 849 1787 άνεπίληπτον,
867 1705 1023 1788 μηδαμῶς
1038 1700 1176 1781 ἐλλιπές,

175 1802 211 1866 έκ
226 1805 293 1865 τῶν
310 1795 457 1884 άρίστων
470 1802 694 1886 κεκραμένον,
709 1799 766 1878 τάς
781 1800 981 1885 ἐνθυμήσεις
995 1794 1092 1880 ὀξύν,
1115 1792 1178 1880 την

108 1909 112 1916 ’
175 1900 328 1964 παιδείαν
347 1895 479 1983 βαθύν,
504 1895 562 1975 τάς
585 1900 715 1974 έννοίας
736 1895 955 1983 άνθρῶπινον
976 1894 1124 1981 μάλιστα.
1158 1889 1176 1960 ὁ

173 2001 259 2082 γοῦν
276 1999 410 2072 έπαινος
434 1992 523 2084 αύτῶ
544 1993 612 2062 τότ’
632 1991 676 2062 άν
691 2001 837 2080 γίγνοιτο
860 1990 991 2078 ἐντελὴς
1007 1987 1096 2077 παρά
1110 1997 1178 2058 τῶν

114 2172 118 2180 ¹
173 2099 323 2176 θεατῶν,
345 2091 426 2160 ὅταν
443 2095 578 2170 ἕκαστος
593 2101 661 2160 τῶν
677 2090 835 2176 όρῶντων
849 2095 991 2177 γνωρίζη
1004 2115 1044 2155 τα
1060 2085 1177 2170 αὑτοῦ,

174 2198 301 2277 μάλλον
312 2191 348 2258 δὲ
359 2189 469 2277 ῶσπερ
486 2193 522 2258 ἐν
537 2190 710 2280 κατόπτρῳ
721 2198 767 2278 τῶ
782 2187 924 2275 ὀρχηστῇ
939 2182 1058 2254 ἑαυτόν
1073 2186 1178 2271 βλέπη

173 2291 228 2355 καὶ
245 2286 266 2354 ά
283 2287 421 2372 πάσχειν
437 2285 536 2363 αὐτὸς
552 2289 606 2352 καὶ
625 2285 647 2353 δι’
665 2301 772 2354 ποιεῖν
790 2296 904 2353 εἴωθε·
933 2286 1006 2352 τότε
1020 2283 1083 2370 γάρ
1099 2281 1177 2350 οὐδὲ

173 2387 321 2469 κατέχειν
332 2381 469 2462 ἑαυτούς
480 2390 514 2452 oc
522 2383 699 2470 άνθρωποι
713 2383 768 2470 ὑφ’
781 2382 904 2470 ἡδονῆς
915 2384 1086 2467 δύνανται,
1102 2378 1175 2448 ἀλλ’

173 2480 295 2565 ἀθρόοι
311 2478 393 2564 πρός
410 2479 469 2548 τόν
487 2488 625 2549 ἔπαινον
642 2485 809 2568 ἐκχέονται
827 2480 885 2561 τάς
901 2489 958 2568 τῆς
975 2485 1095 2549 ἑαυτοῦ
1110 2493 1179 2561 ψυ-

173 2586 230 2664 χῆς
251 2578 386 2655 ἕκαστος
410 2579 539 2658 εἰκόνας
562 2577 704 2664 ὁρῶντες
726 2583 780 2648 καὶ
803 2578 925 2658 αύτούς
945 2585 1177 2666 γνωρίζοντες·

173 2676 315 2761 άτεχνῶς
336 2673 401 2760 γάρ
417 2674 453 2742 τό
469 2675 642 2762 Δελφικόν
663 2681 769 2745 έκεῖνο
787 2675 823 2744 τό
843 2684 960 2745 Γνῶθι
976 2676 1121 2746 σεαυτόν
1142 2680 1179 2744 ἐκ

173 2782 229 2860 τη”ς
248 2782 331 2850 θεας
352 2778 476 2861 ἐκείνης
498 2774 610 2854 αὐτοῖς
630 2784 867 2862 περιγίγνεται·
900 2779 955 2843 καὶ
979 2773 1179 2861 ἀπέρχονται

174 2870 237 2940 άπὸ
250 2878 311 2938 τοῦ
326 2872 474 2956 θεάτρου
489 2871 510 2940 ά
523 2899 557 2940 τε
570 2871 629 2959 χρὴ
640 2879 807 2958 αίρεῑσθαι
820 2877 875 2941 καὶ
887 2870 909 2940 δι’
920 2873 1059 2959 φεύγειν
1071 2899 1174 2959 μεμα«

170 2971 311 3056 θηκότες
322 2973 376 3037 καὶ
389 2966 411 3036 ά
422 2970 585 3056 πρότερον
597 2969 746 3058 ἠγνόουν
759 2972 980 3056 διδαχθέντες.
1001 2976 1051 3040 82.
1065 2977 1180 3056 γίγνε-

101 3075 153 3132 ³13
174 3096 226 3136 ται
241 3067 276 3134 δὲ
294 3066 403 3152 ῶσπερ
422 3072 459 3135 ἐν
479 3069 606 3155 λόγοις,
631 3069 719 3137 οὕτω
737 3070 842 3136 δὲκαὶ
860 3072 895 3136 έν
909 3065 1076 3155 όρχήσειὴ
1095 3065 1180 3151 πρός

172 3173 239 3234 τῶν
254 3172 387 3232 πολλῶν
404 3169 564 3251 λεγομένη
580 3173 756 3252 κακοζηλία
778 3163 1051 3253 ὑπερβαινόντων
1065 3161 1102 3231 τό
1119 3166 1179 3250 μέ-

172 3289 253 3347 τρον
270 3269 326 3346 τῆς
346 3263 512 3348 μιμήσεως
534 3266 588 3330 καὶ
610 3266 694 3347 πέρα
711 3270 771 3331 τού
792 3267 923 3342 δέοντος
943 3264 1179 3331 ἐπιτεινόντων

171 3363 225 3430 καὶ
241 3365 270 3426 εί
283 3361 365 3444 μέγα
380 3386 411 3426 τι
426 3364 527 3439 δεῖξαι
543 3365 628 3447 δέοι,
646 3362 871 3448 ὑπερμέγεθες
883 3361 1177 3447 ἐπιδεικνυμένων,
