2575 3842
160 140 220 202 106
516 143 807 203 ΛΟΥΚΙΑΝΟΤ

158 325 275 381 σαντες
291 303 353 388 την
373 302 571 389 ἐπιβουλήν,
598 303 652 369 καὶ
673 301 815 386 μάλιστά
837 327 875 387 γε
892 299 909 366 ὁ
924 302 1056 380 Πύθιος
1076 300 1150 370 ὀνεί

158 402 241 488 ρατά
256 428 291 469 τε
305 406 478 485 προδείξας
493 404 547 468 καὶ
567 397 646 478 τούς
662 401 874 486 μηνύσοντας
892 402 1012 467 ἕκαστα
1030 403 1147 488 έπιπέμ

89 511 141 568 192
159 525 242 567 πων.
273 504 303 566 5.
320 496 384 585 ἐγὼ
400 500 436 567 δέ
452 501 600 566 ἐνταῦθα
616 498 680 583 ἤδη
701 495 805 583 ὑμᾶς,
828 490 855 563 ά
869 505 1014 583 Δελφοί,
1038 501 1090 566 ἐπὶ
1105 505 1166 565 τοῦ

157 594 262 663 αὐτοῦ
278 598 375 674 δέους
389 604 454 663 νῦν
469 605 516 684 τῷ
529 603 678 684 λογισμῷ
693 598 896 681 γενομένους
911 593 990 675 ἀξιῶ
1007 598 1082 680 περὶ
1098 603 1165 663 τῶν

156 695 230 762 τότε
245 696 420 778 πρακτέων
430 720 486 780 μοι
498 701 764 780 συμβουλεῦσαι,
780 690 835 759 ὅτε
846 691 1037 777 ἀφύλακτος
1049 692 1165 778 ὀλίγον

157 796 228 859 δεῖν
239 794 382 876 ληφθεὶς
393 791 529 876 ἐζήτουν
542 789 617 858 τινά
630 800 796 878 σωτηρίαν
807 792 960 876 περὶτῶν
975 793 1164 877 παρόντων.

109 891 112 896 “
156 886 241 974 πρδς
251 886 366 973 ὀλίγον
384 882 449 955 ούν
466 895 507 975 τῇ
522 890 639 976 γνάμη
651 892 683 966 ἐς
695 887 901 974 Ἀκράγαντα
916 889 996 972 παρ’
1009 892 1064 975 ἐμὲ
1079 888 1165 957 ἀπο-

157 988 366 1075 δημήσαντες
381 990 435 1054 καὶ
450 988 579 1065 ἰδόντες
598 984 657 1064 τάς
677 984 889 1073 παρασκευάς
910 985 1022 1054 αὐτῶν
1037 990 1090 1055 καὶ
1107 983 1165 1066 τὰς

156 1081 294 1161 ἀπειλάς
312 1081 515 1163 ἀκούσαντες
532 1093 644 1152 εῖπατε
665 1091 700 1151 τί
712 1089 765 1151 δεῖ
776 1099 901 1165 πσιεῖν;
926 1093 1164 1173 φιλανθρωπίᾳ

154 1189 300 1268 χρῆσθαι
319 1180 404 1269 πρὸς
424 1180 547 1260 αὐτούς
573 1188 619 1249 ἐτι
640 1184 694 1249 καὶ
717 1186 894 1266 φείδεσθαι
910 1183 964 1249 καί
987 1180 1165 1267 ἀνέχεσθαι

156 1281 239 1349 ὅσον
259 1278 377 1348 αύτίκα
393 1280 598 1366 μελλήσοντα
619 1287 794 1348 πείσεσθαι
811 1278 851 1347 τά
873 1279 1016 1363 ύστατας
1038 1290 1165 1367 μάλλον

156 1378 192 1446 δὲ
214 1376 347 1465 γυμνὴν
361 1378 425 1463 ἤδη
442 1377 577 1463 ὑπέχειν
597 1376 659 1464 τὴν
682 1376 816 1464 σφαγὴν
837 1381 891 1447 καί
912 1377 952 1446 τά
969 1386 1107 1465 φίλτατα
1128 1381 1165 1446 έν

156 1474 347 1561 ὀφθαλμοῖς
367 1473 451 1561 ὁρᾶν
470 1473 703 1561 ἀπολλύμενα;
729 1473 751 1562 γ’γ’
772 1474 812 1543 τά
835 1478 897 1562 μὲν
916 1486 1052 1545 τοιαῦτα
1073 1478 1165 1545 πάνυ

154 1571 293 1658 ἠλιθίου
304 1569 394 1650 τινδς
405 1570 499 1654 εἰναι,
511 1587 650 1657 γενναῖα
662 1576 698 1640 δὲ
709 1577 765 1640 καὶ
774 1571 930 1660 ἀνδράδη
943 1577 1165 1660 διανοηθέντα

155 1677 210 1740 καί
226 1670 330 1757 χολὴν
346 1677 513 1758 ἔμφρονος
527 1675 582 1740 καὶ
595 1671 801 1758 η’δικημένου
815 1669 939 1756 ἀνδρὸς
953 1669 1163 1757 ἀναλαβόντα

155 1777 330 1855 μετελθεῖν
341 1770 506 1851 ἐκείνους,
522 1773 653 1859 ἐμαυτῷ
665 1769 701 1836 δέ
716 1773 831 1837 ἐκτῶν
846 1768 993 1837 ἐνόντων
1006 1766 1067 1854 τὴν
1083 1771 1114 1845 ἐς
1126 1766 1162 1834 τὸ

155 1863 250 1932 ἐπιὸν
262 1861 450 1951 ἀσφάλειαν
465 1882 663 1953 παρασχεῖν;
685 1864 780 1935 ταῦτ’
795 1865 859 1934 οἶδ’
875 1865 926 1934 ὅτι
938 1866 1161 1952 συνεβουλεύ-

153 1983 231 2030 σατε
245 1963 297 2030 ἀν.
317 1971 347 2032 6.
363 1971 398 2031 τί
410 1956 474 2031 ούν
486 1962 550 2049 ἐγω
563 1961 644 2050 μετά
662 1972 760 2032 τοῦτο
773 1967 928 2050 ἐποίησας
951 1962 1155 2048 μεταστειλάι

87 2080 136 2133 193
155 2086 256 2146 μενος
271 2059 350 2140 τούς
369 2069 494 2140 αἰτίους
510 2064 564 2130 καὶ
581 2062 685 2146 λόγου
701 2059 862 2147 μεταδούς
883 2058 994 2137 αὐτοῖς
1016 2057 1165 2136 καὶτοὺς

154 2161 307 2244 ἐλέγχους
323 2159 527 2247 παραγαγών
546 2163 602 2228 καὶ
617 2168 733 2245 σαφῶς
748 2163 913 2246 ἐξελέγξας
931 2162 1067 2243 ἕκαστα,
1095 2160 1163 2224 ἐπεὶ

154 2255 231 2341 μηδ’
252 2254 346 2325 αύτοί
370 2264 417 2325 ἐτι
435 2264 566 2343 ἔξαρνοι
586 2252 691 2344 ἦσαν,
715 2255 895 2344 ἠμυνόμην
911 2256 1109 2343 ἀγανακτῶν
1125 2253 1162 2323 τὸ

153 2358 256 2421 πλέον
272 2353 333 2440 οὐχ
348 2352 399 2422 ὅτι
414 2357 720 2444 ἐπεβεβουλεύμην,
736 2354 811 2425 ἀλλ’
829 2354 880 2424 ὅτι
895 2353 939 2443 μη
963 2356 1083 2442 εἰάθην
1100 2352 1160 2421 ὑπ’

153 2447 266 2516 αὐτῶν
290 2453 328 2518 ἐν
355 2453 465 2539 ἐκείνη
490 2460 529 2538 τῇ
554 2455 746 2537 προαιρέσει
774 2468 899 2538 μεῖναι,
931 2450 974 2539 ἢν
1001 2456 1033 2533 ἐξ
1062 2450 1162 2537 ἀρχῆς

153 2550 390 2636 ἐνεστησάμην.
414 2554 469 2619 καὶ
482 2548 520 2617 τό
536 2548 590 2617 ἀπ’
604 2553 734 2619 ἐκείνου
750 2551 929 2635 φυλάττων
943 2553 1005 2637 μέν
1017 2547 1161 2637 ἐμαυτόν

153 2651 310 2732 διατελῶ,
326 2651 466 2717 ἐκείνων
481 2649 516 2716 δὲ
532 2646 612 2728 τούς
627 2648 678 2718 ἀεὶ
693 2652 973 2738 ἐπιβουλεύοντάς
989 2676 1044 2738 μοι
1059 2648 1161 2717 κολά-

153 2751 226 2825 ζων.
244 2742 310 2812 εἶθ’
324 2750 359 2814 οί
367 2746 544 2832 ἀνθρωποι
553 2749 610 2834 ἐμὲ
621 2755 679 2835 τῆς
691 2746 858 2835 ὠμότητος
869 2754 1038 2817 αἰτιῶνται
1049 2744 1161 2814 οὐκέτι

152 2842 359 2929 λογιζόμενοι
381 2844 471 2931 παρὰ
498 2849 642 2932 ποτέρου
664 2843 759 2932 ἡμῶν
783 2838 827 2933 ἦν
851 2844 872 2933 ἡ
901 2848 1014 2933 πράτη
1032 2846 1162 2915 τούτων

152 2938 253 3026 ἀρχή,
270 2943 469 3023 συνελόντες
483 2945 519 3011 δὲ
529 2942 591 3011 τάν
601 2949 690 3034 μέσῳ
702 2946 756 3012 καὶ
769 2942 823 3030 ἐφ’
838 2940 887 3023 οἷς
897 2945 1092 3024 ἐκολάζοντο
1103 2942 1162 3021 τάς

151 3045 309 3125 τιμωρίας
320 3038 424 3121 αύτάς
433 3040 574 3130 η’γτιωντο
585 3044 640 3111 καὶ
651 3040 709 3121 τάς
721 3043 885 3121 δοκούσας
897 3045 933 3109 ἐν
943 3040 1058 3120 αὐταῖς
1072 3040 1162 3127 ἀμό-

151 3161 264 3221 τητας,
282 3135 401 3223 ὅμοιον
417 3137 461 3218 ὡς
482 3149 516 3208 εἰ
531 3167 580 3220 τις
601 3139 681 3229 παρ’
700 3139 781 3228 ὑμῖν
797 3142 974 3224 ἱερόσυλόν
989 3167 1062 3208 τινα
1078 3137 1162 3208 ἰδιδν

152 3230 217 3300 ἀπό
231 3240 289 3320 τῆς
303 3238 423 3322 πέτρας
434 3238 638 3325 ῥιπτόμενον
652 3238 747 3326 ἀμέν
761 3238 920 3325 ἐτόλμησε
932 3237 976 3325 μη
989 3244 1161 3324 λογίζοιτο,

151 3328 194 3407 ἀς
214 3332 344 3418 νύκτωρ
366 3339 399 3413 ές
413 3333 450 3402 τὸ
467 3333 561 3423 ίερδν
579 3347 731 3426 παρῆλθε
752 3340 805 3406 καί
820 3338 1004 3405 κατέσπασε
1018 3334 1058 3403 τά
1077 3333 1162 3402 ἀνα-
