2575 3842
195 189 258 252 364
560 192 856 250 ΛΟΥΚΙΑΝΟΤ

196 353 350 434 τρίποδος
367 346 446 435 ἡμῖν
460 348 624 434 παρόντος
635 347 716 433 μήτε
727 350 983 437 θυμιαμάτωνῆ
997 361 1120 440 πηγῆς
1138 383 1231 440 μαν-

195 452 303 531 τικῆς,
323 449 376 512 οἵα
392 443 412 530 ἡ
428 451 596 513 Κασταλία
613 448 718 526 έστίνς

281 548 404 610 ΜΩΜ.
422 539 535 631 Ὁρᾷςς
557 541 812 626 ἀποδιδράσκεις
823 542 883 612 τόν
897 552 1033 632 ἔλεγχον
1048 551 1089 615 ἐν
1110 557 1230 638 στενῷ

196 640 359 726 ἐχόμενος.

279 745 405 805 ΖΕΥΣ.
422 735 547 823 Ὅμως,
564 730 591 804 τό
606 741 742 822 τέκνον,
760 739 829 806 elac}
843 742 898 808 καὶ
914 738 958 827 μὴ
975 743 1167 830 παράσχῃς
1181 753 1226 834 τῷ

197 835 391 922 συκοφάντῃ
412 835 519 926 τοότφ
543 835 728 921 προφάσεις
747 837 938 924 διαβάλλειν
959 842 1015 906 καὶ
1034 841 1225 924 χλευάζειν

196 931 235 1000 τά
255 930 297 999 σά
320 929 363 1010 ὡς
383 934 435 999 ἐπὶ
452 938 582 1016 τρίποδι
602 935 659 1000 καὶ
674 931 771 1001 ὕδατι
792 937 847 1002 καὶ
870 943 1043 1024 λιβανωτῷ
1061 944 1221 1023 κείμενα,

198 1027 258 1116 ὡς,
275 1034 305 1096 εί
320 1026 364 1115 μὴ
382 1033 464 1116 ἔχεις
477 1037 597 1115 ταῦτα,
616 1030 864 1116 στερησόμενόν
879 1053 916 1100 σε
930 1041 988 1120 τῆς
1003 1037 1139 1120 τέχνης.

280 1136 415 1197 ΑΠΟΛ.
430 1127 588 1216 ’Ἄμεινον
599 1129 660 1215 μὲν
675 1123 735 1215 ἦν,
751 1122 778 1196 ώ
792 1129 912 1217 πάτερ,
928 1135 965 1199 ἐν
975 1140 1133 1216 Δελφοῖς
1145 1131 1171 1218 ἢ
1183 1136 1217 1200 ἐν
1269 1181 1271 1204 .

147 1308 150 1314 ,
196 1235 376 1313 Κολοφῶνι
391 1226 582 1296 τὰτοιαῦτα
601 1241 726 1310 ποιεῖν,
748 1225 908 1296 ἁπάντων
927 1256 984 1315 μοι
1003 1236 1073 1296 τῶν
1093 1237 1215 1316 χρησί-

194 1352 267 1411 μων
283 1325 476 1410 παρόντων,
493 1325 538 1404 ώς
548 1333 635 1403 ἕδος.
658 1323 748 1411 ὅμως
765 1326 800 1393 δὲ
814 1328 868 1394 καὶ
880 1326 968 1395 οὕτω
979 1325 1111 1414 γυμνός
1125 1331 1213 1396 ἐκεί-
1269 1386 1270 1421 ,

194 1451 265 1491 νων
276 1426 330 1491 καὶ
343 1422 484 1502 ἀσκευος
495 1425 694 1509 πειράσομαι
707 1439 880 1508 προειπεῖν
891 1423 1056 1510 ὁποτέρου
1072 1424 1110 1493 τό
1125 1427 1208 1510 κρά·
1269 1428 1271 1495 λ

129 1535 177 1589 ϋῖδ
196 1548 251 1599 τος
265 1527 371 1590 ἔσται·
396 1519 555 1599 ἀνέξεσθε
571 1521 623 1606 δέ,
639 1526 670 1588 εί
685 1519 728 1607 μὴ
743 1525 882 1607 ἔκμετρα
899 1525 1036 1609 λέγοιμι.

281 1624 404 1684 MszM.
426 1619 527 1703 Λέγε,
541 1625 642 1704 σαφῆ
659 1617 695 1686 δὲ
710 1619 833 1705 μόνον,
851 1612 1071 1704 ώ”Λπολλον,
1093 1622 1154 1688 καὶ
1171 1619 1211 1688 οά

196 1715 387 1800 ξυνηγόρου
401 1719 456 1784 καὶ
478 1713 563 1783 αότά
578 1712 601 1804 ἦ
617 1719 783 1804 ἑρμηνέως
799 1720 957 1804 δεόμενα·
985 1721 1041 1785 καὶ
1060 1716 1128 1804 γάρ
1146 1716 1209 1786 οὐκ

195 1811 312 1896 ἀρνεια
330 1817 409 1899 κρέα
430 1818 484 1882 καὶ
500 1815 627 1900 χελώνη
644 1821 710 1882 νῦν
727 1817 763 1882 ἐν
779 1819 887 1905 Λυδίᾳ
905 1816 1098 1896 ξυνέφεται·
1121 1812 1207 1883 ἀλλά
1269 1820 1270 1847 ³

196 1908 296 1978 οἶσθα
310 1912 385 1997 περὶ
402 1910 482 1980 ὅτου
499 1911 519 1999 ἡ
539 1915 661 1994 σκέψις.

279 2016 404 2078 ΖΕΥΣ.
432 2017 474 2078 Τί
485 2009 558 2078 ποτ’
577 2013 676 2096 ἐρεῖς,
693 2003 871 2092 ἀτέκνους
895 2006 938 2088 ώς
953 2010 994 2077 τά
1009 2035 1046 2095 γε
1061 2007 1128 2095 πρό
1145 2017 1206 2078 τοῦ

194 2118 360 2194 χρησμοῦ,
383 2117 486 2178 ταῦτα
500 2108 564 2196 ἤδη
580 2109 725 2196 φοβερά·
747 2107 768 2194 ἡ
784 2110 867 2195 χρόα
880 2109 1085 2193 τετραμμένη
1104 2108 1161 2173 καὶ
1176 2111 1209 2174 οί
1269 2142 1271 2192 η

195 2202 365 2294 ὀφθαλμοὶ
377 2224 566 2295 περιφερεῖς
578 2210 632 2278 καὶ
646 2209 733 2294 κόμη
745 2206 1000 2294 ἀνασοβουμένη
1015 2209 1070 2273 καὶ
1080 2212 1205 2292 κίνημα

195 2312 447 2392 κορυβαντῶδες
458 2311 513 2376 καὶ
525 2307 611 2386 ὅλως
625 2308 784 2393 κατόχιμα
795 2306 903 2374 πάντα
915 2307 970 2375 καὶ
984 2304 1137 2392 φρικώδη
1150 2307 1205 2372 καί
1269 2286 1271 2415 ς

193 2405 346 2486 μυστικά.

127 2515 176 2570 577
278 2507 329 2569 31.
353 2512 486 2573 ΑΠΟΛ.
517 2507 665 2574 Κέκλυτε
692 2505 898 2592 μαντιπόλου
926 2502 1002 2571 τόδε
1030 2504 1203 2587 θέσφατον

770 2601 978 2680 ’Λπόλλωνος

235 2694 322 2784 ἀμφ’
341 2703 448 2783 ἔριδος
464 2707 622 2786 κρυερῆς,
638 2699 701 2787 τὴν
715 2699 831 2787 ἀνέρες
846 2701 1024 2789 ἐστήσαντο

238 2792 375 2885 ὀξυβόαι
390 2798 531 2885 μύθοισι
545 2800 790 2888 κορυσσόμενοι
805 2815 982 2870 πυκινοῖσι.

237 2894 343 2964 πολλά
360 2896 425 2984 γάρ
441 2904 526 2966 ἔνθα
541 2899 596 2967 καὶ
612 2905 697 2967 ἔνθα
708 2901 822 2985 μόθου
837 2900 1005 2983 ἑτεραλκέῖ
1018 2904 1161 2986 κλωγμῷ

236 2997 378 3079 ταρφέος
391 2995 476 3083 ἀκρα
490 2997 643 3085 κόρυμβα
659 2999 950 3084 καταπλήσσουσιν
964 2998 1102 3080 ἐχέτλης.

236 3089 312 3160 ἀλλ’
328 3091 409 3161 όταν
427 3095 581 3182 αίγυπιός
595 3097 819 3182 γαμψώνυχος
835 3095 954 3181 ἀκρίδα
971 3092 1098 3178 μάρψη,

126 3205 176 3259 578
239 3189 278 3275 δὴ
295 3189 368 3258 τότε
385 3201 539 3262 λοίσθιον
555 3191 764 3280 ὀμβροφόροι
779 3196 959 3279 κλάγξουσι
974 3196 1130 3274 κορῶναι.

236 3294 311 3370 νίκη
328 3288 360 3354 δ’
376 3287 542 3375 ἡμιόνων,
562 3289 578 3358 ό
594 3289 626 3357 δ’
643 3290 722 3371 ὄνος
735 3291 803 3361 θοά
818 3294 917 3359 τέκνα
934 3289 1083 3373 κορύψει.
1167 3363 1173 3377 ⁶

279 3391 406 3452 ΖΕΥΣ.
431 3395 473 3454 Τί
489 3395 587 3456 τοῦτο
604 3386 846 3476 ἀνεκάγχασας,
868 3383 1037 3472 ώΜώμες
1060 3385 1115 3452 καί
1135 3385 1197 3472 μὴν
