2575 3842
167 204 228 266 136
526 212 814 270 ΛΟῬΚΙΑΝΟΤ

166 372 260 430 λειαν
269 370 402 450 θηρίοις
412 365 478 436 ὑπό
494 375 556 434 σού
567 371 838 452 παραδοθέντων.
860 380 990 439 τοιοῦτο
1006 374 1045 439 δέ
1055 399 1085 438 τι
1097 374 1170 456 ἐγε·

166 464 300 546 γένητο·
324 461 534 543 ἀναπλεύσας
548 462 566 532 ό
580 472 754 544 νεανίσκος
768 469 801 543 ἐς
814 477 1004 553 Αίγυπτον,
1020 468 1094 554 ἀχρι
1108 474 1171 534 τοῦ

168 559 364 645 Κλύσματος
375 570 493 630 πλοίου
504 560 714 647 ἀναγομένου
729 566 867 650 ἐπείσθη
882 568 936 632 καλ
951 562 1050 643 αὐτὸς
1065 568 1097 642 ἐς
1108 563 1171 632 Ἰν-

167 661 243 723 δίαν
256 664 408 742 πλεῦσαι,
423 657 625 746 κάπειδήπερ
639 661 836 747 ἐβράδυνεν,
854 667 889 730 οί
901 666 1071 747 δυστυχείς
1086 664 1171 729 ἐκελ-

167 780 221 821 υοι
248 757 369 822 οἰκέται
392 754 496 823 αὐτοῦ
520 761 689 842 οἰηθέντες
718 754 802 843 ήέν
826 767 874 847 τῷ
895 765 1006 848 Νείλφ
1028 760 1170 826 πλέοντα

168 852 376 938 διεφθάρθαι
391 852 452 920 τόν
468 862 646 922 νεανίσκον
659 851 681 940 ή
695 858 750 923 καλ
770 853 837 923 ὑπὸ
854 864 984 945 λῃστῶν
997 898 1040 909 —-
1054 855 1171 923 πολλοὶ

98 972 149 1023 251
168 949 233 1036 γάρ
249 944 336 1038 ήσαν
349 950 480 1018 τότε-
494 950 685 1037 ἀνηρήσθαι
703 955 896 1038 ἐπανῆλθον
910 952 1171 1041 ἀπαγγέλλοντες

168 1048 273 1117 αὐτοῦ
293 1049 354 1117 τόν
368 1048 571 1135 ἀφανισμόν.
604 1048 673 1115 εἶτα
693 1045 711 1115 ὁ
732 1048 877 1135 χρησμός
893 1050 982 1137 καλή
1001 1055 1170 1134 καταδίκη,

168 1145 248 1233 μεθ’
264 1144 307 1232 ήν
323 1149 439 1231 ἐπέστη
453 1145 471 1214 ὁ
487 1153 661 1225 νεανίσκος
671 1148 889 1233 διηγούμενος
900 1146 962 1234 τήν
973 1147 1170 1234 ἀποδημίαν.

168 1249 218 1311 45.
236 1242 254 1311 ὁ
271 1246 332 1330 μὲν
351 1253 455 1312 ταῦτα
469 1250 590 1330 ἔλεγεν.
618 1242 637 1311 ὁ
660 1245 696 1311 δὲ
711 1244 920 1330 Ἀλέξανδρος
941 1243 1172 1330 ἀγανακτήσας

170 1344 222 1410 έπλ
236 1350 282 1431 τῶ
296 1344 414 1431 ἐλέγχῳ
429 1344 484 1409 καὶ
500 1340 545 1428 μή
562 1344 676 1427 φέρων
692 1350 753 1409 τού
770 1339 920 1421 ὀνείδους
934 1342 995 1429 τήν
1008 1341 1172 1429 ἀλήθειαν

170 1441 299 1506 ἐκέλευε
319 1438 397 1517 τούς
412 1438 580 1523 παρόντας
596 1446 705 1516 λίθοις
719 1437 856 1525 βάλλειν
873 1437 977 1509 αὐτόν
995 1436 1016 1525 ή
1034 1442 1088 1507 καὶ
1108 1436 1172 1504 αύ-

169 1532 247 1612 τούς
271 1538 398 1619 ἐναγεῖς
424 1540 560 1601 ἔσεσθαι
580 1537 637 1602 καὶ
662 1534 903 1619 Ἐπικουρείους
928 1538 1169 1623 κληθήσεσθαι.

169 1639 237 1697 τῶν
257 1630 293 1696 δὲ
309 1630 446 1715 βάλλειν
467 1628 661 1717 ἀρξαμένων
680 1631 917 1717 Δημόστρατός
936 1661 985 1710 τις
1002 1637 1172 1717 ἐπιδημῶν

169 1734 230 1793 τού
246 1724 382 1792 Πόντου
401 1734 531 1810 πρῶτος
545 1730 735 1813 περιχυθεὶς
757 1729 918 1813 ἐρρύσατο
939 1738 999 1797 τοῦ
1018 1730 1172 1798 θανάτου

169 1821 229 1889 τόν
238 1820 422 1903 ἄνθρωπον
431 1831 552 1909 μικροῦ
562 1828 633 1891 δεῖν
641 1828 918 1910 καταλευσθέντα,
927 1827 1018 1893 πάνυ
1027 1831 1171 1902 δικαίως.

170 1926 203 1986 τί
220 1917 285 2004 γάρ
309 1924 375 1986 ἔδει
397 1921 503 2005 μόνον
525 1934 666 2006 φρονεῖν
686 1924 723 1987 ἐν
744 1922 914 1999 τοσούτοις
933 1923 1095 2007 μεμηνόσι
1117 1923 1173 1988 καὶ

170 2025 425 2099 παραπολαῦσαι
439 2026 497 2105 τής
504 2017 740 2104 Παφλαγόνων
749 2024 891 2104 μωρίας;
910 2023 965 2087 καλ
974 2019 1013 2086 τά
1025 2020 1086 2104 μὲν
1096 2016 1171 2084 κατ’

171 2116 300 2181 ἐκεῖνον
314 2123 460 2184 τοιαῦτα.
492 2121 544 2184 46.
563 2122 593 2182 εί
605 2119 644 2182 δέ
655 2141 757 2183 τινων
772 2119 1074 2201 προσκαλουμένων
1088 2115 1171 2181 κατά

170 2214 264 2293 τάξιν
277 2222 345 2281 τῶν
359 2222 516 2301 χρησμῶν
530 2256 571 2265 -
585 2212 650 2299 πρό
666 2220 742 2298 μιᾶς
764 2212 799 2280 δέ
813 2221 911 2280 τοῦτο
927 2220 988 2279 τοῦ
1002 2218 1172 2292 θεσπίζειν

101 2323 153 2376 252
170 2315 371 2395 ἐγίγνετο-
380 2315 434 2378 καὶ
449 2314 611 2396 ἐρομένου
625 2318 686 2377 τοῦ
698 2312 843 2396 κήρυκος
858 2316 888 2378 εί
900 2316 1064 2394 θεσπίζει,
1077 2317 1123 2398 τῷ
1134 2313 1172 2375 δε

171 2409 307 2476 ἀνεῖπεν
318 2412 476 2475 ἔνδοθεν·
496 2406 545 2485 Ἐς
557 2407 717 2493 κόρακας,
735 2406 845 2475 οὐκέτι
859 2406 919 2475 τόν
930 2417 1083 2477 τοιοῦτον
1094 2407 1172 2475 ούτε

171 2508 268 2593 στέγη
282 2532 331 2583 τις
346 2508 471 2590 ἐδέχετο
487 2504 565 2573 ούτε
581 2501 723 2590 πυρδςή
743 2504 863 2583 ὕδατος
883 2507 1070 2592 ἐκοινῶνει,
1094 2502 1170 2572 ἀλλ’

170 2606 237 2669 ἔδει
256 2610 320 2688 γῆν
341 2601 405 2686 πρὸ
424 2609 485 2687 γής
507 2601 708 2670 ἐλαύνεσθαι
733 2602 777 2682 ῶς
793 2602 895 2691 ἀσεβή
917 2609 971 2672 καλ
991 2603 1097 2671 ἄθεον
1116 2606 1171 2670 καὶ

168 2698 411 2784 Ἐπικούρειον,
425 2698 510 2785 ήπερ
524 2693 568 2785 ήν
581 2698 602 2786 ή
616 2708 751 2787 μεγίστη
769 2706 928 2786 λοιδορία.

254 2802 305 2865 47.
320 2795 379 2865 ιἘν
394 2807 480 2883 γοῦν
500 2801 555 2866 καὶ
573 2798 785 2884 γελοιότατον
805 2802 958 2885 ἐποίησεν
983 2797 1001 2866 ὁ
1019 2798 1172 2877 Ἀλέξαν-

170 2902 263 2983 δρος·
285 2893 396 2980 εὑρῶν
409 2894 474 2982 γάρ
489 2895 547 2975 τάς
558 2892 756 2980 Ἐπικούρου
769 2903 887 2983 κυρίας
902 2899 1015 2982 δόξας,
1035 2896 1072 2965 τό
1090 2898 1173 2963 κάλ-

115 2994 121 3003 ’
171 3002 293 3080 λιστον,
310 2990 354 3072 ῶς
368 2992 478 3077 οἶσθα,
494 3003 562 3060 τῶν
573 3000 712 3080 βιβλίων
725 2995 779 3061 καὶ
793 2996 1005 3079 κεφαλαιώδη
1021 2998 1173 3079 περιέχον

169 3099 227 3177 τῆς
240 3090 383 3176 τάνδρός
396 3097 516 3176 σοφίας
528 3090 568 3158 τὰ
583 3092 748 3176 δόγματα,
765 3098 903 3175 κομίσας
917 3092 949 3169 ἐς
965 3090 1027 3176 τήν
1043 3087 1173 3176 ἀγοράν

170 3192 275 3276 μέσην
286 3195 427 3257 ἐκαυσεν
439 3191 491 3257 ἐπὶ
502 3191 611 3269 ξύλων
621 3194 769 3255 συκίνων
780 3186 823 3267 ῶς
835 3193 940 3275 δῆθεν
956 3187 1061 3257 αὐτόν
1071 3214 1173 3256 κατα-

170 3290 319 3371 φλέγων,
343 3284 474 3371 καλιήν
489 3285 617 3354 σποδόν
633 3288 666 3363 ἐς
685 3284 747 3372 τήν
765 3290 937 3355 θάλατταν
952 3291 1103 3374 ἐξέβαλεν
1124 3292 1172 3353 ἐτι

170 3384 224 3449 καλ
237 3382 386 3469 χρησμόν
402 3383 702 3470 ἐπιφθεγξάμενος·
