2575 3842
181 185 243 250 170
534 187 839 247 ΛΟῚἸΠΑΝΟῚι

178 353 249 430 σίν,
276 343 494 431 ἀνανήψαντα
515 342 621 421 οὕτως
645 352 846 431 μετανοῆσαι
867 343 922 430 ἐφ’
946 340 994 423 οἷς
1021 347 1187 427 ἐποίησεν,

180 441 263 510 ὥστε
277 445 331 510 καὶ
346 451 485 527 νοσῆσαι
499 438 564 508 ὑπὸ
581 441 687 527 λύπης
704 440 747 520 αἱς
758 439 894 527 ἀληθῶς
907 444 960 510 ἐπὶ
974 445 1078 528 μανίᾳ
1090 464 1187 505 κατε-

178 543 388 627 γνωσμένον·
409 542 462 607 καὶ
475 537 619 625 ἐδήλωσέ
627 564 666 624 γε
676 546 774 606 τοῦτο
787 547 901 624 σαφῶς
912 536 1020 616 αότός.
1049 535 1187 604 αἰτούν-

179 665 246 705 των
262 637 326 724 γόιρ
342 631 443 716 αὖθις
458 644 525 703 τῶν
538 645 774 704 συστασιωτῶν
788 633 893 704 αότόν
909 633 969 703 τόν
985 643 1114 701 Αίαυτα
1128 631 1188 714 ὀρ-

179 736 346 822 χήσασθαι
368 731 495 817 αὐτοῖς,
517 734 814 820 παραστησόμενος
833 731 894 801 τόυ
916 728 1103 817 ὑποκριτήν
1122 735 1187 814 ἔφη

179 829 265 917 πρός
280 829 316 899 τό
330 834 493 916 θέατρον·
506 829 637 899 Ἱκανόν
652 834 741 898 ἐστιν
754 831 842 912 ἅπαξ
856 838 1009 917 μανῆναι.
1045 830 1188 914 μάλιστα

180 931 216 997 δέ
233 926 337 996 αὐτόν
355 926 492 1015 ἠνίασεν
511 925 528 994 ὁ
550 925 799 1014 ἀνταγωνιστής
819 931 873 996 καὶ
895 926 1098 1013 ἀντίτεχνος·
1126 931 1188 990 τοῦ

179 1024 244 1113 γὰρ
260 1024 378 1112 ὁμοίου
390 1034 532 1105 Αίαντος
547 1023 637 1115 αὐτῷ
653 1027 839 1112 γραφέντος
855 1023 961 1103 οὕτως
975 1030 1119 1109 κοσμίως
1132 1023 1189 1088 καὶ

179 1122 363 1210 σωφρόνως
378 1121 440 1210 τήν
451 1131 575 1210 μανίαν
588 1122 807 1209 ὑπεκρίνατο,
823 1121 867 1202 ὡς
882 1127 1100 1208 ἐπαινεθῆναι
1114 1126 1189 1206 μεί-

180 1248 240 1299 νας
254 1220 347 1299 ἑυτός
362 1229 430 1289 τῶν
440 1229 497 1307 τῆς
513 1219 678 1307 ὀρχήσεως
690 1220 781 1306 ὀρων
796 1224 849 1289 καί
862 1219 905 1307 μή
920 1222 1126 1307 παροινήσας
1142 1225 1188 1295 είς

179 1316 240 1405 τῆν
257 1316 443 1404 ὑπόκρισιν.

263 1421 314 1482 85.
350 1415 461 1482 Ταῦτοί
481 1436 550 1497 σοι,
580 1408 607 1480 ὀ
628 1415 784 1502 φιλότης,
810 1414 904 1501 ὀλίγα
924 1419 961 1483 ἐκ
981 1415 1188 1501 παμπόλλων

179 1516 353 1595 παρέδειξα
370 1509 533 1597 ὀρχήσεως
547 1517 626 1597 ἔργα
637 1515 692 1579 καὶ
703 1513 961 1599 ἐπιτηδευματα,
979 1511 1023 1591 ὡς
1037 1509 1082 1598 μή
1093 1510 1188 1576 πόυυ

179 1609 298 1694 ἄχθοιό
318 1634 376 1694 μοι
391 1611 553 1692 ἐρωτικός
573 1612 734 1699 θεωμένῳ
756 1609 850 1677 αὐτοὶ.
887 1617 916 1678 εί
936 1611 972 1678 δέ
986 1614 1188 1697 βουληθείης

180 1713 386 1791 κοινωνῆσαί
399 1731 455 1791 μοι
466 1713 523 1792 τῆς
533 1708 631 1792 θέας,
648 1701 687 1773 εό
699 1705 772 1774 οίόα
784 1705 848 1792 ἐγω
864 1707 955 1773 πάνυ
970 1704 1188 1790 ἁλωσόμενόν

181 1823 218 1870 σε
232 1805 287 1872 καὶ
299 1800 632 1890 ὀρχηστομανήσοντά
642 1830 681 1889 γε
692 1806 834 1889 προσέτι,
860 1802 944 1871 ὥστε
957 1801 1058 1871 οὐδὲν
1067 1802 1187 1887 δεήσο-

181 1926 239 1987 μαι
257 1901 293 1968 τό
311 1909 368 1989 τῆς
380 1909 505 1988 Κίρκης
523 1905 629 1970 έκεῖνο
647 1899 731 1985 πρὸς
747 1903 784 1969 σὲ
798 1907 903 1969 είπείυ
915 1901 954 1967 τό

222 2000 339 2085 θαῦμά
350 1997 385 2086 μ’
398 2005 463 2085 ἔχει
475 1997 519 2079 ὡς
529 1998 601 2067 οὔτι
612 1998 700 2066 πιών
711 2000 789 2066 τάδε
801 1996 950 2084 φάρμακ’
965 2000 1135 2082 ἐθέλχθης.

105 2114 161 2170 316
180 2095 354 2186 θελχθήσῃ
363 2096 427 2184 γὰρ
440 2100 494 2166 καλ
509 2095 553 2183 μὰ
566 2095 623 2166 Δί’
641 2095 703 2163 οὐκ
719 2096 803 2164 ὀυου
817 2093 969 2180 κεφαλήν
979 2090 1001 2180 ή
1012 2091 1093 2171 σνὸς
1103 2117 1186 2177 καρ-

180 2200 256 2264 δίαν
273 2198 370 2281 ἔξεις,
396 2193 470 2263 ἀλλ’
485 2193 503 2262 ό
518 2198 580 2281 μὲν
599 2197 678 2273 νόος
695 2215 748 2262 σοι
764 2194 989 2281 ἐμπεόότερος
1009 2200 1116 2276 ἔσται,
1142 2188 1187 2257 σὺ

179 2297 214 2360 ὀὲ
226 2290 281 2376 ὑφ’
293 2291 417 2379 ἡδονῆς
428 2292 506 2360 οὐδὲ
515 2292 629 2379 ὀλίγον
637 2299 698 2360 τοῦ
707 2299 876 2370 κυκεῶνος
885 2290 975 2382 ὀλλφ
985 2291 1188 2378 μεταδώσεις

178 2403 282 2455 πιεῖν·
304 2387 387 2472 ὅπερ
404 2387 468 2473 γὰρ
483 2387 501 2455 ὁ
517 2388 662 2476 ’Όμηρος
676 2392 750 2474 περὶ
767 2397 824 2475 τῆς
841 2386 965 2475 Ἑρμοῦ
981 2390 1109 2477 ῥοίβδου
1129 2395 1188 2472 τῆς

177 2492 301 2571 χρυσῆς
312 2487 415 2569 λέγει,
432 2482 482 2552 ότι
497 2487 551 2554 καὶ
563 2485 721 2573 ,ἀνδρῶν
736 2484 866 2572 ὀμματα
876 2490 1013 2572 θέλγει“
1024 2484 1069 2553 δι’
1084 2482 1189 2569 αὐτῆς

262 2574 311 2650 όν
323 2585 445 2663 ἐθέλει,
463 2582 542 2662 τούς
557 2582 588 2651 δ’
603 2577 684 2651 αότε
695 2586 750 2651 καλ
760 2582 957 2662 ὑπνώοντας
971 2588 1100 2671 ἐγείρει,

178 2686 276 2749 τοῦτο
293 2677 435 2767 ἀτεχνῶς
446 2680 579 2768 ὀρχησις
592 2697 681 2749 ποιεί
690 2685 743 2750 καὶ
756 2680 796 2748 τὰ
809 2681 940 2768 ὄμματα
949 2685 1119 2767 θέλγουσα
1131 2684 1187 2747 καί

178 2783 394 2866 ἐγρηγορέναι
409 2789 552 2850 ποιοῦσα
564 2784 618 2849 καὶ
634 2784 850 2866 ἐπεγείρουσα
864 2779 926 2867 τῆν
938 2781 1090 2848 ὀιόυοιαυ
1101 2776 1187 2863 πρὸς

178 2880 299 2946 ἕκαστα
314 2887 382 2946 τῶν
395 2880 585 2964 δρωμένων.

261 2984 389 3044 ΚΡΑΤ.
412 2981 477 3045 Καὶ
497 2976 564 3064 μῆυ
578 2977 642 3065 ήδη
665 2980 746 3065 ἐγώ,
767 2970 794 3044 αό
812 2984 952 3063 Λυκῖνε,
976 2981 1138 3063 πείθομαί
1151 2977 1188 3043 ιε’

177 3094 231 3142 σοι
251 3078 304 3142 καί
326 3073 582 3161 ἀναπεπταμένα
604 3083 666 3162 ἔχω
688 3072 799 3143 καὶτὰ
822 3069 888 3141 ὦτα
907 3072 1022 3141 καὶτὰ
1044 3072 1184 3159 ὀμματα.

178 3175 233 3240 καλ
250 3175 397 3259 μέμνησό
415 3199 469 3259 γε,
485 3166 512 3240 αό
528 3175 683 3261 φιλότης,
699 3171 834 3241 ἐπειδὰν
847 3179 893 3251 είς
906 3170 942 3239 τὰ
960 3175 1107 3255 θέατρον
1122 3180 1186 3257 ίης,

177 3273 233 3337 καὶ
243 3272 314 3354 ἐμοὶ
324 3267 414 3354 παρὰ
426 3277 553 3358 σεαυτῷ
568 3275 655 3338 θέαν
667 3271 950 3357 καταλαμβάνειν,
967 3267 1012 3348 ὡς
1025 3266 1070 3354 μή
1081 3267 1186 3352 μόνος

178 3367 309 3432 έκείθευ
322 3367 511 3451 σοφότερος
524 3365 604 3452 ἡμῖν
617 3371 762 3456 έπαυίης.
