2575 3842
399 191 520 248 ΠΕΡΙ
541 192 817 251 ΟΡΧΗΣΕΩΣ.
1049 194 1110 257 163

92 376 156 429 νος
171 352 349 437 ἐρομένου,
371 357 414 417 Τί
424 347 467 417 ἄν
479 370 532 417 σοι
545 352 703 437 χρήσιμος
715 352 845 436 γένοιτο
860 356 929 422 ἐκεῖ
933 384 942 436 3
964 362 1111 441 Προσοί·

93 474 193 530 κους,
212 454 294 533 ἔφη,
310 447 504 534 βαρβάρους
514 454 593 535 ἔχω,
611 448 672 535 οὐχ
684 446 930 537 ὁμογλώττους,
943 456 996 520 καί
1008 456 1110 541 ἑρμη-

93 550 185 613 νέων
205 543 247 612 ού
268 544 389 635 όήδιου
406 545 563 632 εὐπορεῖν
588 545 672 632 πρὸς
693 545 832 626 αὐτούς·
864 546 908 635 ήν
933 545 998 619 οὑν
1019 578 1109 632 τινος

94 648 237 729 δέωμαι,
254 641 423 710 διανεύων
438 636 537 723 οὗτος
550 643 674 712 ἕκαστοί
685 670 742 731 μοι
758 648 965 731 ἑρμηνεύσει.
989 658 1110 717 τοσοῦ-

94 767 156 809 τον
171 740 235 826 ἄρα
251 744 408 808 καθίκετο
424 738 529 809 αὐτοῦ
544 739 712 828 ήμίμησις
727 749 785 828 τής
796 740 978 832 ὀρχήσεως,
995 749 1110 831 ἐπίση-

95 838 158 925 μός
172 865 208 906 τε
223 841 279 907 καὶ
292 836 403 924 σαφής
417 854 569 924 φανεῖσα.
591 845 641 908 65.
658 838 679 926 ἡ
695 840 731 907 δὲ
743 848 879 928 πλείστη
891 842 1041 931 διατριβή
1056 846 1110 911 καὶ

95 935 114 1006 ὁ
136 935 262 1016 σκοπός
282 946 340 1023 τῆς
357 934 553 1023 ὀρχηστικῆς
571 934 592 1023 ἡ
616 934 793 1024 ὑπόκρισίς
814 942 921 1025 ἐστιν,
949 938 992 1020 ὡς
1012 947 1108 1027 ἔφην,

97 1036 181 1104 κατὰ
199 1033 239 1102 τόι
257 1033 341 1102 αὑτοὶ
357 1037 411 1101 καὶ
424 1047 493 1113 τοῖς
507 1036 667 1120 ῥήτορσιν
683 1040 958 1124 ἐπιτηδευομένη,
974 1042 1026 1106 καὶ
1044 1039 1111 1125 μα’-

96 1142 191 1202 λιστα
214 1147 283 1211 τοῖς
301 1130 360 1210 τὰς
383 1134 593 1218 καλουμένας
611 1135 734 1212 ταύτας
756 1137 891 1221 μελέτας
912 1140 1108 1217 διεξιοῦσιν·

97 1234 164 1304 οἶδε
179 1232 244 1321 γὰρ
261 1237 314 1302 καὶ
329 1237 366 1301 έν
376 1236 516 1312 ἐκείνοις
529 1242 658 1320 μᾶλλον
670 1238 894 1322 ἐπαινουμένη
906 1242 952 1326 τῷ
967 1240 1110 1305 ἐοικέναι

96 1348 163 1410 τοῖς
177 1330 412 1419 ὑποκειμένοις
427 1331 618 1417 προσώποις
633 1335 688 1401 καὶ
704 1332 748 1420 μή
765 1331 881 1424 ἀπῳδὰ
898 1332 1037 1403 εἶναιτὰ
1053 1331 1108 1403 λεέ
1127 1352 1180 1407 304

1 1473 3 1477 »
94 1422 222 1516 γόμενα
237 1434 305 1495 τῶν
326 1432 551 1514 εἰσαγομένων
571 1427 735 1514 ἀριστέων
755 1427 1110 1521 ήτυραννοκτόνωνή

95 1527 250 1611 πενήτων
262 1520 284 1611 ή
294 1532 465 1612 γεωργῶν,
482 1524 556 1595 ἀλλ’
571 1530 608 1595 ἐν
624 1530 750 1619 ἑκάστω
762 1529 892 1598 τούτων
903 1527 939 1598 τδ
956 1536 1044 1600 ῖδιον
1055 1537 1110 1603 καί

96 1622 133 1691 τό
152 1627 317 1707 ἐξαίρετον
334 1627 541 1692 δείκνυσθαι.

181 1730 231 1791 66.
251 1720 375 1791 Ἐθέλω
392 1731 545 1809 γοῦνσοι
560 1726 615 1793 καὶ
630 1723 735 1793 όίλλου
751 1726 927 1812 βαρβάρου
941 1732 1039 1817 ῥῆσιν
1058 1732 1109 1798 ἐπὶ

97 1823 226 1899 τούτοις
248 1826 368 1888 εἰπεῖν·
399 1819 484 1889 ίδοδν
507 1820 571 1908 γὰρ
598 1826 695 1890 πέντε
718 1823 880 1905 πρόσωπα
900 1834 945 1915 τῷ
968 1825 1109 1916 ὀρχηστῇ

96 1923 391 2007 παρεσκευασμένα
403 1960 445 1971 -
456 1919 628 1986 τοσούτων
642 1918 708 2005 γὰρ
720 1928 831 2005 μερῶν
844 1921 880 1988 τό
894 1927 1003 2010 δρᾶμα
1014 1920 1059 2011 ἦν
1069 1966 1106 1979 -

97 2020 199 2104 ε’ξήτει
213 2021 272 2085 ἕνα
290 2014 381 2102 ὁρῶν
396 2015 456 2084 τόν
471 2015 654 2103 ὀρχηστήν,
669 2024 756 2095 τίνες
771 2023 805 2085 οί
818 2016 1038 2105 ὀρχησόμενοι
1055 2024 1110 2089 καὶ

97 2113 381 2199 ὑποκρινούμενοι
400 2111 439 2181 τὰ
454 2111 553 2181 λοιπὰ
571 2128 762 2198 προσωπεῖα
781 2112 863 2181 είεν·
893 2118 962 2184 ἐπεὶ
976 2118 1012 2183 δέ
1029 2122 1111 2203 ἔμα-

95 2224 160 2281 θεν
176 2208 227 2279 ὅτι
242 2207 261 2277 ὁ
276 2207 376 2289 αὐτὸς
390 2208 619 2297 ὑποκρινεῖται
631 2212 686 2278 καί
700 2208 922 2299 ὑπορχήσεται
938 2211 977 2281 τόι
988 2214 1108 2300 πάντα,

91 2310 296 2396 Ἐλελήθεις,
309 2303 336 2376 ιό
347 2312 509 2397 βέλτιστε,
528 2316 607 2397 ἔφη,
623 2316 718 2396 σῶμα
729 2313 791 2395 μέν
801 2317 899 2379 τοῦτο
915 2314 969 2398 έν,
986 2309 1111 2391 πολλὰς

96 2410 131 2477 δέ
142 2404 201 2485 τὰς
215 2405 323 2492 ψυχὰς
334 2411 427 2492 ἔχων.
450 2412 501 2476 67.
516 2409 693 2493 ταῦταμὲν
708 2404 915 2496 ὁβύρβαρος.
939 2408 1001 2479 οὑκ
1014 2409 1110 2480 ἄπει-

95 2505 202 2583 κότως
216 2503 253 2572 δέ
266 2507 320 2572 καὶ
333 2509 367 2571 οί
377 2502 556 2574 Ἰταλιῶται
569 2504 630 2572 τόν
642 2503 807 2593 ὀρχηστήν
822 2508 1034 2595 παντόμιμον
1048 2537 1110 2577 κα-

96 2611 231 2687 λοῦσιν,
247 2599 313 2670 όπό
326 2608 388 2669 τοῦ
400 2606 575 2689 δρωμένου
589 2602 723 2689 σχεδόν·
746 2602 830 2692 καλή
842 2604 907 2692 γὰρ
922 2604 941 2691 ή
955 2606 1108 2694 ποιητική

96 2707 292 2788 παραίνεσις
309 2702 418 2786 ἐκείνη
435 2699 494 2784 τό,
510 2692 562 2786 ,μό
577 2714 652 2787 παῖ,
670 2709 811 2769 ποντίου
826 2701 934 2789 θηρός
949 2712 1109 2788 πετραίου

94 2799 178 2869 νόον
200 2807 304 2885 ίσχων
319 2798 441 2877 πόσαις
461 2804 634 2866 πολίεσσιν
650 2797 756 2883 ὁμίλει
765 2807 799 2885 ,“
825 2804 945 2891 καὶτῷ
966 2800 1109 2888 ὀρχηστῇ

95 2897 278 2984 ἀναγκαία·
295 2899 350 2965 καὶ
361 2901 417 2966 δεῖ
422 2897 622 2982 προσφύντα
632 2910 701 2975 τοῖς
714 2898 883 2983 πράγμασι
896 2905 1109 2966 συνοικειοῦν

96 2993 219 3063 ἑαυτὸν
235 2996 362 3086 ἑκάστῳ
376 3003 444 3063 τῶν
456 2996 648 3081 δρωμένων.
671 2993 708 3061 τὸ
726 2997 762 3062 δὲ
776 2994 857 3063 ὅλον
868 2994 937 3080 ήθη
949 2997 1003 3062 καὶ
1015 2997 1108 3083 πύθη

95 3097 217 3174 δείξειν
236 3096 292 3161 καὶ
312 3091 570 3179 ὑποκρινεῖσθαι
590 3090 611 3177 ἡ
632 3090 765 3178 ὄρχησις
789 3096 1021 3179 ἐπαγγέλλεται
1044 3102 1110 3162 νῦν

96 3194 159 3278 μέν
174 3195 311 3279 ἐρῶντα,
327 3201 394 3261 νύν
408 3193 445 3261 δέ
459 3189 676 3279 ὀργιζόμενόν
690 3216 764 3257 τινα
777 3189 967 3276 είσόγουσα,
984 3194 1039 3260 καὶ
1050 3190 1110 3261 522-

96 3302 158 3362 λον
170 3292 340 3381 μεμηνότα
352 3295 407 3361 καὶ
418 3291 522 3360 ἄλλον
533 3292 779 3375 λελυπημένον,
798 3291 852 3357 καὶ
864 3285 995 3356 ἅπαντα
1007 3296 1110 3359 ταῦτα

96 3394 369 3478 μεμετρημένως·
391 3388 428 3459 τό
440 3396 527 3476 γοῦν
542 3387 828 3475 παραδοξότατον,
846 3394 903 3474 τῆς
914 3386 1016 3477 αὐτῆς
1030 3387 1111 3478 ήμέ-
1128 3403 1180 3460 305

907 3492 973 3557 ll*
1128 3498 1130 3504 ’
