2575 3842
155 180 199 217 xvv
577 165 807 217 PRAEFATIO.

153 303 210 353 eod.
223 317 270 366 pro
283 294 512 366 προσκαλουμὲνη
540 319 562 352 c.
576 304 610 354 52
620 294 659 360 ὥς
673 292 709 352 ἂν
724 301 966 384 καοιοιοῦογινίαιίο
984 317 1031 366 pro
1045 299 1084 358 ως
1098 287 1136 364 ἦν
1164 304 1233 356 ο.54
1265 298 1273 336 ³

153 361 267 434 ἀφανὴς
283 361 389 429 ἐκεῖνος
411 387 469 421 cum
485 371 560 426 Dind.
579 387 630 425 rec.
654 386 701 436 pro
719 362 833 435 ἀφανὴς
852 368 913 454 [ην]
932 362 1038 426 ἐκεῖνος
1066 370 1128 424 ibid.
1146 362 1233 420 ἔνθεν
1270 364 1273 439 d

153 447 255 490 auctore
273 438 365 490 Solano
388 456 435 504 pro
457 433 541 489 ἔνδον
583 457 605 490 c.
634 441 668 491 55
687 433 847 506 θάλασσαν]
869 437 1014 488 θαλατταν
1038 438 1114 490 Dind.
1155 456 1176 489 c.
1200 439 1235 490 56
1271 450 1272 501 ἢ

153 505 274 574 φθείρῃ]
288 506 394 570 φθερεῖ
406 509 442 558 id.

221 576 279 642 Iup.
293 578 393 641 Consua.
409 593 431 627 c.
445 581 461 629 2
478 570 561 626 οὐδὲν
573 570 655 642 ὑπὲρ]
669 568 734 626 ου’ὃὲ
746 569 817 638 ὑπὲρ
831 577 867 626 id.
894 592 917 626 ο.
933 578 949 626 3
962 561 1044 625 αὗται
1054 577 1171 625 revocavi
1183 591 1233 640 pro
1271 596 1272 605 ι

153 637 234 694 αὐταί
265 662 288 696 c.
304 648 322 696 4
337 639 375 710 μὴ
391 655 450 712 post
467 633 503 710 ἦν
522 648 595 696 eiecit
608 648 686 697 Dind.
715 647 775 696 ibid.
788 635 981 711 ἀνάσπαστον]
1000 633 1182 695 ἀνασπαστόν
1196 645 1232 695 id.
1271 708 1272 713 ¹

153 733 175 765 c.
194 715 211 766 5
229 708 307 781 οῖδα]
327 706 384 766 οἷδ’
405 716 440 765 id.
482 731 504 764 c.
528 715 544 766 6
566 731 608 764 vv.
633 707 762 779 περιττὰς
785 708 859 764 εἶναι
879 704 929 770 τὰς
949 711 1055 771 θυσίας
1077 713 1138 764 olim
1160 716 1233 762 uncia

153 783 315 834 inclusorem.
332 801 368 834 -ο,
384 784 401 836 8
413 773 540 850 βασιλιθς
553 775 618 848 γὰρ]
632 777 661 833 εἷ
672 784 771 834 addidit
784 786 815 834 de
829 799 876 834 ouo
886 782 961 836 Dind.
989 784 1051 838 ibic.
1068 774 1233 845 Ἀπόλλωνα]

151 845 266 900 Ἀπόλλω
286 854 321 902 id.
356 869 378 902 c.
397 851 414 902 9
430 848 527 918 ταῦτα]
546 843 625 901 ταῦτ’
646 853 682 906 id.
717 853 778 903 ibid.
798 843 862 901 οὐδὲ
893 842 1007 909 odd'id.
1043 868 1066 902 c.
1084 851 1118 902 10
1136 844 1168 900 δὲ
1187 844 1231 929 ἓν]

153 912 226 970 θ’ἕν
239 922 275 970 id.
311 910 677 1000 ο.11ου’όὲὴ]οάὃήἰ(1.
710 912 865 984 ocdoada
909 911 1052 984 d'dp’id.
1088 936 1112 969 c.
1131 919 1164 971 13
1185 933 1231 967 ου-

151 987 217 1070 τως]
238 979 309 1038 οὕτω
329 990 366 1039 id.
398 1006 420 1039 c.
436 989 470 1040 14
486 1003 540 1052 την
553 979 649 1055 αὐτοῦ]
667 982 721 1054 τὴν
736 980 822 1039 αὑτοῦ
834 991 868 1040 id.
905 1005 927 1039 c.
942 990 974 1040 17
989 981 1152 1057 διαβιοίοας]
1171 985 1229 1036 δια

151 1057 229 1127 βιους
245 1059 281 1108 id.
315 1074 338 1110 c.
356 1057 389 1107 19
407 1049 531 1125 δὲίσως]
551 1050 663 1115 δ’ἴσως
679 1060 715 1110 id.

221 1127 279 1208 Ιαγι.
297 1125 375 1191 Troy.
397 1127 447 1177 c.1
466 1125 568 1193 τίίμοι)
584 1119 688 1246 ῥέξεις]
699 1141 747 1191 μοι
761 1127 835 1178 eiecit
848 1127 882 1177 id.
920 1144 942 1178 c.
960 1130 977 1178 4
993 1125 1084 1190 Δᾶμις
1100 1141 1157 1176 cum
1172 1127 1231 1178 eod.
1272 1146 1273 1165 c

152 1211 198 1262 pro
213 1197 304 1258 Δαμις
338 1196 399 1246 ibid.
414 1184 476 1244 οὔτε
489 1186 571 1262 ὅλως]
585 1187 652 1244 οὔθ’
687 1197 740 1254 λως
759 1197 795 1250 id.
830 1196 892 1246 ibid.
905 1187 977 1260 πρὸς
993 1187 1140 1274 ἀκρόασιν]
1159 1187 1233 1258 πρὸς
1272 1204 1273 1235 1

150 1257 204 1327 τὴν
217 1255 352 1327 ἀκρόασιν
362 1265 398 1317 id.
416 1264 477 1314 idid.
489 1256 602 1330 νικήσῃ]
615 1257 740 1332 ὑπέρσχῃ
750 1266 786 1316 id.
804 1281 825 1318 c.
835 1267 851 1314 7
860 1257 929 1331 ἔχοι]
941 1257 988 1330 ἔχῃ
1000 1266 1036 1315 id.
1055 1281 1078 1313 c.
1088 1263 1106 1314 8
1116 1260 1231 1328 ομοίως]
1272 1330 1273 1333 ¹

151 1323 226 1396 ὅμως
241 1334 276 1383 id.
301 1349 325 1387 c.
337 1331 355 1386 9
367 1324 515 1400 ἔνοσίγαιε]
529 1323 685 1398 ἐννοσίγαιε
696 1336 733 1385 id
753 1351 777 1387 e.
787 1333 821 1385 10
832 1325 1102 1397 ἀπεστεφανωμένον
1114 1345 1145 1396 γε
1157 1348 1232 1382 rovo-
1272 1338 1273 1399 c

152 1404 207 1452 cavi
223 1417 279 1452 cum
293 1403 350 1456 aod.
359 1418 405 1468 pro
418 1395 552 1466 u’naccecp.
564 1415 594 1451 τε
620 1420 644 1456 c.
657 1405 686 1453 ll
702 1394 803 1468 χαλκός
815 1395 890 1452 ἔστιν
903 1418 954 1455 rec.
966 1417 1011 1466 pro
1024 1400 1142 1467 χαλκοῦς
1156 1391 1232 1450 ἐστιν
1272 1418 1273 1435 2

150 1471 211 1523 adid.
226 1464 353 1534 κράτιστι
368 1487 419 1521 rec.
432 1486 479 1536 pro
493 1462 585 1534 ἄριστε
614 1472 676 1524 ibid.
691 1463 804 1537 Πνόκα]
818 1463 918 1521 Πόκνα
930 1471 1007 1521 Dind.
1037 1487 1060 1526 c.
1076 1471 1110 1521 12
1123 1459 1230 1535 όθέλοι]

150 1529 234 1606 ἒθόλῃ
252 1541 287 1590 id.
321 1556 345 1588 c.
363 1539 397 1590 13
414 1537 613 1607 κατασίγησον]
631 1533 847 1605 κἀτασιοόπησον
862 1541 897 1592 ld.
926 1556 947 1590 c.
961 1540 996 1590 14
1009 1531 1154 1588 θάλατταν
1171 1555 1231 1588 cum

154 1609 209 1661 aod.
227 1623 272 1670 pro
290 1597 447 1660 θάλασσαν.
479 1609 540 1659 ibid.
556 1600 589 1656 τό
605 1622 635 1673 γε
652 1626 702 1659 rec.
721 1626 768 1677 pro
783 1602 815 1659 τὸ
848 1625 869 1662 ο.
888 1609 921 1660 15
939 1601 1011 1672 ἔχειν
1029 1604 1230 1672 cccccccccc«

151 1691 207 1725 cum
226 1676 301 1728 Dind.
322 1678 407 1740 recepi
431 1686 534 1729 auctore
551 1679 651 1729 Halmio
671 1693 717 1744 pro
737 1672 810 1743 ἔχειν
831 1674 967 1741 δοκοῦμεν
1003 1694 1026 1732 c.
1049 1678 1082 1730 lo
1100 1671 1147 1726 καλ
1172 1685 1230 1725 ante

151 1736 221 1792 κατὰ
243 1744 330 1796 addidi
356 1745 416 1802 ibid.
430 1743 469 1814 τῷ
482 1756 540 1797 ante
557 1737 703 1813 ὑπαιθρίῳ
720 1749 791 1797 deest
809 1748 879 1812 apud
890 1747 968 1797 Dind.
1003 1763 1024 1796 c.
1036 1747 1069 1797 17
1083 1736 1229 1826 γινόμενα]

150 1806 300 1890 γιγνόμενα
318 1814 354 1867 id.
384 1814 444 1897 ibid.
464 1804 653 1896 ίνγισκοπῆσαι
669 1807 815 1880 τὸνλόγον
830 1832 883 1897 reo3
896 1831 943 1895 pro
957 1805 1186 1897 ίπεξιλιόσεγθαι
1197 1827 1229 1862 το

151 1893 260 2001 {md
277 1882 428 2005 d‘d'of'dd'
442 1898 563 2020 οἷ”ξῖἷῖ
573 1884 795 2018 333311ῗο
810 1899 872 2005 ἷὲῗί
892 1897 1018 2017 W„
1032 1885 1093 2003 ’ῗὲῗζ
1113 1881 1230 2018 {m

149 2011 276 2084 ταραχὴν
312 2021 373 2072 ibid.
393 2011 492 2089 οὕτως]
512 2012 585 2074 οὕτω
604 2024 680 2073 Dind.
722 2039 747 2076 c.
767 2023 801 2076 20
819 2013 872 2085 τὴν
892 2012 988 2089 αὐτοῦ]
1011 2014 1065 2086 τὴν
1082 2015 1171 2071 αὑτοῦ
1193 2022 1229 2070 id.

150 2106 173 2139 c.
192 2091 225 2139 21
244 2078 396 2151 ἀπόκριναι
414 2108 465 2143 rec.
481 2108 528 2158 pro
544 2083 700 2153 ἀπόκριναί
712 2105 760 2156 μοι
793 2091 855 2142 ibid.
869 2088 1018 2155 Σκείρωνα
1036 2091 1154 2142 revocavi
1173 2105 1229 2140 eum

149 2158 226 2210 Dind.
246 2175 292 2224 pro
309 2157 444 2225 Σκίρωνα
473 2161 534 2212 ibid.
550 2153 697 2222 Κερκυόνα
715 2176 772 2210 cum
789 2162 847 2210 eod.
863 2176 910 2226 pro
928 2153 1074 2223 Κερκύονα
1103 2159 1165 2211 ibid.
1180 2151 1229 2207 αὖ·

149 2225 200 2278 τοῦ
218 2244 275 2278 cum
296 2231 354 2280 eod.
373 2242 421 2294 pro
439 2222 525 2278 αότοῦ
559 2247 582 2281 c.
599 2231 633 2278 22
652 2223 693 2278 ἔτι
710 2227 750 2294 τι]
768 2219 811 2278 ἔτ’
827 2230 863 2280 id.
896 2246 918 2282 c.
937 2229 970 2281 23
986 2227 1078 2308 τοῦτο]
1095 2219 1173 2278 τοῦτ’
1190 2229 1229 2280 id.

150 2314 172 2346 c.
197 2297 230 2373 25
253 2288 387 2347 τοιούτων
410 2311 461 2352 cac.
479 2313 532 2374 'pro
557 2288 692 2348 τοιούτων
716 2288 791 2346 ἐστίν
833 2315 856 2351 c.
876 2298 911 2351 26
936 2297 1112 2365 μειρακευου]
1132 2310 1229 2362 μειρα-

49 2394 51 2398 -
149 2377 243 2412 κινοου
259 2365 295 2417 id.
330 2366 390 2417 ibid.
409 2365 504 2431 κολιυῃ
523 2382 575 2416 rec.
594 2381 640 2430 pro
659 2358 771 2433 κελεύσῃ
807 2382 830 2417 c.
850 2369 884 2417 27
904 2361 1023 2432 χρηστός
1042 2363 1091 2416 καὶ
1110 2383 1162 2417 rec.
1181 2382 1230 2431 pro

149 2424 268 2496 χρηστός
281 2424 355 2498 ἀνὴρ
368 2429 417 2484 καί
446 2435 508 2487 a'bc'd.
522 2425 643 2499 τρόπους
657 2452 709 2490 rec.
725 2450 771 2500 pro
785 2427 884 2499 λόγους
908 2437 970 2491 ibid.
985 2430 1063 2502 ἀλλὰ]
1075 2425 1138 2485 ἀλλ’
1150 2435 1228 2484 Dind.

149 2518 173 2551 c.
189 2501 223 2552 28
240 2494 323 2558 αάτός
336 2494 370 2552 σὺ
382 2504 473 2569 scripsi
486 2519 543 2554 cum
556 2502 696 2554 Schubarto
708 2519 755 2569 pro
770 2496 837 2553 αὐτὸ
855 2495 889 2554 σθ
920 2506 980 2556 ibid.
994 2503 1044 2569 τῆς
1059 2498 1231 2568 Τιμοκλέους

148 2572 264 2619 revocavi
282 2585 328 2636 pro
345 2570 397 2636 τῆς
412 2571 463 2621 τοῦ
476 2572 540 2636 Τιμ.
579 2588 600 2622 c.
618 2571 652 2638 29
665 2563 760 2638 ἄλλον]
775 2576 935 2625 conieceram
952 2575 1088 2638 aliquando
1106 2564 1191 2622 λάλον
1205 2582 1230 2621 et

149 2639 209 2688 huic
227 2642 386 2690 coniecturae
404 2641 489 2690 album
504 2640 627 2691 calculum
646 2643 773 2690 adiecerat
782 2640 954 2723 ,Schpbartuag
970 2653 999 2723 aa
1012 2643 1071 2693 vide
1088 2657 1154 2691 nunc
1166 2643 1230 2690 Bur-

149 2708 650 2841 2115111132ιί11112.
664 2706 1230 2845 ιλίλιλλῖῑῗλλλλλὲίλλλθ

149 2839 230 2928 ἔχεις]
247 2838 320 2910 ἔχοις
338 2848 373 2900 id.
404 2847 465 2899 idid.
480 2838 549 2895 ἀλλὰ
567 2839 666 2911 οἶσθα]
685 2837 748 2894 ἀλλ’
765 2839 853 2897 οἶσθα
864 2849 899 2899 id,
937 2865 961 2902 c.
976 2849 1007 2901 31
1022 2839 1228 2912 ἀνεκάγχασας]

147 2907 323 2979 ανεκάχασας
340 2916 375 2966 id.
411 2915 472 2968 ibid.
492 2912 678 2981 κανθηλίους]
702 2910 751 2964 καλ
767 2915 941 2982 κανθηλίους
961 2919 1041 2969 ῦοίκλ.
1080 2935 1103 2969 c.
1121 2917 1156 2968 32
1175 2931 1229 2965 κω-
1273 2972 1274 2983 ρ

148 2975 241 3050 μῳδός
259 2999 309 3034 rec.
328 2999 374 3048 pro
396 2979 518 3048 κωμικός
552 2984 613 3035 ibid.
635 2975 755 3100 ν’μέτεῃα
775 3001 821 3050 pro
838 2977 956 3051 ὑμέτερα
990 2988 1049 3037 ibid.
1068 2977 1099 3038 όν
1116 2976 1230 3068 οόρανρῖ

148 3067 194 3116 pro
210 3041 334 3102 ἐνταῦθα
369 3069 393 3108 ο.
409 3051 443 3105 33
458 3040 630 3119 odtocprcc
664 3046 696 3110 ός
728 3066 788 3103 στιν
820 3074 843 3108 c.
858 3055 892 3106 34
905 3047 1027 3105 δυνατόν
1041 3070 1088 3120 pro
1104 3051 1229 3104 δυνατω-

147 3134 232 3169 πατον
270 3137 291 3171 c.
311 3119 345 3172 35
362 3111 527 3185 ἀνθράπων
548 3136 595 3186 pro
615 3121 672 3173 τόν
688 3111 852 3187 ἀνθροίπων
887 3140 909 3174 o.
929 3125 964 3177 36
981 3117 1071 3193 ἀλόγῳ
1089 3122 1166 3192 φορᾷ
1181 3139 1229 3189 pro

148 3180 236 3258 ἀλόγῳ
252 3187 286 3256 τῇ
302 3189 379 3259 φορᾷ
408 3207 431 3248 c.
445 3191 478 3243 37
492 3183 586 3255 ἄγοιεν
601 3206 648 3256 pro
660 3182 790 3255 ἀγάγοιιν
817 3208 840 3246 c.
853 3191 887 3244 38
902 3190 1057 3257 γινομένων
1071 3209 1117 3258 pro
1135 3207 1229 3258 γιγνο-

148 3253 248 3322 μένων.
265 3259 301 3310 ita
314 3268 339 3309 et
356 3260 421 3310 infra
438 3262 479 3311 bia
493 3251 626 3325 γινόμενα
639 3277 686 3326 pro
716 3251 849 3324 ιγνόμενα
877 3262 938 3315 aoid.
954 3259 984 3311 εί
992 3259 1035 3319 τίς
1049 3274 1093 3311 σοι
1107 3260 1146 3326 μὴ
1162 3253 1230 3311 ἀκο-

148 3325 268 3392 λουθοίη
291 3331 408 3380 revocavi
429 3345 474 3395 pro
498 3326 577 3393 ιίπερ
602 3341 647 3378 σοι
669 3275 716 3393 μό
731 3321 900 3396 ἀκολουθοίη
926 3322 1114 3397 (ἀκολουθοίη
1135 3329 1229 3394 Dind.)

151 3412 172 3446 c.
190 3395 223 3448 39
241 3388 360 3464 ποιητὴς
378 3388 491 3462 ἀριστος
510 3390 585 3448 εἶναι
603 3414 653 3449 rec.
669 3414 715 3463 pro
732 3388 843 3459 ἀριστος
861 3393 982 3465 ποιητὴς
999 3393 1132 3464 γενέσθαι
1164 3400 1229 3451 aoid.
