2575 3842
166 167 226 232 168
512 117 809 232 ‘AOPKIANOY

164 323 262 412 φασι,
285 324 367 408 πρός
387 326 448 413 τὴν
464 329 602 414 χορδήν·
635 330 731 415 ἕτερα
750 332 891 418 μὲνγὰρ
912 331 1046 416 ὁπούς,
1072 333 1167 416 ἕτερα

164 421 195 491 δ’
212 419 229 489 ό
246 421 377 510 ῥυθμός
390 428 487 509 λέγει.
518 430 551 492 οί
563 426 599 492 δὲ
614 423 769 513 εὔρυθμα
784 433 862 515 μέν,
884 428 923 496 τόι
939 429 1115 515 πράγματα
1129 429 1167 497 δὲ

163 521 348 606 μετάχρονα
369 516 391 606 η’
408 521 593 607 πρόχρονα,
617 519 689 591 οἷον
708 526 773 610 ἐγῶ
790 550 869 594 ποτε
886 525 969 595 ίδῶν
983 529 1164 614 μέμνημαι·

163 616 221 696 τὰς
236 615 300 704 γὰρ
316 615 399 697 Διός
413 618 515 704 γονάς
531 617 734 706 ὀρχούμενός
748 649 797 702 τις
810 626 865 692 καὶ
879 623 941 711 τὴν
954 633 1015 692 τοῦ
1029 626 1167 710 Κρόνου

163 724 387 803 τεκνοφαγίαν
404 731 606 804 παρωρχεῖτο
620 721 675 787 καὶ
688 717 747 798 τῶς
758 725 909 790 Θυέστου
930 723 1105 809 συμφορὰς
1119 728 1166 809 τῷ

164 809 266 904 ὁμοίφ
282 816 501 900 παρηγμένος.
525 817 579 882 καὶ
595 814 768 904 όίλλοςτὴν
779 822 932 905 Σεμέλην
942 816 1168 905 ὑποκρινόμε-

164 936 222 988 νος
241 913 451 997 βαλλομένην
471 920 518 1000 τῶ
536 923 691 1001 κεραυνῷ
705 912 767 1000 τὴν
782 917 941 1001 Γλαύκην
956 913 1039 1004 αὐτῇ
1061 920 1168 994 εἴκαζε

162 1009 441 1092 μεταγενεστέραν
457 1001 573 1076 οὖσαν.
607 1007 681 1078 ἀλλ’
702 1009 764 1078 ούκ
784 1009 850 1080 ύπό
864 1038 902 1096 γε
920 1018 987 1079 τῶν
1003 1011 1167 1078 τοιούτων

163 1102 333 1190 ὀρχηστῶν
345 1103 511 1193 ὀρχήσεως
521 1105 637 1195 αὐτῆς,
656 1107 762 1195 οἶμαι,
778 1113 1026 1196 καταγνωστέον
1038 1107 1116 1176 ούδέ
1127 1104 1166 1174 τό

163 1208 263 1287 ἔργον
274 1201 354 1270 αύτὸ
368 1207 538 1290 μισητέον,
559 1203 641 1274 α’λλόι
654 1205 732 1285 τούς
743 1210 820 1293 μέν,
838 1206 948 1292 ῶσπερ
964 1212 1063 1289 είσίν,
1079 1203 1168 1290 ἆμα-

162 1310 235 1377 θεῑς
254 1303 445 1386 νομιστέον,
474 1305 664 1370 ἐπαινετέον
686 1305 723 1370 δὲ
743 1302 821 1382 τούς
842 1304 991 1390 ἐννόμως
1009 1305 1064 1369 καὶ
1082 1296 1167 1368 κατὰ

162 1398 297 1487 ῥυθμόν
312 1408 369 1487 τῆς
384 1405 496 1486 τέχνης
511 1408 632 1481 ίκανῶς
646 1405 766 1470 ἕκαστα
783 1408 940 1489 δρῶντας.
962 1408 1011 1471 81.
1029 1399 1114 1479 όλως
1129 1402 1167 1466 δὲ

94 1519 144 1568 312
163 1494 223 1564 τόν
245 1495 407 1583 ὀρχηστὴν
429 1502 481 1565 δεῖ
494 1501 706 1584 πανταχόθεν
722 1498 994 1587 ἀπηκριβῶσθαι,
1016 1495 1060 1576 ῶς
1081 1495 1168 1564 εἶναι

163 1592 199 1660 τό
221 1601 289 1660 πῶν
312 1592 503 1680 εὔρυθμον,
528 1595 718 1682 εύμορφον,
740 1598 945 1683 σύμμετρον,
972 1593 1052 1662 αὐτό
1075 1592 1167 1682 αὑτῷ

162 1689 279 1773 ἐοικός,
296 1687 583 1778 ἀσυκοφάντητον,
602 1691 837 1779 ἀνεπίληπτον,
854 1698 1011 1781 μηδαμῶς
1026 1695 1167 1776 ἐλλιπές,

163 1791 198 1854 ἐκ
214 1793 281 1854 τῶν
298 1785 444 1872 ύρίστων
458 1793 681 1876 κεκραμένον,
696 1790 754 1870 τὰς
769 1792 969 1878 ἐνθυμήσεις
982 1787 1080 1874 ὀξύν,
1104 1787 1168 1874 τὴν

96 1897 99 1904 “
162 1890 315 1953 παιδείαν
335 1885 467 1972 βαθύν,
491 1886 549 1966 τὰς
573 1891 703 1966 ἐννοίας
723 1886 942 1974 ύνθρῶπινον
963 1887 1112 1974 μάλιστα.
1145 1884 1166 1954 ὁ

160 1989 246 2070 γοῦν
264 1988 398 2062 ἔπαινος
421 1982 510 2075 αύτῷ
531 1983 599 2052 τότ’
620 1982 663 2054 ῶν
677 1992 825 2072 γίγνοιτο
847 1982 978 2071 ἐντελὴς
995 1981 1084 2070 παρόι
1097 1991 1168 2050 τῶν

100 2159 106 2168 ἱ
160 2088 310 2165 θεατῶν,
332 2080 413 2150 ὅταν
430 2085 565 2161 ἕκαστος
580 2092 648 2150 τῶν
665 2082 823 2167 ὁρῶντων
836 2088 979 2170 γνωρίζῃ
992 2108 1031 2148 τα
1048 2080 1167 2164 αὑτοῦ,

161 2186 288 2265 μᾶλλον
299 2181 335 2247 δὲ
346 2177 456 2266 ῶσπερ
473 2184 509 2248 ἐν
524 2182 697 2271 κατόπτρῳ
709 2190 754 2270 τῷ
769 2179 911 2268 ὀρχηστῇ
926 2176 1046 2247 ἐαυτδν
1060 2181 1168 2265 βλέπη

161 2280 215 2344 καὶ
232 2275 253 2342 δι’
270 2276 408 2362 πύσχειν
424 2275 523 2354 αύτός
539 2279 593 2343 καὶ
613 2276 634 2343 δι’
651 2293 760 2345 ποιεῖν
777 2288 892 2346 είωθε·
920 2279 992 2345 τότε
1006 2276 1071 2364 γὰρ
1086 2275 1167 2344 οὐδὲ

160 2376 308 2457 κατέχειν
319 2371 456 2451 ἑαυτούς
468 2380 501 2442 οί
510 2373 685 2460 ἅνθρωποι
700 2374 755 2462 ὑφ’
768 2374 891 2462 ἡδονῆς
902 2377 1074 2460 δύνανται,
1089 2373 1164 2442 ἀλλ’

161 2468 283 2552 ἀθρόοι
297 2467 380 2554 πρός
397 2468 456 2538 τόν
474 2478 611 2539 ἔπαινον
629 2476 795 2559 ἐκχέονται
813 2473 871 2553 τόις
887 2482 944 2561 τῆς
962 2477 1083 2543 ἑαυτοῦ
1097 2487 1168 2555 ψυ-

161 2574 217 2652 χῆς
238 2567 374 2644 ἕκαστος
396 2569 526 2648 εἰκόνας
548 2568 691 2655 ὁρῶντες
712 2573 767 2639 καὶ
789 2570 912 2650 αὑτούς
932 2579 1164 2658 γνωρίζοντες·

160 2664 302 2750 α’τεχνῶς
323 2661 387 2748 γὰρ
404 2663 439 2731 τό
456 2665 629 2752 Δελφικόν
650 2671 755 2736 ἐκεῖνο
774 2667 810 2734 τό
829 2676 947 2738 Γνῶθι
963 2669 1107 2739 σεαυτόν
1128 2675 1166 2738 ἐκ

160 2770 216 2848 τῆς
235 2771 317 2839 θεας
339 2767 463 2849 ἐκείνης
486 2764 596 2844 αύτοῖς
617 2774 854 2852 περιγίγνεται·
887 2772 942 2836 καὶ
966 2768 1165 2855 ἀπέρχονται

160 2859 224 2928 ύπό
237 2867 297 2928 τοῦ
313 2860 460 2944 θεότρου
475 2860 497 2930 δι’
509 2890 544 2930 τε
557 2860 616 2949 χρὴ
627 2869 794 2948 αἱρεῖσθαι
807 2870 861 2934 καὶ
873 2862 896 2932 δι’
906 2867 1045 2953 φεύγειν
1058 2893 1160 2953 μεμα·
1181 2889 1184 2893 ·

156 2960 298 3045 θηκότες
309 2962 362 3027 καὶ
376 2956 397 3026 δι’
409 2959 572 3046 πρότερον
582 2959 733 3047 ἠγνόουν
746 2964 966 3049 διδαχθέντες,
987 2969 1037 3033 82.
1051 2971 1166 3050 γίγνε-

88 3064 140 3121 313
161 3086 212 3125 ται
227 3057 262 3124 δέ
280 3055 390 3142 ῶσπερ
409 3061 445 3124 ἐν
466 3059 592 3145 λόγοις,
617 3060 705 3128 οὕτω
724 3063 829 3129 δὲκαὶ
846 3057 1062 3148 ἐνόρχήσειὴ
1081 3060 1166 3147 πρός

159 3163 226 3222 τῶν
240 3162 373 3222 πολλῶν
390 3160 551 3242 λεγομένη
567 3164 742 3244 κακοζηλία
765 3155 1036 3244 ὑπερβαινόντων
1051 3156 1088 3226 τό
1104 3161 1164 3245 μέ-

159 3279 239 3338 τρον
256 3259 312 3337 τῆς
332 3253 499 3338 μιμήσεως
520 3257 575 3321 καὶ
596 3257 681 3338 πέρα
697 3262 757 3322 τοῦ
778 3258 908 3334 δέοντος
929 3259 1164 3325 ἐπιτεινόντων

157 3353 212 3420 καὶ
227 3355 256 3416 εί
269 3351 351 3433 μέγα
366 3376 397 3416 τι
412 3354 514 3430 δεῖξαι
529 3356 614 3438 δέοι,
632 3353 857 3440 ὑπερμέγεθες
869 3355 1162 3440 ἐπιδεικνυμένων,
