2575 3842
375 201 503 256 ΖΕΥΣ
525 199 813 259 ΤΡΑΓΩιΔΟΣ.
1036 200 1099 267 367

79 356 162 424 οἶδα
183 355 248 443 μάρ
271 355 428 434 οὕστινας
450 360 564 441 λέγεις.
593 354 667 424 ἀλλ’
691 359 801 425 ἐκεῖνό·
818 385 874 444 μοι
895 361 1045 448 φράσον,
1071 368 1101 431 εί

80 457 192 524 πάλαι
207 460 432 541 ξυμκροτεῖται
448 454 560 532 αύτοῖς
575 451 595 540 ἡ
613 461 691 540 ἔρις.

172 561 336 622 ΕΡΜΑΓ.
363 550 521 636 Οὐδέπω,
537 549 610 620 ἀλλ’
628 557 665 620 ἐν
678 551 933 640 ἀκροβολισμοῖς
949 559 994 621 ἔτι
1011 549 1099 641 ἦσαν

81 651 408 735 ἀποσφενδονῶντες
424 649 579 738 ἀλλήλοις
595 651 776 737 πόρρωθέν
796 662 905 718 ποθεν
922 654 1100 735 λοιδορού-

83 777 194 836 μενοι.

173 857 300 918 ΖΕΥΣ.
332 855 373 916 Τί
392 842 457 915 σύν
475 855 521 916 ἔτι
543 846 604 935 χρὴ
627 863 735 916 ποιεῖν
752 848 886 932 λοιπόν,
912 840 939 914 ά
960 853 1053 931 θεοί,
1077 844 1099 933 ἢ

83 946 278 1032 ἀκροᾶσθαι
301 948 525 1026 ἐπικύψαντας
541 945 669 1026 αύτῶν;
693 944 776 1013 ῶστε
794 943 1041 1031 ἀφαιρείτωσαν
1065 950 1102 1012 αῖ

79 1039 181 1130 Ὧραι
196 1043 255 1112 τόν
270 1042 394 1130 μοχλόν
409 1042 471 1131 ἤδη
483 1049 537 1113 καὶ
548 1042 738 1130 ἀπάγουσαι
754 1042 794 1110 τά
809 1047 894 1130 νέφη
910 1042 1098 1111 ἀναπεταν-

85 1145 245 1212 νύτωσαν
261 1144 319 1222 τὰς
340 1145 447 1221 πύλας
464 1152 525 1211 τοῦ
543 1143 703 1228 ούρανοῦ.
736 1147 787 1211 34.
800 1140 989 1226 Ἡράκλεις,
1015 1139 1098 1208 ὅσον

86 1238 122 1309 τό
135 1249 266 1328 πλῆθος
278 1245 330 1310 ἐπὶ
340 1240 402 1327 τὴν
413 1240 576 1324 ἀκρόασιν
587 1238 824 1327 ἀπηντήκασιν.
849 1238 866 1306 ὁ
883 1240 918 1306 δὲ
934 1246 1097 1325 Τιμοκλῆς
1115 1248 1167 1304 683

86 1335 189 1416 αύτδς
204 1337 245 1405 ού
266 1340 358 1406 πάνυ
373 1365 430 1425 μοι
450 1336 582 1425 ἀρέσκει
605 1337 804 1425 ὑποτρέμων
820 1340 875 1406 καὶ
896 1336 1098 1421 ταραττόμε-

86 1461 162 1514 νος·
190 1435 309 1505 ἀπολεῖ
322 1435 454 1506 ἀπαντα
477 1429 574 1514 οὗτος
595 1437 753 1522 τήμερον·
786 1442 885 1523 δῆλος
903 1443 989 1520 γοῦν
1008 1437 1097 1502 ἐστιν

87 1531 137 1603 ότι
153 1533 228 1601 οὐδ’
245 1533 455 1622 ἀντάρασθαι
469 1543 514 1624 τῷ
526 1533 652 1619 Δάμιδι
666 1536 904 1620 δυνησόμενος.
926 1529 1001 1600 ἀλλ’
1014 1530 1096 1616 ὅπερ

85 1626 166 1714 ἡμῖν
182 1632 346 1713 δυνατόν,
363 1630 537 1718 εὐχώμεθα
553 1629 635 1714 ὑπὲρ
654 1628 758 1699 αὐτοῦ
891 1717 898 1726 .

193 1735 269 1815 σιγῇ
285 1726 339 1812 ἐφ’
355 1729 496 1814 ἡμείων,
514 1733 570 1796 ἵνα
588 1731 631 1817 μὴ
648 1738 755 1818 Δᾶμίς
770 1758 807 1818 γε
823 1729 982 1816 πύθηται.

8 1899 9 1902 ¹
171 1827 221 1891 35.
243 1831 336 1892 ΤΙΜ.
363 1831 405 1894 Τί
417 1827 498 1912 φής,
517 1821 704 1911 ἀίερόσυλε
716 1836 823 1915 Δᾶμι,
839 1823 943 1904 θεούς
954 1823 998 1913 μὴ
1013 1824 1097 1894 εἶναι

8 1917 9 1920 “
88 1921 171 2006 μηδὲ
188 1937 345 2005 προνοεῖν
361 1919 570 2010 ἀνθρύπων;

173 2027 286 2088 ΔΑΜ.
301 2019 389 2088 Ούκ·
405 2018 489 2090 ἀλλά
501 2020 543 2089 σύ
555 2022 720 2109 πρότερον
730 2021 917 2110 ἀπόκριναί
923 2049 990 2110 μοι,
1003 2016 1096 2113 ᾧτινι

75 2115 176 2207 λόγῳ
193 2117 349 2203 ἐπείσθης
364 2117 449 2187 εἶναι
464 2117 595 2197 αύτούς.

175 2223 268 2284 ΤΙΜ.
295 2214 346 2283 Ού
360 2217 422 2304 μὲν
435 2211 515 2306 οὖν,
535 2215 618 2286 ἀλλά
634 2217 694 2297 σύ,
714 2211 740 2284 ῶ
756 2222 870 2305 μιαρέ,
888 2215 1074 2306 ἀπόκριναι.

170 2322 283 2383 ΛΑΜ.
310 2315 360 2384 οὐ
376 2321 437 2404 μεν
452 2310 530 2403 οὖν,
549 2313 633 2384 οιιὰ
651 2317 703 2383 σύ.

170 2421 296 2481 ΖΕΥΣ.
325 2419 426 2484 Ταυτὶ
441 2421 504 2503 μὲν
523 2411 613 2500 παρά
630 2412 717 2482 πολύ
739 2412 756 2481 ὁ
778 2412 935 2501 ἡμέτερος
957 2414 1096 2502 ἀμεινον

89 2513 140 2580 καὶ
156 2509 391 2600 εὐφωνότερον
402 2516 607 2602 τραχύνεται.
631 2506 671 2581 εύ
683 2539 732 2598 γε,
749 2506 776 2579 ἀ
793 2513 976 2600 Τιμόκλεις,
994 2517 1095 2600 ἐπίχει

89 2617 153 2674 τῶν
169 2617 404 2697 βλασφημιῶν·
427 2616 463 2680 ἐν
478 2610 542 2699 μάρ
555 2611 661 2702 τούτῳ
676 2633 729 2680 σοι
741 2610 778 2679 τό
794 2614 931 2699 κράτος,
948 2610 992 2691 ῶς
1005 2613 1046 2682 τά
1057 2639 1094 2700 γε

90 2705 169 2774 ἀλλα
184 2709 286 2792 ίχθύν
302 2730 339 2776 σε
354 2707 524 2797 ἀποφανεῖ
536 2714 760 2796 ἐπιστομίζων.

174 2814 267 2874 ΤΙΜ.
288 2804 394 2894 Ἀλλά,
410 2808 528 2897 μάτην
541 2807 699 2896 Ἀθηνᾶν,
716 2808 778 2876 ούκ
793 2805 837 2877 ἀν
848 2808 1094 2895 ἀποκριναίμην

90 2925 139 2971 σοι
154 2905 322 2991 πρότερος.
1110 2922 1162 2977 684

169 3012 281 3072 ΔΑΜ.
303 3002 440 3092 Οὐκοῦν
453 3007 570 3091 ἐρύτα,
587 2995 620 3073 τό
629 3004 819 3090 Τιμόκλεις·
837 3006 1018 3092 ἐκράτησας
1029 3005 1093 3095 γάρ

89 3101 183 3169 τούτό
191 3128 230 3188 γε
242 3100 438 3189 ὀμωμοκῶς·
454 3103 527 3172 ἀλλ’
539 3103 622 3173 ἀνευ
631 3112 699 3172 τῶν
707 3112 939 3192 βλασφημιων,
952 3112 982 3174 εί
992 3110 1090 3174 δοκεῖ.

166 3205 216 3269 36.
244 3207 339 3270 ΤΙΜ.
362 3194 414 3268 Εύ
429 3206 548 3287 λέγεις·
572 3205 641 3272 εἰπὲ
659 3196 723 3271 οὖν
734 3230 808 3291 μοι,
826 3201 868 3272 ού
879 3207 1017 3272 δοκούσί
1026 3224 1091 3290 σοι,

8 3313 9 3320 ’
90 3291 114 3364 τό
128 3300 305 3386 κατάρατε,
322 3315 481 3383 προνοεῖν
499 3307 533 3370 οί
547 3310 626 3370 θεοί
630 3333 640 3383 ;

168 3404 280 3465 ΔΑΜ.
306 3395 479 3486 Οὐδαμῶς.
