2575 3842
342 193 588 252 ΑΛΗοονΣ
607 163 847 253 ιΣνονιΑΣ
866 199 900 255 Β.
1082 193 1122 258 67

115 355 163 427 τίς
181 351 287 432 ἐστιν,
306 347 348 434 ῆν
363 357 501 418 καλοῦσι
517 356 706 433 Καρεῶτιν·
735 354 789 418 καὶ
802 359 942 436 πλησίον
957 355 1031 422 ναοὶ
1048 353 1122 438 δύο,
1183 358 1186 363 ’

111 445 253 531 Ἀπάτης
269 449 324 514 καὶ
337 445 524 531 Ἀληθείας·
547 452 632 514 ἔνθα
649 449 703 514 καὶ
717 444 753 512 τό
769 446 893 514 άδντόν
909 452 997 517 ἐστιν
1010 448 1123 528 αὐτοῖς

115 548 169 613 καὶ
186 541 223 610 τό
239 559 412 628 μαντεῖον,
434 537 477 610 οὗ
494 544 703 629 προειστήκει
717 547 941 630 προφητεύων
958 546 1122 632 Ἀντιφῶν

114 640 211 708 ὁτοίν
222 639 364 730 ὀνείρων
374 639 566 726 ὑποκριτής,
577 641 698 726 ταύτης
707 640 795 725 παρά
807 640 1001 710 τοῦὝπνου
1011 641 1121 727 λαχων

115 747 171 823 τῆς
193 746 298 823 τιμῆς.
330 743 380 806 34.
409 735 520 804 αὐτῶν
536 741 650 822 μέντοι
672 745 740 804 τῶν
762 736 903 823 ὀνείρων
922 738 998 806 ούτε
1020 742 1122 824 φύσις

115 833 191 902 οὐτε
208 829 279 901 ίδέα
296 833 315 918 ῆ
334 833 427 918 αὐτῆ.
451 832 524 902 ἀλλ’
544 836 651 920 οἱμὲν
664 843 787 921 μακροί
799 862 834 902 τε
847 829 935 921 ἦσαν
949 840 1121 922 καὶμαλα-

114 935 167 1000 κοὶ
181 935 235 1000 καὶ
253 934 348 1000 καλοὶ
369 935 423 998 καὶ
444 929 595 1016 εὐειδεῖς,
620 937 653 1000 οἱ
667 931 702 1000 δὲ
719 935 854 1018 σκληροὶ
868 935 922 1000 καὶ
938 936 1049 1019 μικροὶ
1067 935 1122 999 καὶ

10 1040 13 1064 ”
115 1027 280 1114 άμορφοι,
301 1031 354 1097 καὶ
371 1034 404 1096 οί
415 1031 477 1114 μὲν
494 1029 644 1112 χρύσεοι,
670 1027 713 1106 ως
729 1030 887 1113 ἐδόκουν,
909 1035 943 1097 ολ
956 1032 991 1096 δὲ
1009 1055 1122 1096 ταπει-

10 1187 13 1216 ,
113 1132 169 1192 νοί
180 1152 215 1192 τε
232 1128 287 1192 καὶ
302 1123 452 1202 εὐτελεῖς.
473 1119 560 1210 ῆσαν
575 1122 606 1191 δ’
620 1127 657 1192 ἐν
668 1123 779 1203 αὐτοῖς
795 1128 849 1193 καὶ
865 1134 1027 1211 πτερωτοί
1034 1153 1120 1204 τινες
1140 1138 1190 1192 130

114 1225 169 1289 καὶ
183 1222 394 1306 τερατώδεις,
416 1224 470 1288 καὶ
485 1221 578 1289 ἄλλοι
594 1223 747 1305 καθάπερ
766 1223 799 1300 ἐς
814 1222 950 1308 πομπῆν
968 1227 1120 1290 διεσκευ-

115 1320 269 1403 ασμένοι,
293 1323 327 1386 οί
338 1318 400 1403 μὲν
422 1321 454 1396 ἐς
474 1321 644 1404 βασιλέας,
670 1324 704 1386 ολ
722 1319 758 1386 δέ
778 1323 811 1398 ἐς
827 1321 946 1406 θεούς,
967 1326 1002 1389 oc
1021 1325 1056 1390 δὲ
1074 1329 1120 1400 είς

113 1415 197 1482 άλλα
212 1423 347 1482 τοιαῦτα
359 1417 606 1501 κεκοσμημένοι.
624 1415 768 1494 πολλοὺς
779 1420 814 1484 δὲ
827 1416 1002 1486 αὐτῶνκαὶ
1014 1422 1120 1504 ἐγνω-

113 1518 253 1598 ρίσαμεν
265 1512 366 1579 πάλαι
376 1511 456 1595 παρ’
469 1511 548 1597 ῆμῖν
561 1512 755 1598 ἑωρακότες,
768 1512 851 1598 οΐδῆ
864 1517 917 1580 καὶ
929 1516 1119 1602 προσῄεσαν

114 1612 167 1677 καὶ
175 1607 359 1696 ῆσπάζοντο
372 1607 415 1686 ὡς
427 1605 470 1675 όν
482 1611 535 1676 καὶ
548 1609 709 1694 συνήθεις
720 1608 934 1695 ὑπάρχοντες,
945 1613 1000 1678 καὶ
1010 1636 1119 1698 παρα-

115 1707 273 1793 λαβόντες
291 1703 446 1792 ἡμᾶςκαὶ
461 1713 752 1792 κατακοιμίσαντες
777 1710 866 1774 πάνυ
887 1716 1044 1793 λαμπρῶς
1064 1712 1119 1776 καὶ

116 1808 228 1882 δεξιῶς
249 1804 407 1888 ἐξένιζον,
432 1804 493 1887 τῆν
514 1829 548 1870 τε
570 1802 675 1888 άλλην
696 1802 865 1890 ὑποδοχῆν
886 1809 1117 1891 μεγαλοπρεπῆ

10 1901 11 1914 ’
113 1900 419 1980 κατασκευάσαντες
439 1905 494 1970 καὶ
515 1901 775 1988 ὑπισχνούμενοι
794 1908 948 1990 βασιλέας
967 1931 1002 1972 τε
1019 1907 1117 1991 ποιῆ-

112 2021 185 2068 σειν
205 2003 261 2067 καὶ
280 2001 456 2085 σατράπας.
491 2008 573 2070 ένιοι
600 2002 636 2068 δὲ
658 2004 714 2070 καὶ
734 1999 864 2087 ἀπῆγον
883 2001 969 2088 ῆμᾶς
995 2011 1040 2082 είς
1059 2004 1118 2082 τὰς

113 2101 272 2182 πατρίδας
289 2100 344 2165 καὶ
363 2097 440 2176 τούς
458 2106 598 2176 οίκείους
619 2101 833 2165 ἐπεδείκνυον
849 2102 902 2164 καὶ
920 2097 1118 2184 αὐθημερόν

111 2201 289 2282 ἐπανῆγον.
311 2201 361 2264 35.
377 2193 572 2283 ῆμέραςμὲν
583 2189 647 2264 οὐν
658 2195 833 2278 τριάκοντα
845 2197 899 2262 καὶ
911 2205 984 2273 ίσας
995 2196 1118 2273 νύκτας

112 2293 192 2379 παρ’
217 2291 328 2372 αὐτοῖς
355 2297 529 2379 ἐμείναμεν
554 2296 778 2374 καθεύδοντες
801 2297 855 2364 καὶ
882 2293 1114 2380 εὐωχούμενοι.

19 2415 22 2442 2
61 2431 63 2437 v
111 2399 222 2460 ἔπειτα
237 2391 336 2477 άφνω
347 2400 490 2479 βροντῆς
504 2393 648 2478 μεγάλης
662 2401 921 2479 καταρραγείσης
932 2391 1115 2479 άνεγρόμε-

110 2517 164 2558 νοι
176 2493 230 2558 καὶ
242 2488 469 2576 ἀναθορόντες
481 2489 674 2576 άνῆχθημεν
686 2492 953 2577 ἐπισιτισάμενοι.
977 2505 1116 2579 τριταῖοι

110 2587 140 2655 δ’
165 2591 298 2657 ἐκεῖθεν
318 2595 357 2676 τῆ
376 2586 514 2677 Ὠγυγίη
534 2590 626 2678 νῆσφ
648 2589 869 2676 προσσχόντες
890 2594 1113 2677 ἐπιβαίνομεν.

109 2686 276 2773 πρότερον
292 2685 323 2752 δ’
343 2685 408 2772 ἐγω
428 2687 531 2766 λύσας
547 2686 608 2774 τῆν
631 2686 807 2773 ἐπιστολῆν
827 2686 1053 2773 άνεγίνωσκον
1074 2685 1114 2752 τά

108 2787 330 2872 γεγραμμένα.
351 2777 394 2870 ῆν
406 2787 441 2852 δὲ
452 2787 578 2853 τοιάδε·
601 2783 798 2872 ,,’οδυσσεύς
810 2793 967 2866 Καλυψοῖ
977 2793 1112 2872 χαίρειν.

108 2883 196 2952 ’Ἰσθι
211 2908 269 2969 με,
289 2879 332 2960 ὡς
346 2880 386 2949 τά
402 2889 514 2967 πρῶτα
530 2885 707 2963 ἐξέπλευσα
723 2881 812 2967 παρά
829 2891 891 2950 σοῦ
906 2881 967 2968 τῆν
982 2886 1115 2966 σχεδίαν

108 2980 456 3066 κατασκευασάμενος,
467 2989 610 3071 ναυαγία
621 2982 831 3068 χρησάμενον
842 2980 937 3065 μόλις
948 2978 1013 3045 ὑπό
1025 2987 1114 3047 Λευ·
1203 2977 1206 2980 ’

107 3083 231 3157 κοθέας
252 3083 461 3164 διασωθῆναι
483 3086 529 3157 είς
548 3077 609 3166 τῆν
629 3087 696 3146 τῶν
716 3079 875 3146 Φαιάκων
896 3079 1023 3164 χώραν,
1050 3075 1112 3164 ὑφ’

108 3170 156 3244 οἷν
171 3183 204 3255 ἐς
220 3175 282 3262 τῆν
296 3182 421 3244 οἰκείαν
436 3173 668 3264 ἀποπεμφθεὶς
689 3175 880 3263 κατέλαβον
892 3174 1036 3254 πολλοὺς
1055 3184 1112 3263 τῆς
1132 3196 1174 3250 13]

106 3273 267 3360 γυναικός
282 3284 470 3362 μνηστῆρας
482 3279 519 3344 έν
532 3292 599 3355 τοῖς
610 3275 778 3362 ἡμετέροις
793 3281 1004 3360 τρυφῶντας·
1027 3273 1112 3343 ἀπο-

10 3371 11 3386 *
106 3382 236 3453 κτείνας
253 3374 289 3441 δὲ
304 3372 453 3453 ἅπαντας
467 3373 532 3442 ὑπὸ
548 3376 739 3462 Τηλεγόνου
750 3371 892 3457 ὕστερον
902 3377 1017 3525 τοὸῦ*έκ
1029 3384 1113 3461 Κίρ-
