2575 3842
312 196 533 257 ΟΝΕΙΡΟΣ
549 202 577 253 Η
593 197 911 257 ΑΛΕΚΤΡΤΩΝ.
1053 191 1115 258 377

271 485 520 553 ΟΝΕΙΡΟΣ
544 488 580 542 H
600 482 954 550 ΑΛΕΚΤΡΥΩΝ.
1133 487 1185 544 702

193 652 221 714 1.
246 652 500 713 ΜΙΚῬΛΛΟΣ.
527 638 624 709 Ἀλλά
646 645 699 725 σε’,
719 642 853 710 κάκιστε
870 639 1116 729 ἀλεκτρυύν,ὁ

101 739 193 819 Ζεύς
220 737 321 818 αύτός
341 745 520 824 ἐπιτρίψειε
543 735 720 824 φθονερόν
744 736 833 806 ούτω
859 744 913 810 καὶ
938 739 1118 826 ὀξύφωνον

8 909 9 920 2
103 837 205 923 ὄντα,
231 835 268 916 ὅς
294 863 334 923 με
360 845 571 905 πλουτοῦντα
589 838 643 903 καὶ
665 833 788 926 ἡδίστῳ
808 835 953 921 ὀνείρατι
966 836 1118 919 Ὶξυνόντα

8 931 9 938 ¹
103 939 162 1004 καὶ
177 933 377 1021 θαυμαστὴν
396 933 612 1020 εὐδαιμονίαν
633 931 898 1020 εὐδαιμονοῦντα
916 935 1072 1026 διάτορόν
1086 963 1117 1004 τι

104 1036 163 1102 καὶ
177 1029 325 1119 γεγωνὸς
335 1029 524 1120 ἀναβοήσας
535 1031 721 1118 ἐπήγειρας,
738 1031 781 1110 ὡς
792 1036 875 1119 μηδὲ
886 1035 1019 1119 νύκτωρ
1032 1041 1117 1121 γοῦν

104 1129 170 1216 τὴν
185 1127 273 1198 πολύ
287 1136 350 1197 σοῦ
373 1135 582 1216 μιαρωτέραν
601 1135 721 1196 πενίαν
735 1131 943 1216 διαφύγοιμι.
966 1138 1072 1200 καίτοι
1089 1141 1123 1199 εί
1179 1143 1183 1146 ’

105 1254 145 1315 γε
161 1224 223 1314 χρὴ
237 1233 473 1314 τεκμαίρεσθαι
487 1235 527 1316 τῇ
540 1253 575 1294 τε
589 1224 710 1314 ἡσυχίᾳ
725 1235 832 1316 πολλῇ
847 1234 894 1296 ἔτι
907 1227 992 1318 ούση
1005 1233 1061 1297 καὶ
1071 1235 1117 1318 τῷ
1134 1246 1186 1301 703

105 1327 204 1412 κρύει
216 1328 352 1412 μηδέπω
365 1352 405 1411 με
418 1323 455 1393 τό
470 1323 614 1411 ὄρθριον
627 1321 739 1408 ὥσπερ
752 1334 874 1392 ελωθεν
888 1323 1118 1411 ἀποπηγνύντι

108 1465 147 1474 -
158 1423 303 1509 γνάμων
313 1420 377 1509 γάρ
393 1415 491 1502 ούτος
502 1420 746 1504 ἀψευδέστατός
757 1449 815 1507 μοι
824 1425 1117 1509 προσελαυνούσης

108 1519 286 1608 ἡμέρας-
302 1518 433 1588 ούδέπω
448 1523 545 1608 μέσαι
562 1519 681 1598 νύκτες
698 1525 800 1606 εἰσίν,
822 1518 839 1588 ὁ
856 1520 893 1588 δὲ
913 1519 1042 1598 ἄϋπνος
1056 1513 1117 1587 ού-

111 1643 164 1694 τος
175 1617 285 1702 ὥσπερ
297 1616 333 1685 τό
345 1625 495 1704 χρυσοῦν
505 1621 612 1687 έκεῖνο
622 1619 747 1686 κύδιον
757 1618 937 1703 φυλάττων
947 1617 1008 1704 ἀφ’
1021 1620 1117 1686 ἑσπέ-

111 1740 170 1795 ρας
183 1713 288 1793 εύδύς
303 1714 366 1801 ἤδη
381 1720 560 1802 κέκραγεν,
575 1713 648 1782 ἀλλ’
669 1716 742 1783 ούτι
751 1726 877 1802 χαίρων
891 1743 944 1803 γε·
965 1713 1117 1801 ἀμυνοῦ-

108 1836 168 1896 μαι
181 1809 247 1896 γάρ
261 1808 375 1897 ἀμέλει
389 1835 442 1898 σε,
457 1808 502 1898 ἦν
517 1813 624 1898 μόνον
638 1809 745 1898 ἡμέρα
759 1817 910 1899 γένηται,
928 1818 1116 1898 συντρίβων

109 1915 149 1996 τῇ
168 1915 347 1998 βακτηρίᾳ,
370 1917 435 1976 νῦν
455 1911 520 1996 γάρ
539 1935 596 1995 μοι
611 1910 788 1995 πράγματα
804 1913 955 1994 παρέξεις
970 1935 1117 1995 μεταπη-

111 2010 180 2072 δῶν
195 2008 232 2072 ἐν
246 2012 292 2095 τῷ
306 2006 425 2098 σκότῳ.

193 2113 481 2176 ΑΛΕΚΤΡΤΩΝ.
503 2114 658 2174 Μίκυλλε
671 2110 824 2190 δέσποτα,
841 2103 936 2195 ᾤμην
950 2131 980 2172 τι
993 2118 1116 2189 χαριεῖ-

111 2210 195 2272 σθαί
209 2223 262 2272 σοι
278 2205 526 2293 προλαμβάνων
541 2212 598 2289 τῆς
609 2201 731 2280 νυκτός
742 2201 869 2270 ὁπόσον
883 2199 927 2268 ἀν
940 2206 1116 2287 δυναίμην,

112 2299 155 2380 ὡς
169 2308 254 2387 ἔχοις
277 2303 567 2390 ἐπορθρευόμενος
584 2299 703 2369 ἀνύειν
721 2298 761 2366 τά
779 2298 885 2367 πολλὰ
907 2307 975 2368 τῦν
995 2303 1115 2384 ἔργων·

109 2397 153 2486 ἢν
169 2408 254 2485 γοῦν
269 2405 349 2488 πρὶν
363 2401 461 2488 ἥλιον
475 2399 624 2486 ἀνίσχειν
638 2406 719 2484 μίαν
733 2401 877 2483 κρηπῖδα
894 2396 1034 2484 έργάση,
1051 2392 1116 2481 πρὸ
1135 2406 1187 2461 704

112 2493 195 2566 ὁδοῦ
214 2504 272 2585 έση
287 2506 385 2568 τοῦτο
402 2504 434 2578 ές
451 2497 491 2567 τά
507 2498 630 2585 άλφιτα
646 2496 853 2582 πεπονηκός.
882 2501 913 2563 εί
933 2497 971 2562 δέ
983 2515 1037 2561 σοι
1057 2521 1118 2560 κα-

112 2597 249 2664 θεύδειν
262 2597 373 2684 ἥδιον,
394 2596 459 2685 έγά
475 2601 536 2684 μὲν
550 2595 762 2683 ἡσυχάσομαί
780 2615 833 2662 σοι
849 2598 905 2663 καὶ
921 2590 1008 2662 πολύ
1022 2591 1117 2678 ἀφω-

112 2694 245 2780 νότερος
267 2700 382 2780 έσομαι
401 2695 630 2781 τῦνίχθύων,
656 2691 699 2761 σύ
721 2696 758 2761 δέ
781 2691 844 2780 ὅρα
860 2691 950 2770 ὅπως
966 2690 1010 2777 μη
1033 2691 1117 2774 ὄναρ

113 2798 267 2859 πλουτοῦν
284 2793 445 2881 λιμύττης
461 2791 692 2878 ἀνεγρόμενος.

195 2896 224 2958 2.
240 2897 338 2958 ΜΙΚ.
357 2883 396 2957 Ὠ
407 2897 474 2958 Ζεῦ
485 2890 633 2974 τεράστιε
644 2893 699 2957 καὶ
707 2887 881 2974 Ἡράκλεις
891 2885 1072 2971 ἀλεξίκακε,
1088 2894 1121 2954 τί

113 2987 147 3056 τό
159 2985 265 3056 κακόν
276 2985 367 3055 τοῦτ’
382 2992 489 3070 έστίνς
506 2987 731 3075 ἀνθρωπικῶς
742 2987 902 3072 ἐλάλησεν
913 2983 1114 3070 ἀλεκτρυών.

195 3094 327 3156 ΑΛΕΚ.
347 3086 429 3155 Εἶτά
447 3107 500 3156 σοι
516 3090 612 3172 τέρας
630 3085 715 3154 εἶναι
737 3090 829 3152 δοκεῖ
840 3085 876 3152 τὸ
892 3092 1063 3170 τοιοῦτον,
1089 3090 1120 3152 εί

113 3185 289 3273 ὁμόφωνος
304 3185 384 3273 ὑμῖν
400 3194 483 3273 είμις

7 3299 8 3304 ’
195 3294 296 3355 ΜΙΚ.
317 3294 395 3365 Πῶς
405 3285 470 3373 γάρ
483 3284 525 3353 ού
535 3290 646 3373 τέρας;
665 3281 738 3355 ἀλλ’
751 3281 977 3370 ἀποτρέποιτε,
992 3275 1116 3369 ύθεοί,

7 3451 8 3472 χ
115 3381 148 3450 τό
165 3383 278 3452 δεινόν
293 3383 357 3470 ἀφ’
370 3385 473 3471 ἡμῶν.
