2575 3842
173 194 215 258 24
525 199 826 256 AOTKIANOY

174 359 351 434 βλέποντες
363 349 401 422 εὖ
413 365 556 442 χρῆσθαι
571 369 638 432 τοῖς
650 359 687 422 έν
703 362 788 423 ποσί.
812 363 861 425 43.
876 360 932 425 καὶ
941 356 1003 442 τήν
1013 357 1075 442 μὲν
1085 356 1175 440 γνά-

173 481 240 540 μην
255 456 412 538 τοιαύτην
424 461 507 540 ἔχων
518 451 763 537 ὁ-συγγραφεύς
774 451 879 539 ἡκέτω
892 481 965 540 μοι,
980 480 1041 540 την
1055 458 1091 520 δε
1103 478 1178 537 φω-
1245 517 1263 538 ‚
1282 528 1284 541 μ

173 550 237 639 νήν
252 555 306 620 καὶ
320 551 382 638 τήν
392 559 449 636 τῆς
461 555 633 638 ἑρμηνείας
650 549 762 634 ἰσχύν,
779 549 841 634 τήν
854 553 915 636 μέν
926 547 1081 636 σφοδράν
1091 552 1177 615 ἐκεί-

64 731 66 734 .
170 679 235 739 νην
253 655 307 718 καὶ
322 652 489 738 κάρχαρον
501 653 554 717 καὶ
568 656 689 734 συνεχῆ
702 663 771 726 ταῖς
781 649 946 732 περιόδοις
957 652 1012 717 καὶ
1025 649 1177 734 ἀγκύλην

171 765 242 828 ταῖς
259 751 477 835 ἐπιχειρήσεσι
491 753 544 815 καὶ
557 745 617 832 τήν
635 746 740 830 ἀλλην
750 754 808 832 της
819 750 990 833 ῥητορείας
1004 745 1176 830 δεινότητα

171 850 215 936 μή
234 854 353 936 κομιδή
370 849 573 934 τεθηγμένος
588 847 741 929 ἀρχέσθω
758 853 815 929 τῆς
830 854 977 931 γραφῆς,
994 842 1068 911 ἀλλ’
1085 848 1174 926 είρητ

173 945 355 1029 νικάτερον
372 949 585 1028 διακείμενος.
614 944 669 1008 καὶ
686 939 702 1008 ὁ
721 943 781 1027 μὲν
802 949 882 1019 νοῦς
902 942 1073 1025 σύστοιχος
1093 945 1178 1006 ἔστω

173 1044 227 1109 καὶ
242 1041 385 1125 πυκνός,
403 1037 422 1126 ή
439 1043 522 1117 λέξις
533 1039 569 1104 δὲ
580 1035 689 1122 σαφής
702 1040 755 1104 καὶ
766 1038 934 1122 πολιτική,
950 1041 1005 1103 οἵα
1016 1035 1178 1120 ἐπισημό-

172 1168 252 1209 τατα
269 1146 395 1226 δηλοῦν
412 1137 448 1206 τό
464 1137 695 1224 ὑποκείμενον.
722 1143 773 1204 44.
791 1134 834 1215 ὡς
847 1133 912 1221 γάρ
928 1144 967 1223 τή
981 1134 1097 1220 γνύμη
1115 1138 1179 1199 τοῦ

174 1241 392 1324 συγγραφέως
415 1233 560 1312 σκοπούς
588 1233 784 1319 ὑπεθέμεθα
808 1240 996 1318 παρρησίαν
1017 1233 1071 1298 καὶ
1092 1227 1178 1314 ἀλή-

172 1346 288 1420 θειαν,
305 1334 393 1402 οὕτω
409 1336 444 1401 δὲ
462 1337 516 1401 καὶ
528 1341 568 1419 τῇ
582 1339 680 1418 φωνῇ
696 1329 801 1398 αύτοῦ
812 1328 857 1408 εἷς
872 1328 994 1407 σκοπός
1005 1327 1023 1395 ὁ
1035 1335 1177 1413 πρῶτος,

123 1453 159 1509 5Ῑ
176 1441 290 1519 σαφοῦς
302 1440 446 1519 δηλῶσαι
457 1433 512 1499 καὶ
523 1433 693 1515 φανότατα
702 1434 879 1516 ἐμφανίσαι
892 1428 928 1497 τὸ
940 1436 1085 1514 πρᾶγμα,
1095 1426 1178 1511 μήτε

174 1530 373 1618 ἀπορρήτοις
393 1534 447 1598 καί
468 1535 529 1610 ἔξω
546 1532 654 1597 πάτου
670 1528 811 1616 ὀνόμασι
832 1530 912 1615 μήτε
927 1544 994 1606 τοῖς
1008 1527 1179 1612 ἀγοραίοις

173 1631 302 1706 τούτοις
317 1630 369 1695 καὶ
387 1636 595 1713 καπηλικοῖς,
614 1625 688 1695 ἀλλ’
709 1625 752 1704 ὡς
763 1629 826 1712 μὲν
840 1626 918 1706 τούς
934 1622 1078 1702 πολλούς
1092 1645 1179 1690 συν-

174 1741 274 1808 εῖναι,
295 1723 373 1803 τούς
393 1727 429 1791 δὲ
451 1729 735 1810 πεπαιδευμένους
751 1728 929 1792 ἐπαινέσαι.
962 1725 1016 1792 καὶ
1036 1721 1103 1808 μήν
1122 1723 1180 1788 καὶ

173 1823 315 1908 σχήμασι
332 1823 551 1908 κεκοσμήσθω
573 1820 775 1906 ἀνεπαχθέσι
792 1824 847 1889 καὶ
863 1820 899 1888 τό
918 1819 1179 1905 ἀνεπιτήδευτον

144 1993 147 1999 .
172 1923 313 2006 μάλιστα
333 1926 482 2005 ἔχουσιν·
514 1923 583 1988 ἐπεὶ
606 1934 673 1998 τοῖς
694 1921 951 2006 κατηρτυμένοις
972 1925 1040 1985 τῶν
1061 1923 1179 2002 ζωμῶν

172 2017 320 2095 ἐοικότας
335 2016 513 2103 ἀποφαίνει
531 2015 609 2096 τούς
630 2018 759 2102 λόγους.
792 2022 842 2084 45.
869 2017 924 2084 καὶ
944 2013 965 2102 ή
982 2018 1044 2101 μὲν
1060 2014 1178 2099 γνύμη

171 2124 372 2185 κοινωνείτω
384 2120 438 2186 καὶ
449 2123 693 2202 προσαπτέσθω
705 2145 735 2185 τι
747 2121 800 2186 καὶ
812 2125 992 2204 ποιητικῆς,
1004 2114 1083 2201 παρ’
1094 2113 1179 2182 ὅσον

171 2215 399 2300 μεγαληγόρος
413 2219 467 2284 καὶ
483 2221 641 2303 διηρμένη
653 2219 707 2282 καὶ
723 2218 848 2302 ἐκείνη,
869 2219 923 2283 καὶ
937 2214 1077 2302 μάλισθ’
1093 2212 1179 2281 ὁπό-

169 2339 231 2378 ταν
246 2314 445 2395 παρατάξεσι
460 2317 514 2380 καδ
529 2315 646 2399 μάχαις
661 2317 715 2381 καλ
726 2321 921 2400 ναυμαχίαις
934 2316 1178 2400 συμπλέκηται·

170 2409 280 2494 δεήσει
297 2407 361 2492 γάρ
378 2408 452 2476 τότε
474 2420 648 2498 ποιητικοῦ
664 2438 753 2491 τινος
773 2410 898 2498 ἀνέμου
918 2411 1178 2497 ἐπουριάσοντος

170 2505 209 2573 τά
226 2506 344 2575 ἀκάτια
359 2510 413 2576 καὶ
429 2514 676 2589 συνδιοίσοντος
692 2509 826 2596 ὑψηλήν
839 2513 894 2578 καὶ
908 2509 960 2578 ἐπ’
980 2509 1094 2594 ἀκρων
1109 2514 1179 2574 τῶν

123 2619 157 2674 58
171 2606 330 2691 κυμάτων
346 2605 408 2693 τήν
422 2616 518 2679 ναῦν.
551 2609 572 2696 ἡ
590 2614 675 2690 λέξις
694 2610 729 2677 δὲ
748 2608 837 2694 ὅμως
851 2611 903 2676 ἐπὶ
920 2616 981 2694 γῆς
999 2609 1178 2694 βεβηκέτω,

170 2710 216 2793 τῷ
232 2705 293 2789 μὲν
310 2707 422 2775 κάλλει
441 2711 496 2776 καὶ
510 2717 555 2796 τῷ
573 2711 708 2795 μεγέθει
724 2714 791 2774 τῶν
809 2709 999 2792 λεγομένων
1015 2725 1178 2772 συνεπαι-

170 2806 292 2888 ρομένη
305 2807 359 2873 καὶ
371 2803 414 2883 ὡς
425 2812 474 2874 ένι
486 2808 627 2893 μάλιστα
639 2805 851 2892 ὁμοιουμένη,
867 2810 1037 2882 ξενίζουσα
1049 2804 1085 2869 δὲ
1096 2799 1178 2886 μηδ’

169 2899 253 2988 ὑπὲρ
268 2899 327 2970 τόν
347 2903 466 2990 καιρόν
489 2909 717 2974 ἐνθουσιῶσα·
744 2907 901 2979 κίνδυνος
920 2900 984 2987 γάρ
1003 2898 1086 2988 αὐτῇ
1102 2900 1178 2966 τότε

170 3005 320 3086 μέγιστος
338 3012 560 3090 παρακινῆσαι
572 3007 627 3072 καὶ
641 3007 881 3086 κατενεχθῆναι
896 3002 928 3078 ές
942 2997 1001 3066 τόν
1011 3006 1068 3084 τῆς
1078 3023 1177 3082 ποιη-

169 3106 260 3183 τικῆς
275 3102 482 3186 κορύβαντα,
506 3101 589 3170 όόστε
605 3102 747 3188 μάλιστα
764 3101 915 3167 πειστέον
931 3107 1112 3185 τηνικαῦτα
1128 3105 1176 3186 τῷ

168 3204 291 3286 χαλινῷ
309 3201 362 3265 καὶ
377 3203 631 3286 σωφρονητέον,
655 3199 783 3276 εἰδότας
798 3195 841 3275 ὡς
858 3203 1043 3282 ἱπποτυφία
1059 3223 1108 3274 τις
1120 3199 1177 3263 καὶ

171 3295 207 3359 ἑν
222 3293 334 3378 λόγοις
353 3297 464 3374 πάθος
484 3295 525 3365 ού
545 3295 667 3384 μικρόν
681 3304 838 3384 γίγνεται.
872 3294 1010 3381 ἀμεινον
1033 3287 1099 3361 οῦν
1119 3290 1176 3378 ἐφ’

168 3392 274 3456 ἵππου
291 3388 455 3482 ὀχουμένη
469 3394 543 3462 τότε
553 3403 592 3483 τή
606 3396 723 3483 γνύμη
733 3392 796 3481 τήν
807 3397 984 3479 ἑρμηνείαν
998 3399 1077 3481 πεζή
1088 3411 1177 3477 συμ-
