2575 3842
187 212 249 277 140
539 216 845 273 ΛΟΥΚΙΑΝΟΤ

186 376 300 459 πομπή
317 379 378 439 τοῦ
400 380 526 457 μισθοῦ
546 376 601 440 καλ
622 378 662 459 τῇ
682 374 849 459 ἐπιγραφῇ
868 380 929 439 τοῦ
953 377 1086 459 βιβλίον
1107 368 1192 448 πρὸς

187 475 267 554 μίαν
287 466 448 554 ἐριότησιν
465 510 503 521 -
524 462 568 555 ήν
591 470 627 537 δὲ
647 468 749 554 αὕτη·
781 470 862 535 πότε
882 466 1043 536 ἁλώσεται
1062 492 1191 551 μαγγα-

187 566 298 633 νεύων
310 564 536 650 Ἀλέξανδρος;
551 607 594 618 -
608 563 695 632 ὀπτά
706 590 763 649 μοι
774 562 941 649 χρησμούς
955 570 1100 649 ἔπεμψεν
1115 559 1191 628 ούτε

187 670 248 748 γῆς
262 682 366 746 φασιν
388 663 466 730 ούτε
487 662 635 749 ούρανοῦ
656 658 877 745 ἁπτομένους,
903 659 1065 746 ἀνοήτους
1081 659 1117 726 δὲ
1137 659 1192 724 καί

188 760 393 845 δυσνοήτους
408 759 566 839 ἅπαντας.
596 758 681 844 άπερ
697 757 839 841 ὕστερον
859 760 1059 844 αἰσθόμενος
1073 760 1128 825 καὶ
1142 754 1193 824 ὅτι

187 856 246 926 τόν
256 855 500 925 Ῥουτιλλιανόν
515 856 701 943 άπέτρεπον
717 854 780 941 ἐγω
795 860 850 922 καὶ
865 863 925 922 τοῦ
939 858 1049 943 γάμον
1063 860 1192 925 καὶτοῦ

188 965 407 1038 προσκεῖσθαι
423 970 493 1034 ταῖς
507 966 568 1024 τοῦ
581 963 782 1042 χρηστηρίου
796 957 941 1039 ἐλπίσιν,
957 941 1075 1039 ἐμίσει,
1093 952 1137 1032 ὡς
1154 950 1190 1021 τό

190 1051 292 1137 εἰκός,
308 1054 362 1119 καλ
379 1058 534 1138 ἔχθιστον
547 1051 669 1140 ἡγεῖτο,
699 1058 756 1119 καί
768 1076 846 1117 ποτε
856 1054 934 1135 περὶ
950 1054 1032 1137 ἐμοῦ
1047 1052 1192 1139 ἐρομένῳ

189 1155 234 1237 τῷ
244 1145 474 1241 Ῥουτιλλιανῷ
490 1158 571 1237 ἔφη·

232 1249 481 1326 Νυκτιπλάνοις
496 1246 610 1333 ὀάροις
624 1254 729 1333 χαίρει
743 1253 866 1324 κοίταις
882 1272 917 1314 τε
932 1245 1119 1331 δυσάγνοις.

120 1353 172 1407 259
191 1348 241 1409 55.
254 1344 309 1408 καί
321 1341 406 1421 όλως
416 1351 565 1430 ἔχθιστος
577 1348 710 1421 εἰκότως
721 1336 765 1430 ήυ
776 1344 849 1428 ἐγώ.
861 1341 1000 1429 κάπειδή
1012 1342 1194 1410 ἐσελθόντα

190 1464 230 1523 με
244 1441 278 1515 ἐς
289 1436 352 1523 τήν
361 1442 461 1507 πόλιν
468 1439 592 1528 ᾔσθετο
602 1444 657 1507 καὶ
666 1447 792 1525 ἔμαθεν
803 1438 847 1518 ὡς
857 1443 980 1518 ἐκεῖνος
993 1450 1064 1525 είην
1074 1437 1091 1504 δ
1102 1446 1175 1505 Λον
1191 1478 1194 1483 -

190 1536 304 1613 κιανός
315 1576 357 1585 -
368 1538 538 1622 ἐπηγόμην
551 1540 587 1605 δὲ
603 1541 657 1605 καί
675 1559 874 1622 στρατιιιτας
889 1539 967 1622 δύο,
984 1536 1194 1622 λογχοφόρον

191 1635 245 1700 καί
259 1633 485 1719 κοντοφόρον,
500 1634 589 1720 παρὰ
601 1642 661 1702 τοῦ
675 1633 866 1721 ἡγουμένου
877 1642 934 1720 τῆς
945 1638 1193 1714 Καππαδοκίας,

192 1738 294 1815 φίλου
309 1729 414 1817 όντος,
430 1732 555 1819 λαβάν,
572 1732 617 1811 ὥς
626 1760 669 1819 με
682 1738 936 1821 παραπέμψειαν
946 1732 1021 1819 άχρι
1037 1730 1120 1815 πρὸς
1133 1729 1195 1815 τήν

191 1828 363 1895 θάλατταν
372 1868 416 1881 —-
427 1828 544 1898 αὐτίκα
555 1836 802 1916 μεταστέλλεται
817 1836 929 1911 δεξιῶς
943 1832 1033 1897 πάνυ
1048 1833 1103 1897 καί
1113 1825 1194 1913 μετά

192 1932 314 2009 πολλῆς
328 1929 588 2014 φιλοφροσύνης.
611 1926 723 1997 ἐλθών
738 1926 768 1995 δ’
787 1927 852 2013 ἐγώ
869 1926 1013 2006 πολλούς
1027 1934 1196 2008 καταλαμ-

192 2026 286 2113 βάνω
300 2029 375 2107 περὶ
389 2026 508 2094 αὐτόν·
530 2030 769 2115 συνεπηγόμην
785 2029 822 2095 δέ
837 2031 891 2095 καί
906 2025 983 2104 τούς
998 2024 1197 2109 στρατιώτας

191 2123 274 2211 τύχη
295 2126 359 2190 τινὶ
379 2121 503 2213 άγαθήζ
531 2129 586 2194 καλ
610 2124 629 2194 ὁ
651 2128 713 2211 μὲν
735 2124 913 2210 προῦτεινέ
930 2148 986 2208 μοι
1009 2123 1109 2189 κύσαι
1136 2120 1197 2205 τήν

191 2222 320 2305 δεξιάν,
344 2219 455 2306 ὥσπερ
472 2223 585 2292 είάθει
597 2238 666 2301 τοῖς
680 2232 830 2309 πολλοῖς,
854 2221 918 2308 ἐγώ
934 2224 970 2291 δέ
984 2218 1138 2306 προσφὺς
1153 2216 1197 2294 ὡς

191 2317 342 2403 φιλήσων
359 2318 500 2405 δήγματι
514 2327 642 2408 χρηστῷ
658 2322 749 2389 πάνυ
764 2329 886 2407 μικροῦ
901 2328 972 2389 δεῖν
985 2318 1095 2406 χωλήν
1107 2314 1196 2405 αύτῷ

190 2412 252 2496 τήν
271 2428 363 2498 χεῖρα
380 2418 527 2502 ἐποίησα.
560 2422 594 2484 οί
612 2419 675 2501 μὲν
689 2412 752 2486 ούν
771 2421 934 2503 παρόντες
950 2419 1063 2505 άγχειν
1081 2442 1120 2501 με
1142 2414 1196 2481 καὶ

191 2517 302 2578 παίειν
317 2514 495 2597 ἐπειρῶντο
518 2514 562 2593 ὡς
580 2516 772 2603 ίερόσυλον,
798 2518 1032 2603 καὶπρότερον
1054 2522 1099 2583 ἐτι
1114 2511 1197 2597 άγα-

192 2609 416 2696 νακτήσαντες
433 2610 483 2678 ότι
497 2610 714 2697 Ἀλέξανδρον
731 2613 852 2699 αύτόν,
872 2613 955 2684 άλλό
967 2613 1010 2700 μή
1022 2610 1198 2698 προφήτην

194 2721 388 2790 προσεῖπον
420 2706 437 2774 ὁ
462 2712 499 2777 δέ
521 2710 613 2777 πάνυ
632 2720 794 2794 γεννικῶς
814 2706 1018 2799 καρτερήσας
1034 2713 1200 2778 κατέπαυέ

193 2832 228 2873 τε
243 2803 365 2884 αύτούς
381 2810 436 2874 καί
451 2805 640 2893 ὑπισχνεῖτο
657 2809 799 2876 τιθασόν
812 2836 852 2897 με
874 2814 995 2899 ῥᾳδίως
1011 2805 1199 2891 άποφανεῖυ

193 2909 248 2973 καί
272 2908 391 2984 δείξειν
416 2902 478 2992 τήν
498 2906 677 2983 Γλύκωνος
695 2904 833 2994 ἀρετήν,
862 2907 912 2974 ότι
932 2909 987 2974 καὶ
1009 2903 1087 2982 τούς
1108 2902 1198 2969 πάνυ

194 3007 460 3089 τραχυνομένους
471 3010 589 3089 φίλους
600 3002 830 3089 ἀπεργάζεται·
848 3009 903 3073 καί
915 3000 1200 3090 μεταστησάμενος

195 3099 343 3179 ἅπαντας
359 3104 611 3187 ἐδικαιολογεῖτο
625 3104 710 3186 πρός
724 3130 764 3187 με
781 3106 888 3188 λέγων
901 3102 993 3169 πάνυ
1008 3102 1130 3167 είδέναι
1145 3099 1201 3164 καὶ

125 3218 178 3272 260
195 3196 235 3265 τά
252 3196 310 3265 ὑπ’
327 3201 409 3283 ἐμοῦ
424 3197 656 3289 Ῥουτιλλιανῷ
672 3202 983 3288 συμβουλευόμενα,
1007 3199 1062 3265 καὶ
1080 3202 1121 3263 Τί
1136 3220 1201 3261 πα-

194 3293 271 3362 θόιν
282 3295 360 3361 τάδε
371 3321 411 3380 με
427 3298 569 3381 εἰργάσω
584 3298 771 3385 δυνάμενος
786 3296 847 3365 ὑπ’
862 3302 944 3382 ἐμοῦ
959 3299 1010 3364 ἐπί
1022 3298 1105 3380 μέγα
1115 3317 1201 3377 προ-

196 3399 339 3476 αχθήναι
361 3390 440 3472 παρ’
459 3391 566 3483 οὕτως
596 3394 686 3481 κάγώ
709 3395 851 3480 άσμενος
872 3393 934 3480 ήδη
961 3393 1119 3478 ἐδεχόμην
1138 3390 1201 3476 τήν
