2575 3842
164 165 227 228 214
508 167 830 246 [Λοναικνον]

163 330 349 410 λικρατίδας
363 322 445 392 κατά
464 333 548 392 νοῦν
563 323 809 410 ἀπεθαύμαζεν.
839 332 906 393 ἔστι
923 324 955 394 δ’
975 326 1168 414 ἀμφίθυρος

163 420 180 488 ό
192 420 275 499 νειὸς
290 436 356 499 τοῖς
367 425 505 489 θέλουσι
517 425 570 490 καὶ
587 420 669 488 κατά
684 423 794 489 νώτου
804 420 867 507 τήν
877 421 962 491 θεὸν
975 428 1059 491 ἰδεῖν
1070 423 1168 511 α’κρι-

163 527 244 605 βῶς,
259 524 314 585 ἵνα
330 519 433 604 μηδὲν
448 518 548 605 αὐτῆς
564 519 783 603 ἀθαύμαστον
793 513 825 608 ή.
854 517 897 586 δι’
915 518 1090 606 εῦμαρείας
1104 516 1168 589 οῦν

163 619 229 683 ἐστι
246 624 286 704 τῇ
301 619 394 705 ἑτέρᾳ
410 619 498 704 πύλῃ
519 624 726 700 παρελθοῦσι
743 615 803 702 τήν
821 615 964 684 όπισθεν
980 616 1168 703 εὐμορφίαν

163 718 351 798 διαθρῆσαι.
382 720 430 782 14.
450 717 552 794 δόξαν
573 708 637 782 οῦν
657 712 741 799 όλην
760 712 822 799 τήν
838 712 923 780 θεὸν
943 720 1042 799 ι’δεῖν,
1069 722 1115 792 είς
1129 715 1166 782 τῦ
1193 797 1197 804 .

163 810 302 878 κατόπιν
314 817 373 878 τοῦ
388 819 494 896 σηκοῦ
506 813 739 897 περιήλθομεν.
765 809 821 878 εἶτ’
833 809 1020 896 ἀνοιγείσης
1031 818 1088 895 τῆς
1098 814 1168 879 θύ-

164 936 223 994 ρας
243 906 309 975 ῦπδ
332 916 392 976 τοῦ
413 912 676 994 κλειδοφόλακος
697 912 1000 994 ἐμπεπιστευμένον
1023 916 1167 994 γυναίου

164 1007 295 1092 θάμβος
310 1011 479 1090 αἰφνίδιον
497 1005 581 1093 ἡμᾶς
596 1004 659 1090 εἶχε
673 1016 734 1073 τοῦ
748 1009 901 1085 κάλλους.
929 1004 946 1073 ὁ
963 1015 1048 1091 γοῦν
1066 1004 1166 1090 Ἀθη-

164 1119 255 1181 ναῖος
275 1102 383 1192 ἡσυχῇ
401 1102 467 1192 1πρό
492 1113 614 1190 μικροῦ
629 1106 762 1189 βλέπων
783 1106 851 1171 ἐπεὶ
871 1101 910 1169 τά
928 1103 1062 1170 παιδικά
1084 1108 1166 1189 μέρη

163 1210 219 1288 τής
239 1209 324 1268 θεοῦ
346 1202 592 1286 κατώπτευσεν,
619 1201 754 1286 ἀθρόως
776 1199 862 1269 πολῦ
883 1209 943 1268 τοῦ
964 1206 1167 1286 Χαρικλέους

164 1301 404 1385 ἐμμανέστερον
419 1298 618 1384 ἀνεβόησεν,
629 1297 817 1383 Ἡράκλεις,
833 1297 894 1383 ὅση
910 1301 971 1383 μὲν
986 1305 1053 1364 τῶν
1067 1325 1167 1384 μετα-

163 1398 298 1481 φρένων
311 1395 493 1480 εὐρυθμία,
506 1403 575 1473 ποῦς
586 1393 616 1461 δ’
631 1393 833 1481 ἀμφιλαφεῖς
844 1400 880 1462 αι’
889 1396 1043 1481 λαγόνες,
1059 1393 1167 1480 ἀγκά-

163 1502 262 1577 λισμα
277 1495 506 1576 χειροπληθές·
533 1491 575 1569 ὡς
587 1491 617 1559 δ’
635 1490 874 1578 εὐπερίγραφοι
888 1501 956 1558 τῶν
970 1499 1121 1577 γλουτῶν
1132 1495 1169 1556 αι’

164 1591 549 1678 σάρκεςβπικυρτοῦνται
567 1587 641 1674 μήτ’
660 1588 746 1675 ἀγαν
761 1592 901 1666 ἐλλιπεῖς
914 1588 1026 1667 αὐτοῖς
1040 1587 1166 1664 ὀστέοις

163 1689 443 1769 προσεσταλμέναι
458 1687 538 1771 μήτε
557 1692 602 1764 είς
619 1684 807 1771 ὑπέρογκον
821 1687 1033 1770 έκκεχνμέναι
1049 1684 1166 1769 πιότη·

162 1808 210 1850 τα.
244 1788 311 1848 τῶν
332 1781 367 1848 δὲ
390 1796 457 1860 τοῖς
477 1789 591 1868 ἰσχίοις
612 1786 924 1869 ένεσφραγισμένων
949 1784 981 1860 ἐξ
1003 1782 1165 1865 ἑκατέρων

96 1899 146 1952 413
164 1877 280 1945 τόπων
296 1874 357 1943 οὐκ
372 1872 416 1944 ἀν
430 1889 515 1946 εῖποι
532 1906 579 1957 τις
602 1877 646 1956 ὡς
660 1875 774 1964 ήδῦςὸ
792 1879 911 1962 γέλως·
939 1885 1048 1962 μηροῦ
1063 1903 1097 1942 τε
1112 1878 1163 1943 καλ

163 1976 291 2061 κνήμης
319 1972 370 2040 ἐπ’
398 1973 485 2045 εῦθῦ
510 1981 687 2064 τεταμένης
712 1973 787 2059 ἀχρι
817 1972 920 2052 ποδός
944 1972 1164 2061 ήκριβιομένοι

162 2076 296 2160 ῥυθμοί.
336 2081 486 2152 τοιοῦτος
511 2074 575 2160 όίρα
597 2074 796 2157 Γανυμήδης
824 2074 859 2138 ἐν
892 2069 1025 2159 οὐρανῷ
1046 2072 1104 2139 Διλ
1128 2067 1163 2136 τό

163 2175 281 2256 νέκταρ
302 2170 399 2257 ήδιου
420 2176 520 2259 ἐγχεῖ·
552 2170 640 2255 παρά
664 2173 724 2256 μὲν
744 2168 809 2256 γάρ
828 2170 931 2258 Ἥβης
953 2168 1014 2236 οὐκ
1034 2165 1078 2236 ἀν
1101 2167 1165 2254 ε’γά

164 2273 424 2354 διακονουμένης
442 2269 545 2338 ποτὸν
562 2270 730 2354 ἐδεξάμην.
754 2271 974 2346 ἐνθεαστικώς
988 2274 1090 2334 ταῦτα
1105 2274 1167 2333 τοῦ

165 2370 428 2446 Καλλικρατίδου
454 2372 600 2452 βοῶντος
625 2363 643 2432 ὁ
669 2374 835 2452 Χαρικλῆς
858 2364 924 2433 ὑπὸ
951 2373 1011 2432 τοῦ
1035 2364 1167 2448 σφόδρα

162 2465 318 2548 θάμβους
332 2459 447 2548 ὀλίγον
471 2469 541 2530 δεῖν
565 2463 720 2549 ἐπεπήγει
740 2465 881 2549 τακερόν
902 2492 932 2530 τι
957 2467 1011 2530 καὶ
1031 2465 1109 2550 ῥέον
1129 2465 1166 2528 έν

163 2576 230 2640 τοῖς
245 2560 365 2647 ὄμμασι
379 2562 489 2639 πάθος
503 2559 726 2646 ἀνυγραίνων.
755 2567 804 2630 15.
821 2565 890 2629 ἐπεὶ
905 2562 940 2628 δὲ
954 2568 1015 2627 τοῦ
1028 2561 1167 2645 θαυμά-

164 2667 230 2740 ζειν
243 2657 261 2726 ὁ
278 2659 377 2745 κόρος
391 2656 476 2743 ἡμᾶς
487 2656 689 2744 ἀπήλλαξεν,
705 2662 757 2726 ἐπὶ
767 2662 914 2745 θατέρου
925 2666 1034 2744 μηροῦ
1046 2667 1165 2726 σπίλον

165 2762 297 2843 εἴδομεν
313 2754 423 2840 ὥσπερ
440 2759 476 2824 έν
497 2760 611 2843 ἐσθῆτι
634 2762 766 2844 κηλῖδα·
799 2756 913 2844 ἤλεγχε
929 2756 961 2824 δ’
982 2755 1087 2824 αὐτοῦ
1104 2756 1165 2843 τήν

164 2854 333 2941 ἀμορφίαν
353 2852 373 2939 ἡ
390 2857 463 2937 περὶ
484 2849 586 2924 τᾶλλα
600 2864 656 2942 τῆς
673 2863 773 2924 λίθου
792 2855 988 2942 λαμπρότης.
1022 2853 1085 2940 έγῦ
1104 2859 1164 2941 μὲν

164 2947 227 3020 οὖν
243 2961 371 3039 πιθανή
385 2950 527 3037 τάληθές
549 2960 675 3042 εἰκασία
695 2955 845 3035 τοπάζων
866 2955 970 3039 φῦσιν
991 2952 1085 3042 ςόμην
1105 2963 1166 3021 τοῦ

164 3058 265 3120 λίθου
276 3049 312 3116 τό
325 3051 531 3136 βλεπόμενον
542 3049 640 3117 εἶναι·
656 3048 839 3136 πάθοςγάρ
851 3047 928 3117 οὐδὲ
937 3051 1065 3117 τούτων
1076 3057 1167 3120 ἔστιν

163 3155 239 3233 ἔξω,
261 3147 366 3215 πολλά
383 3149 417 3215 δὲ
432 3163 499 3226 τοῖς
519 3147 591 3216 κατ’
610 3148 715 3233 ἀκρον
735 3147 819 3215 εἶναι
839 3153 1037 3235 δυναμένοις
1054 3158 1167 3227 καλοῖς

164 3245 183 3332 ἡ
198 3247 278 3330 τύχη
294 3249 533 3329 παρεμποδιζει.
557 3249 717 3332 μέλαιναν
728 3239 790 3313 οῦν
803 3249 1005 3313 ἐσπιλῶσθαι
1017 3249 1166 3334 φυσικήν

163 3370 238 3410 τινα
261 3346 378 3427 κηλῖδα
397 3347 540 3427 νομίζων
562 3347 615 3412 καὶ
635 3343 718 3412 κατά
745 3353 841 3412 τοῦτο
863 3350 923 3410 τοῦ
946 3348 1167 3428 Πραξιτέλους
