2575 3842
170 179 232 242 180
529 177 832 238 AOYKIANOY

169 345 216 407 ἔτι
234 337 421 407 ὑποδέδυκε
437 341 491 406 καὶ
514 337 616 423 μεστή
632 357 686 404 σοι
706 334 820 403 αὐτῶν
835 333 856 422 ἡ
875 335 1010 422 γαστήρ.
1039 332 1182 418 ἀμεινον

170 439 222 520 δέ,
244 442 275 504 εί
289 439 343 503 καὶ
358 436 449 504 κάτω
464 434 700 520 διαχωρήσειεν
712 429 757 500 ἀν
773 439 860 500 ἔνια·
884 429 904 520 ή
918 439 1004 518 γοῦν
1018 439 1182 516 σιληπορ-

171 538 225 601 δία
239 534 345 619 μέγαν
359 531 420 600 τόν
437 534 551 618 ψόφον
566 533 739 618 ἐργάσεται
754 537 1007 598 συνεκπεσοῦσα
1021 525 1103 615 μετὰ
1117 531 1180 591 τοῦ
1287 615 1288 620 ¹

169 630 369 716 πνεύματος.
400 627 474 699 ἀλλ’
490 629 554 716 ήδη
568 629 631 715 μὲν
641 627 792 714 καθαρός
807 624 922 695 οὑτοσὶ
931 625 1019 712 πλήν
1034 634 1068 693 ελ
1074 651 1106 689 τι
1120 647 1180 708 με·
1286 700 1287 719 ρ

170 730 314 815 μένηκεν
325 726 512 796 ὑπόλοιπον
526 731 564 794 ἐν
577 740 646 805 τοῖς
658 727 749 794 κάτω
760 727 914 811 ἐντέροις.
938 721 982 792 σύ
996 724 1032 790 δὲ
1046 717 1083 788 τό
1097 715 1180 805 μετὰ
1286 722 1287 747 ³

170 834 270 893 τοῦτο
295 823 501 913 παραλαβῶν
521 822 640 910 αὐτόν,
668 817 858 910 ῶΛυκῑνε,
884 824 1102 909 μεταπαίδευε
1126 820 1182 885 καὶ

172 929 306 993 δίδασκε
323 921 419 1011 ἀχρή
435 926 553 1009 λέγειν.

255 1029 306 1089 22.
328 1029 429 1090 AYK.
455 1019 556 1090 Οὕτω
570 1020 770 1106 ποιήσομεν,
787 1012 813 1086 ῶ
828 1018 984 1101 Σῶπολι,
1004 1015 1182 1100 ἐπειδήπερ

171 1117 252 1206 ήμῖν
262 1124 530 1206 προωδοποίηται
541 1118 582 1186 τά
593 1116 684 1202 παρὰ
694 1124 759 1184 σοῦ
767 1142 773 1156 ·
791 1117 846 1184 καὶ
856 1113 940 1201 πρός
950 1116 988 1183 σὲ
998 1111 1036 1181 τό
1048 1110 1180 1193 λοιπόν,

173 1211 200 1284 ῶ
213 1221 411 1304 Λεξίφανες,
427 1246 449 1304 η
461 1217 645 1305 συμβουλή.
668 1225 761 1299 είπερ
773 1213 829 1301 ἀρ’
845 1217 971 1292 ἐθέλεις
986 1211 1031 1292 ῶς
1044 1211 1182 1298 ἀληθῶς

102 1335 152 1391 347
174 1317 383 1384 ἐπαινεῖσθαι
399 1319 451 1385 ἐπὶ
462 1318 575 1402 λόγοις
588 1313 654 1383 κάν
666 1328 734 1393 τοῖς
743 1314 910 1401 πλήθεσιν
921 1309 1125 1396 εὐδοκιμεῖν,
1140 1304 1182 1375 τά

173 1413 235 1497 μὲν
249 1420 385 1479 τοιαῦτα
400 1413 510 1480 πάντα
531 1419 636 1499 φεῦγε
650 1415 706 1480 καὶ
720 1411 927 1497 ἀποτρέπου,
948 1407 1132 1495 ἀρξάμενος
1145 1407 1183 1472 δέ

172 1508 237 1577 άπό
259 1517 326 1576 τῶν
343 1508 487 1595 ἀρίστων
502 1517 650 1594 ποιητῶν
671 1512 726 1578 καὶ
742 1506 810 1577 ὑπό
830 1509 1041 1587 διδασκάλοις
1060 1502 1184 1583 αὐτοὺς

173 1604 342 1691 ἀναγνοὺς
358 1610 469 1691 μέτιθι
484 1609 537 1674 ἐπὶ
553 1607 631 1686 τοὺς
649 1609 792 1695 ῥήτορας
808 1611 863 1675 καὶ
878 1613 918 1695 τῇ
934 1609 1071 1675 ἐκείνων
1085 1609 1184 1691 φωνή

174 1707 375 1788 συντραφεὶς
390 1707 441 1771 ἐπὶ
462 1702 502 1772 τά
519 1709 734 1773 Θουκυδίδου
750 1708 806 1773 καλ
821 1705 1003 1782 Πλάτωνος
1022 1705 1059 1770 ἐν
1075 1708 1182 1789 καιρῷ

173 1805 285 1888 μέτιθι
299 1801 405 1872 πολλὰ
420 1807 476 1872 καὶ
490 1811 529 1894 τῇ
544 1812 628 1893 καλή
642 1809 800 1894 κωμῳδίᾳ
814 1808 869 1873 καὶ
881 1811 923 1890 τῇ
938 1809 1042 1890 σεμνή
1053 1827 1179 1889 τραγιμ

174 1903 228 1988 δίρι
241 1902 564 1988 ἐγγεγυμνασμένος·
587 1900 677 1987 παρὰ
688 1901 755 1988 γὰρ
764 1902 895 1970 τούτων
908 1900 1040 1969 ἅπαντα
1050 1897 1090 1967 τά
1101 1901 1178 1967 κάλα

173 2006 268 2065 λιστα
280 1995 555 2086 ἀπανθισάμενος
571 2005 629 2086 έση
644 2026 693 2077 τις
706 2003 743 2066 έν
758 2000 887 2085 λόγοις·
917 1997 962 2078 ῶς
975 2005 1040 2066 νῶν
1054 2024 1094 2084 γε
1111 2000 1181 2066 ἕλε·

173 2094 290 2180 λήθεις
306 2093 431 2163 σαυτόν
444 2110 512 2174 τοῖς
526 2093 593 2163 ὑπὸ
604 2103 673 2162 τῶν
684 2097 911 2177 κοροπλάθων
925 2104 971 2175 είς
981 2095 1042 2182 τήν
1054 2093 1184 2181 ἀγορὰν

174 2197 410 2280 πλαττομένοις
426 2187 804 2280 έοικῶς,’κεχρωσμένος
821 2195 882 2279 μὲν
897 2202 938 2283 τῇ
953 2201 1055 2283 μίλτῳ
1069 2195 1184 2282 καὶτῷ

173 2300 303 2381 κυανῷ,
330 2290 367 2359 τό
392 2291 424 2360 δ’
447 2298 590 2360 ένδοθεν
610 2291 751 2378 πήλινός
771 2317 808 2358 τε
831 2293 886 2359 καὶ
912 2291 1101 2378 εὔθρυπτος
1124 2291 1182 2360 ῶν.

173 2395 225 2456 23.
244 2387 304 2455 ἐὰν
318 2397 421 2456 ταῦτα
438 2399 534 2478 ποιής
554 2387 639 2475 πρὸς
656 2386 770 2473 ὀλίγον
784 2386 844 2456 τόν
864 2392 917 2457 ἐπὶ
931 2397 971 2478 τῇ
985 2389 1185 2478 ἀπαιδευσία

174 2494 308 2571 ἔλεγχον
317 2483 499 2572 ὑπομείνας
508 2491 562 2556 καὶ
572 2485 616 2573 μή
630 2491 796 2566 αἰδεσθεὶς
804 2489 1085 2575 μεταμανθάνων,
1093 2499 1185 2574 θαρ-

173 2589 244 2668 ρῶν
259 2580 427 2668 ὁμιλήσεις
444 2598 512 2664 τοῖς
526 2584 670 2670 πλήθεσι
685 2587 740 2652 καί
763 2583 805 2652 οὐ
821 2588 1099 2674 καταγελασθήσῃ
1116 2585 1185 2654 ῶσ-

174 2705 236 2767 περ
251 2688 318 2747 νῦν
339 2677 418 2748 οὐδὲ
438 2678 493 2748 διά
507 2682 670 2769 στόματος
685 2686 738 2750 ε’πί
752 2691 800 2773 τῷ
818 2692 943 2772 χείρονι
956 2700 1025 2766 τοῖς
1037 2683 1185 2771 ἀρίστοις

173 2785 249 2866 έσή,
267 2777 410 2865 Ἕλληνα
432 2785 488 2849 καλ
510 2779 658 2850 Ἀττικδν
679 2779 943 2850 ἀποκαλούντων
965 2804 1003 2852 σε
1022 2780 1083 2851 τόν
1100 2786 1184 2870 μηδὲ

174 2879 355 2965 βαρβάρων
371 2882 408 2946 έν
426 2894 494 2959 τοῖς
508 2883 727 2967 σαφεστάτοις
743 2876 963 2966 ἀριθμεῖσθαι
984 2880 1086 2962 ἀξιον.
1116 2880 1183 2968 πρὸ

102 2995 156 3050 348
175 2979 312 3045 πάντων
327 2980 363 3046 δὲ
378 2981 484 3046 έκεῖνο
500 2980 647 3067 μέμνησό
658 3004 731 3065 μοι,
746 2976 791 3065 μή
803 2991 977 3066 μιμεῖσθαι
989 2989 1056 3048 τῶν
1068 2978 1185 3068 ὀλίγον

175 3074 238 3160 πρὸ
250 3073 346 3161 ἡμῶν
355 3081 548 3163 γενομένων
559 3084 729 3163 σοφιστῶν
739 3075 778 3145 τά
792 3081 984 3164 φαυλότατα
994 3082 1077 3168 μηδὲ
1088 3105 1184 3167 περι-

175 3179 302 3239 εσθίειν
325 3176 435 3243 ἐκεῖνα
452 3173 563 3261 ῶσπερ
580 3183 661 3261 νῦν,
685 3173 769 3243 ἀλλά
789 3174 830 3244 τά
847 3171 1065 3264 μέν’τοιαῶτα
1081 3205 1185 3247 κατα-

174 3283 307 3354 πατεῖν,
324 3277 445 3357 ζηλοῦν
461 3277 497 3340 δὲ
512 3273 552 3341 τά
567 3271 686 3360 ἀρχαῖα
700 3281 769 3340 τῶν
786 3279 1073 3364 παραδειγμάτων.
1100 3279 1186 3364 μηδέ

175 3387 211 3432 σε
226 3370 437 3452 θελγέτωσαν
452 3375 487 3437 αί
506 3369 676 3456 ἀνεμῶναι
692 3379 761 3440 τῶν
775 3376 905 3461 λόγων,
926 3374 1011 3446 ἀλλά
1026 3376 1109 3444 κατά
1122 3375 1185 3444 τόν
