2575 3842
537 175 844 282 Αοευιικιιον

319 469 660 538 ΑΛΗΘΟΥΣ
690 474 1053 543 ΙΣΤΟΡΙΑΣ

452 619 618 673 ΛοΓοε
643 624 916 676 ΔΕυυΕΡοΣ.

266 756 294 818 1.
322 747 460 817 ΤόδΗ
441 751 506 818 απὸ
522 753 646 820 τούτου
664 757 778 839 μηκέτι
797 761 910 846 φέρων
931 758 996 844 ἐγώ
1013 758 1073 846 τήν
1089 763 1126 828 ἐν
1141 767 1189 850 τῷ

180 850 271 936 κήτει
287 852 417 916 δίαιταν
437 847 627 934 ἀχθόμενός
641 876 677 917 τε
692 861 732 941 τῇ
745 862 832 942 μονή
850 856 1002 942 μηχανήν
1022 884 1096 924 τινα
1116 828 1189 944 ἐζή-
1282 846 1283 851 ¹

180 973 280 1029 τουν,
305 937 393 1012 δι’
370 973 410 1032 ης
430 942 474 1013 ἀν
493 951 642 1027 ἐξελθεῖν
660 951 807 1033 γένοιτο·
839 952 948 1020 καὶ
914 980 951 1020 το
974 955 1036 1039 μέν
1055 963 1189 1040 πρῶτον

183 1049 297 1124 ἔδοξεν
312 1040 392 1129 ἡμῖν
410 1045 581 1130 διορύξασι
602 1044 685 1112 κατὰ
706 1047 766 1114 τόν
787 1048 897 1129 δεξιόν
912 1067 1023 1137 τοῖχον
1038 1051 1190 1139 ἀποδρᾶ-

182 1170 253 1228 ναι,
269 1144 323 1210 καὶ
339 1139 518 1227 ἀρξάμενοι
535 1144 771 1264 διεκόπτομεν·
794 1146 905 1234 ἐπειδή
919 1148 955 1216 δέ
966 1151 1191 1235 προελθόντες

183 1239 264 1308 ὅσον
280 1241 378 1306 πέντε
394 1245 549 1319 σταδίους
564 1240 695 1310 οὐδέν’
675 1242 840 1329 ηνύομεν,
855 1271 916 1312 του
901 1246 1020 1332 μέν’
1002 1248 1190 1365 ορύγματρς

182 1339 417 1423 ἐπαυσάμεθα,
434 1337 496 1423 τήν
513 1337 579 1406 δὲ
562 1338 649 1426 ύλην
665 1348 787 1408 καῦσαι
801 1345 998 1466 διέγνωμεν·
1022 1345 1109 1412 ούτω
1123 1343 1190 1430 γάρ

182 1429 226 1501 ἀν
240 1433 277 1501 τό
290 1443 387 1520 κῆτος
400 1433 602 1503 ἀποθανεῖν·
626 1443 657 1505 εί
666 1440 702 1505 δὲ
713 1446 812 1506 τούτο
822 1443 969 1528 γένοιτο,
984 1447 1082 1531 ῥᾳδία
1094 1449 1191 1528 ἐμελ-

182 1542 241 1601 λεν
258 1529 336 1618 ἡμῖν
352 1531 523 1619 ἐσεσθαιή
543 1537 662 1612 ἔξοδος.
691 1531 929 1621 ἀρξάμενοι’
887 1563 951 1604 ουν
967 1535 1032 1605 ἀπό
1047 1545 1115 1606 τῶν
1128 1535 1192 1604 ού-

89 1635 109 1680 «’
183 1635 288 1711 ραίωυ
308 1631 477 1713 ἐκαίομεν,
504 1630 600 1698 καῖ’
580 1634 705 1718 ημέρας
721 1632 821 1717 μέν’
804 1633 884 1700 επτά
904 1636 959 1702 καὶ
980 1643 1053 1713 ίσας
1067 1635 1192 1711 νύκτας

116 1748 165 1802 105
185 1725 396 1812 ἀναισθήτως
413 1727 476 1813 εἶχε
488 1737 548 1795 τού
560 1731 743 1816 καύματος,
759 1729 863 1819 όγδόῃ
877 1732 913 1801 δέ
928 1736 982 1800 καὶ
993 1733 1093 1822 ἐνάτῃ
1107 1753 1191 1799 συν-

182 1832 275 1910 ίεμεν
290 1823 394 1892 αὐτοῦ
413 1835 611 1905 νοσοῦντος·
634 1828 818 1915 ἀργότερον
834 1837 921 1915 γούν
937 1829 1113 1915 ἀνέχασκε,
1135 1832 1191 1898 καὶ

183 1933 216 1990 εί
223 1948 302 1990 ποτε
313 1919 491 2010 ἀναχάνοι,
510 1925 592 2010 ταχύ
605 1930 759 2011 συνέμυε.
783 1928 903 2014 δεκάτῃ
917 1926 954 1995 δέ
968 1929 1023 1995 καὶ
1033 1928 1192 2014 ἑνδεκάτῃ

182 2029 295 2093 τέλεον
310 2022 561 2112 ἀπονενέκρωτο
584 2030 639 2095 καὶ
657 2032 804 2104 δυσῶδες
820 2021 880 2114 ήν·
907 2035 948 2114 τή
968 2027 1138 2114 δωδεκάτῃ
1154 2026 1192 2093 δὲ

182 2124 277 2210 μόλις
294 2123 534 2209 ἐνενοήσαμεν,
560 2121 618 2208 ὡς,
641 2131 673 2192 εί
686 2123 731 2210 μή
745 2150 793 2202 τις
807 2123 966 2209 χανόντος
983 2121 1089 2191 αὐτοῦ
1104 2121 1191 2190 ὑπο-

182 2225 343 2307 στηρίξειε
358 2219 437 2299 τούς
452 2228 634 2306 γομφίους,
658 2220 741 2288 ὥστε
756 2224 871 2306 μηκέτι
887 2231 1097 2306 συγκλεῖσαι,
1115 2247 1190 2288 κιν-

183 2319 391 2402 δυνεύσομεν
407 2320 701 2394 κατακλεισθέντες
712 2321 749 2384 έν
763 2326 872 2408 νεκρῷ
886 2317 976 2408 αὐτῷ
988 2316 1173 2385 ἀπολέσθαι

183 2413 270 2481 οὕτω
287 2413 327 2500 δή
339 2416 494 2500 μεγάλοις
509 2421 620 2494 δοκοῖς
627 2415 665 2483 τό
678 2417 783 2501 στόμα
798 2421 1017 2501 διερείσαντες
1029 2414 1091 2501 τήν
1102 2424 1191 2483 ναῦν
1282 2420 1283 2427 ’

183 2515 442 2596 ἐπεσκευάζομεν
453 2510 546 2596 ύδωρ
556 2539 592 2579 τε
604 2510 648 2590 ἀς
660 2518 710 2580 ἐνι
721 2523 876 2582 πλεῖστον
885 2516 1125 2600 ἐμβαλλόμενοι
1135 2518 1192 2583 καὶ

181 2607 221 2676 τά
237 2609 320 2676 ἀλλα
342 2608 525 2695 ἐπιτήδεια·
555 2617 727 2696 κυβερνᾶν
748 2608 779 2677 δ’
797 2616 933 2696 ἔμελλεν
952 2608 1189 2696 όΣκίνθαρος.

181 2713 221 2795 νή
237 2704 267 2774 δ’
284 2706 422 2794 ἐπιούσῃ
439 2707 476 2774 τό
492 2706 553 2791 μὲν
568 2707 632 2794 ήδη
647 2707 829 2793 ἐτεθνήκει.
850 2714 880 2775 2.
892 2707 986 2794 ἡμεῖς
1000 2707 1036 2775 δέ
1047 2706 1192 2777 ἀνελκύ-

181 2825 298 2882 σαντες
312 2803 348 2871 τό
366 2814 485 2872 πλοῖον
505 2808 560 2872 καί
581 2803 636 2873 διά
657 2813 726 2872 τῶν
741 2803 962 2891 ἀραιωμάτων
977 2806 1192 2892 διαγαγόντες
1282 2816 1283 2889 ξ

182 2908 236 2972 καὶ
252 2907 370 2971 ἐκτῶν
386 2901 538 2971 ὀδόντων
553 2903 732 2984 ἐξάψαντες
746 2902 853 2990 ήρέμα
867 2905 1064 2991 καθήκαμεν
1081 2907 1114 2982 ἐς
1128 2903 1192 2990 τήν
1282 2896 1283 2903 ¹

181 3001 368 3068 θάλατταν·
391 3002 616 3088 ἐπαναβάντες
631 3005 668 3070 δέ
680 3004 732 3070 ἐπὶ
745 2999 786 3068 τά
798 3010 887 3069 νῶτα
899 3005 954 3069 καὶ
967 3001 1134 3080 θύσαντες
1145 3010 1192 3090 τῷ

180 3103 368 3166 Ποσειδῶνι
383 3098 487 3166 αὐτοῦ
504 3099 593 3186 παρὰ
611 3099 649 3167 τό
665 3101 827 3184 τρόπαιον
841 3097 966 3186 ήμέρας
983 3126 1018 3167 τε
1033 3114 1120 3185 τρεῖς
1132 3102 1191 3166 ἐπ-

181 3196 398 3281 αυλισάμενοι
415 3239 452 3250 -
470 3206 610 3285 νηνεμία
623 3195 689 3284 γάρ
702 3192 747 3284 ἦν
762 3239 799 3248 -
815 3206 854 3286 τῇ
868 3199 1007 3287 τετάρτῃ
1022 3196 1192 3265 ἀπεπλεύ-
1282 3190 1284 3225 ἐ

181 3313 294 3377 σαμεν.
319 3299 403 3362 ἔνθα
420 3293 460 3381 δή
479 3306 613 3374 πολλοῖς
628 3304 697 3363 τῶν
719 3299 756 3362 ἐκ
777 3302 834 3379 τής
853 3301 1037 3381 ναυμαχίας
1058 3307 1192 3380 νεκροῖς

180 3385 379 3476 ἀπηντῶμεν
393 3397 446 3460 καὶ
462 3397 754 3481 προσωκέλλομεν,
771 3396 826 3460 καὶ
839 3392 879 3460 τά
893 3394 1030 3479 στόματα
1046 3419 1188 3480 καταμε·
