<?xml version="1.0" encoding="UTF-8"?>
<!DOCTYPE html PUBLIC "-//W3C//DTD XHTML 1.0 Transitional//EN"
    "http://www.w3.org/TR/xhtml1/DTD/xhtml1-transitional.dtd">
<html xmlns="http://www.w3.org/1999/xhtml" xml:lang="en" lang="en">
 <head>
  <title>
</title>
<meta http-equiv="Content-Type" content="text/html;charset=utf-8" />
  <meta name='ocr-system' content='tesseract 3.04.00' />
  <meta name='ocr-capabilities' content='ocr_page ocr_carea ocr_par ocr_line ocrx_word'/>
</head>
<body>
  <div class='ocr_page' id='page_1' title='image "./operaadoptimoru00jacogoog/operaadoptimoru00jacogoog_0148.png"; bbox 0 0 2575 3842; ppageno 0'>
   <div class='ocr_carea' id='block_1_1' title="bbox 178 190 853 258">
    <p class='ocr_par' dir='ltr' id='par_1_1' title="bbox 178 190 853 258">
     <span class='ocr_line' id='line_1_1' title="bbox 178 190 853 258; baseline 0 -3"><span class='ocrx_word' id='word_1_1' title='bbox 178 190 239 256; x_wconf 72' lang='lat'><strong><em>122</em></strong></span> <span class='ocrx_word' id='word_1_2' title='bbox 550 198 853 258; x_wconf 76' lang='lat' dir='ltr'><em>AOYKIANOY</em></span> 
     </span>
    </p>
   </div>
   <div class='ocr_carea' id='block_1_2' title="bbox 93 352 1287 3442">
    <p class='ocr_par' dir='ltr' id='par_1_2' title="bbox 176 352 1282 1220">
     <span class='ocr_line' id='line_1_2' title="bbox 176 352 1181 442; baseline 0 -22"><span class='ocrx_word' id='word_1_3' title='bbox 176 352 292 440; x_wconf 80' lang='grc' dir='ltr'><strong><em>βωμόν</em></strong></span> <span class='ocrx_word' id='word_1_4' title='bbox 313 382 388 423; x_wconf 90' lang='grc' dir='ltr'><strong><em>τινα</em></strong></span> <span class='ocrx_word' id='word_1_5' title='bbox 407 354 539 442; x_wconf 75' lang='grc' dir='ltr'><strong><em>ὑψηλόν</em></strong></span> <span class='ocrx_word' id='word_1_6' title='bbox 560 353 688 441; x_wconf 81' lang='grc' dir='ltr'><strong><em>ἀναβάς</em></strong></span> <span class='ocrx_word' id='word_1_7' title='bbox 708 358 763 422; x_wconf 85' lang='grc' dir='ltr'><strong><em>καὶ</em></strong></span> <span class='ocrx_word' id='word_1_8' title='bbox 782 354 843 441; x_wconf 88' lang='grc' dir='ltr'><strong><em>τήν</em></strong></span> <span class='ocrx_word' id='word_1_9' title='bbox 866 356 966 424; x_wconf 94' lang='grc' dir='ltr'><strong><em>πόλιν</em></strong></span> <span class='ocrx_word' id='word_1_10' title='bbox 987 356 1181 441; x_wconf 79' lang='grc' dir='ltr'><strong><em>ἐμακάριζεν</em></strong></span> 
     </span>
     <span class='ocr_line' id='line_1_3' title="bbox 178 448 1280 539; baseline 0 -22"><span class='ocrx_word' id='word_1_11' title='bbox 178 448 297 519; x_wconf 89' lang='grc' dir='ltr'><strong><em>αύτίκα</em></strong></span> <span class='ocrx_word' id='word_1_12' title='bbox 314 454 402 538; x_wconf 88' lang='grc' dir='ltr'><strong><em>μάλα</em></strong></span> <span class='ocrx_word' id='word_1_13' title='bbox 423 458 602 539; x_wconf 80' lang='grc' dir='ltr'><strong><em>δεξομένην</em></strong></span> <span class='ocrx_word' id='word_1_14' title='bbox 619 455 742 538; x_wconf 80' lang='grc' dir='ltr'><strong><em>ἐναργῆ</em></strong></span> <span class='ocrx_word' id='word_1_15' title='bbox 764 453 824 519; x_wconf 85' lang='grc' dir='ltr'><strong><em>τὸν</em></strong></span> <span class='ocrx_word' id='word_1_16' title='bbox 840 454 933 520; x_wconf 90' lang='grc' dir='ltr'><strong><em>θεόν.</em></strong></span> <span class='ocrx_word' id='word_1_17' title='bbox 969 458 1003 519; x_wconf 87' lang='grc' dir='ltr'><strong><em>οί</em></strong></span> <span class='ocrx_word' id='word_1_18' title='bbox 1020 451 1181 535; x_wconf 78' lang='grc' dir='ltr'><strong><em>παρόντες</em></strong></span> <span class='ocrx_word' id='word_1_19' title='bbox 1279 508 1280 533; x_wconf 50' lang='grc'><strong><em>,</em></strong></span> 
     </span>
     <span class='ocr_line' id='line_1_4' title="bbox 178 545 1281 635; baseline -0.003 -20"><span class='ocrx_word' id='word_1_20' title='bbox 178 548 214 615; x_wconf 78' lang='grc' dir='ltr'><strong><em>δὲ</em></strong></span> <span class='ocrx_word' id='word_1_21' title='bbox 228 588 270 599; x_wconf 89' lang='grc'><strong>-</strong></span> <span class='ocrx_word' id='word_1_22' title='bbox 285 550 544 635; x_wconf 77' lang='grc' dir='ltr'><strong><em>ξυνδεδραμήκει</em></strong></span> <span class='ocrx_word' id='word_1_23' title='bbox 556 546 621 633; x_wconf 80' lang='grc' dir='ltr'><strong><em>γάρ</em></strong></span> <span class='ocrx_word' id='word_1_24' title='bbox 636 545 756 633; x_wconf 87' lang='grc' dir='ltr'><strong><em>σχεδόν</em></strong></span> <span class='ocrx_word' id='word_1_25' title='bbox 767 547 878 615; x_wconf 77' lang='grc' dir='ltr'><strong><em>ἅπασα</em></strong></span> <span class='ocrx_word' id='word_1_26' title='bbox 892 546 912 635; x_wconf 84' lang='grc' dir='ltr'><strong><em>ή</em></strong></span> <span class='ocrx_word' id='word_1_27' title='bbox 924 549 1020 625; x_wconf 90' lang='grc' dir='ltr'><strong><em>πόλις</em></strong></span> <span class='ocrx_word' id='word_1_28' title='bbox 1036 546 1103 633; x_wconf 80' lang='grc' dir='ltr'><strong><em>ἅμα</em></strong></span> <span class='ocrx_word' id='word_1_29' title='bbox 1118 573 1180 631; x_wconf 91' lang='grc' dir='ltr'><strong><em>γυ-</em></strong></span> <span class='ocrx_word' id='word_1_30' title='bbox 1280 614 1281 635; x_wconf 33' lang='grc' dir='ltr'><strong><em>χ</em></strong></span> 
     </span>
     <span class='ocr_line' id='line_1_5' title="bbox 177 638 1281 733; baseline 0.002 -24"><span class='ocrx_word' id='word_1_31' title='bbox 177 646 264 724; x_wconf 77' lang='grc' dir='ltr'><strong><em>ναιξί</em></strong></span> <span class='ocrx_word' id='word_1_32' title='bbox 278 648 333 714; x_wconf 77' lang='grc' dir='ltr'><strong><em>καί</em></strong></span> <span class='ocrx_word' id='word_1_33' title='bbox 342 650 478 731; x_wconf 79' lang='grc' dir='ltr'><strong><em>γέρουσι</em></strong></span> <span class='ocrx_word' id='word_1_34' title='bbox 489 648 544 713; x_wconf 82' lang='grc' dir='ltr'><strong><em>καὶ</em></strong></span> <span class='ocrx_word' id='word_1_35' title='bbox 554 650 697 723; x_wconf 76' lang='grc' dir='ltr'><strong><em>παιδίοις</em></strong></span> <span class='ocrx_word' id='word_1_36' title='bbox 707 686 750 697; x_wconf 93' lang='lat'><strong><em>--</em></strong></span> <span class='ocrx_word' id='word_1_37' title='bbox 760 648 966 733; x_wconf 78' lang='grc' dir='ltr'><strong><em>ἐτεθήπεσαν</em></strong></span> <span class='ocrx_word' id='word_1_38' title='bbox 977 648 1031 713; x_wconf 78' lang='grc' dir='ltr'><strong><em>καὶ</em></strong></span> <span class='ocrx_word' id='word_1_39' title='bbox 1044 644 1179 729; x_wconf 80' lang='grc' dir='ltr'><strong><em>εὔχοντο</em></strong></span> <span class='ocrx_word' id='word_1_40' title='bbox 1280 638 1281 679; x_wconf 53' lang='lat'><em>³</em></span> 
     </span>
     <span class='ocr_line' id='line_1_6' title="bbox 177 741 1181 830; baseline -0.001 -22"><span class='ocrx_word' id='word_1_41' title='bbox 177 743 232 809; x_wconf 78' lang='grc' dir='ltr'><strong><em>καί</em></strong></span> <span class='ocrx_word' id='word_1_42' title='bbox 252 743 493 826; x_wconf 87' lang='grc' dir='ltr'><strong><em>προσεκύνουν.</em></strong></span> <span class='ocrx_word' id='word_1_43' title='bbox 527 741 544 809; x_wconf 89' lang='grc' dir='ltr'><strong>ὁ</strong></span> <span class='ocrx_word' id='word_1_44' title='bbox 566 742 602 809; x_wconf 78' lang='grc' dir='ltr'><strong><em>δὲ</em></strong></span> <span class='ocrx_word' id='word_1_45' title='bbox 617 742 734 829; x_wconf 88' lang='grc' dir='ltr'><strong><em>φωνάς</em></strong></span> <span class='ocrx_word' id='word_1_46' title='bbox 753 770 845 821; x_wconf 86' lang='grc' dir='ltr'><strong><em>τινας</em></strong></span> <span class='ocrx_word' id='word_1_47' title='bbox 861 742 1009 830; x_wconf 92' lang='grc' dir='ltr'><strong><em>ἀσήμους</em></strong></span> <span class='ocrx_word' id='word_1_48' title='bbox 1029 742 1181 827; x_wconf 84' lang='grc' dir='ltr'><strong><em>φθεγγό-</em></strong></span> 
     </span>
     <span class='ocr_line' id='line_1_7' title="bbox 177 831 1282 926; baseline -0.004 -21"><span class='ocrx_word' id='word_1_49' title='bbox 177 864 286 925; x_wconf 82' lang='grc' dir='ltr'><strong><em>μενος,</em></strong></span> <span class='ocrx_word' id='word_1_50' title='bbox 303 835 369 907; x_wconf 79' lang='grc' dir='ltr'><strong><em>οἷαι</em></strong></span> <span class='ocrx_word' id='word_1_51' title='bbox 384 843 535 925; x_wconf 75' lang='grc' dir='ltr'><strong><em>γένοιντο</em></strong></span> <span class='ocrx_word' id='word_1_52' title='bbox 553 836 596 907; x_wconf 86' lang='grc' dir='ltr'><strong><em>ἀν</em></strong></span> <span class='ocrx_word' id='word_1_53' title='bbox 608 836 803 926; x_wconf 81' lang='grc' dir='ltr'><strong><em>Ἑβραίωνή</em></strong></span> <span class='ocrx_word' id='word_1_54' title='bbox 815 847 993 924; x_wconf 89' lang='grc' dir='ltr'><strong><em>Φοινίκων,</em></strong></span> <span class='ocrx_word' id='word_1_55' title='bbox 1011 843 1179 922; x_wconf 80' lang='grc' dir='ltr'><strong><em>ἐξέπληττε</em></strong></span> <span class='ocrx_word' id='word_1_56' title='bbox 1281 831 1282 911; x_wconf 54' lang='lat'>4</span> 
     </span>
     <span class='ocr_line' id='line_1_8' title="bbox 177 933 1178 1022; baseline -0.002 -21"><span class='ocrx_word' id='word_1_57' title='bbox 177 933 257 1013; x_wconf 82' lang='grc' dir='ltr'><strong><em>τούς</em></strong></span> <span class='ocrx_word' id='word_1_58' title='bbox 272 933 476 1019; x_wconf 74' lang='grc' dir='ltr'><strong><em>ἀνθρώπους</em></strong></span> <span class='ocrx_word' id='word_1_59' title='bbox 492 935 554 1003; x_wconf 90' lang='grc' dir='ltr'><strong><em>ούκ</em></strong></span> <span class='ocrx_word' id='word_1_60' title='bbox 569 938 696 1014; x_wconf 80' lang='grc' dir='ltr'><strong><em>εἰδότας</em></strong></span> <span class='ocrx_word' id='word_1_61' title='bbox 709 935 729 1003; x_wconf 88' lang='grc' dir='ltr'><strong><em>ό</em></strong></span> <span class='ocrx_word' id='word_1_62' title='bbox 742 964 773 1003; x_wconf 92' lang='grc' dir='ltr'><strong><em>τι</em></strong></span> <span class='ocrx_word' id='word_1_63' title='bbox 788 940 842 1005; x_wconf 81' lang='grc' dir='ltr'><strong><em>καὶ</em></strong></span> <span class='ocrx_word' id='word_1_64' title='bbox 856 942 962 1022; x_wconf 83' lang='grc' dir='ltr'><strong><em>λέγοι,</em></strong></span> <span class='ocrx_word' id='word_1_65' title='bbox 978 934 1065 1021; x_wconf 86' lang='grc' dir='ltr'><strong><em>πλήν</em></strong></span> <span class='ocrx_word' id='word_1_66' title='bbox 1080 940 1178 1001; x_wconf 86' lang='grc' dir='ltr'><strong><em>τοῦτο</em></strong></span> 
     </span>
     <span class='ocr_line' id='line_1_9' title="bbox 177 1027 1180 1120; baseline -0.003 -22"><span class='ocrx_word' id='word_1_67' title='bbox 177 1033 307 1117; x_wconf 89' lang='grc' dir='ltr'><strong><em>μόνον,</em></strong></span> <span class='ocrx_word' id='word_1_68' title='bbox 339 1032 389 1101; x_wconf 88' lang='grc' dir='ltr'><strong><em>ότι</em></strong></span> <span class='ocrx_word' id='word_1_69' title='bbox 413 1042 517 1103; x_wconf 84' lang='grc' dir='ltr'><strong><em>πᾶσιν</em></strong></span> <span class='ocrx_word' id='word_1_70' title='bbox 539 1037 756 1120; x_wconf 78' lang='grc' dir='ltr'><strong><em>ἐγκατεμίγνυ</em></strong></span> <span class='ocrx_word' id='word_1_71' title='bbox 782 1032 843 1103; x_wconf 89' lang='grc' dir='ltr'><strong><em>τόν</em></strong></span> <span class='ocrx_word' id='word_1_72' title='bbox 871 1034 1016 1101; x_wconf 84' lang='grc' dir='ltr'><strong><em>Ἀπόλλω</em></strong></span> <span class='ocrx_word' id='word_1_73' title='bbox 1041 1034 1095 1098; x_wconf 85' lang='grc' dir='ltr'><strong><em>καὶ</em></strong></span> <span class='ocrx_word' id='word_1_74' title='bbox 1120 1027 1180 1097; x_wconf 89' lang='grc' dir='ltr'><strong><em>τόν</em></strong></span> 
     </span>
     <span class='ocr_line' id='line_1_10' title="bbox 173 1128 1178 1223; baseline -0.003 -25.982"><span class='ocrx_word' id='word_1_75' title='bbox 173 1128 381 1216; x_wconf 86' lang='grc' dir='ltr'><strong><em>Ἀσκληπιόν.</em></strong></span> <span class='ocrx_word' id='word_1_76' title='bbox 405 1130 538 1200; x_wconf 76' lang='grc' dir='ltr'><strong><em>14.είτα</em></strong></span> <span class='ocrx_word' id='word_1_77' title='bbox 553 1138 625 1201; x_wconf 82' lang='grc' dir='ltr'><strong><em>έθει</em></strong></span> <span class='ocrx_word' id='word_1_78' title='bbox 636 1134 750 1223; x_wconf 87' lang='grc' dir='ltr'><strong><em>δρόμω</em></strong></span> <span class='ocrx_word' id='word_1_79' title='bbox 765 1133 860 1201; x_wconf 77' lang='grc' dir='ltr'><strong><em>ἐπὶ</em></strong></span> <span class='ocrx_word' id='word_1_80' title='bbox 827 1160 886 1201; x_wconf 88' lang='grc' dir='ltr'><strong><em>τον</em></strong></span> <span class='ocrx_word' id='word_1_81' title='bbox 900 1133 1060 1217; x_wconf 80' lang='grc' dir='ltr'><strong><em>ἐσόμενον</em></strong></span> <span class='ocrx_word' id='word_1_82' title='bbox 1075 1129 1178 1196; x_wconf 81' lang='grc' dir='ltr'><strong><em>νεών·</em></strong></span> 
     </span>
    </p>

    <p class='ocr_par' dir='ltr' id='par_1_3' title="bbox 107 1226 1287 2679">
     <span class='ocr_line' id='line_1_11' title="bbox 107 1226 1179 1348; baseline -0.002 -56"><span class='ocrx_word' id='word_1_83' title='bbox 107 1240 160 1293; x_wconf 72' lang='lat'><strong><em>222</em></strong></span> <span class='ocrx_word' id='word_1_84' title='bbox 178 1230 233 1295; x_wconf 81' lang='grc' dir='ltr'><strong><em>καὶ</em></strong></span> <span class='ocrx_word' id='word_1_85' title='bbox 247 1226 346 1296; x_wconf 80' lang='grc' dir='ltr'><strong><em>ἐπὶ</em></strong></span> <span class='ocrx_word' id='word_1_86' title='bbox 311 1256 348 1296; x_wconf 93' lang='grc' dir='ltr'><strong><em>το</em></strong></span> <span class='ocrx_word' id='word_1_87' title='bbox 366 1227 496 1316; x_wconf 82' lang='grc' dir='ltr'><strong><em>ὄρυγμα</em></strong></span> <span class='ocrx_word' id='word_1_88' title='bbox 513 1226 623 1297; x_wconf 79' lang='grc' dir='ltr'><strong><em>ἐλθόν</em></strong></span> <span class='ocrx_word' id='word_1_89' title='bbox 637 1228 741 1298; x_wconf 79' lang='grc' dir='ltr'><strong><em>καὶ</em></strong></span> <span class='ocrx_word' id='word_1_90' title='bbox 706 1257 767 1316; x_wconf 89' lang='grc' dir='ltr'><strong><em>την</em></strong></span> <span class='ocrx_word' id='word_1_91' title='bbox 781 1231 1118 1348; x_wconf 74' lang='grc' dir='ltr'><strong><em>προῳκοδομημένην</em></strong></span> <span class='ocrx_word' id='word_1_92' title='bbox 1119 1231 1179 1291; x_wconf 88' lang='grc' dir='ltr'><strong><em>τοῦ</em></strong></span> 
     </span>
     <span class='ocr_line' id='line_1_12' title="bbox 176 1319 1179 1414; baseline 0 -23"><span class='ocrx_word' id='word_1_93' title='bbox 176 1332 376 1411; x_wconf 83' lang='grc' dir='ltr'><strong><em>χρηστηρίου</em></strong></span> <span class='ocrx_word' id='word_1_94' title='bbox 396 1328 522 1413; x_wconf 89' lang='grc' dir='ltr'><strong><em>πηγήν,</em></strong></span> <span class='ocrx_word' id='word_1_95' title='bbox 551 1325 652 1414; x_wconf 83' lang='grc' dir='ltr'><strong><em>έμβάς</em></strong></span> <span class='ocrx_word' id='word_1_96' title='bbox 674 1328 756 1407; x_wconf 89' lang='grc' dir='ltr'><strong><em>ές</em></strong></span> <span class='ocrx_word' id='word_1_97' title='bbox 724 1355 758 1397; x_wconf 95' lang='grc' dir='ltr'><strong><em>το</em></strong></span> <span class='ocrx_word' id='word_1_98' title='bbox 782 1328 920 1412; x_wconf 75' lang='grc' dir='ltr'><strong><em>υδωρ”</em></strong></span> <span class='ocrx_word' id='word_1_99' title='bbox 896 1353 1025 1414; x_wconf 89' lang='grc' dir='ltr'><strong><em>νμνους</em></strong></span> <span class='ocrx_word' id='word_1_100' title='bbox 1046 1352 1080 1392; x_wconf 91' lang='grc' dir='ltr'><strong><em>τε</em></strong></span> <span class='ocrx_word' id='word_1_101' title='bbox 1097 1319 1179 1413; x_wconf 84' lang='grc' dir='ltr'><strong><em>ήδευ</em></strong></span> 
     </span>
     <span class='ocr_line' id='line_1_13' title="bbox 173 1421 1179 1515; baseline -0.001 -26.996"><span class='ocrx_word' id='word_1_102' title='bbox 173 1425 372 1507; x_wconf 80' lang='grc' dir='ltr'><strong><em>Ἀσκλήπιον</em></strong></span> <span class='ocrx_word' id='word_1_103' title='bbox 387 1421 467 1490; x_wconf 66' lang='grc' dir='ltr'><strong><em>καθ’</em></strong></span> <span class='ocrx_word' id='word_1_104' title='bbox 465 1424 665 1503; x_wconf 77' lang='grc' dir='ltr'><strong><em>Λπόλλωνος</em></strong></span> <span class='ocrx_word' id='word_1_105' title='bbox 683 1428 808 1515; x_wconf 82' lang='grc' dir='ltr'><strong><em>μεγάλη</em></strong></span> <span class='ocrx_word' id='word_1_106' title='bbox 825 1434 864 1514; x_wconf 81' lang='grc' dir='ltr'><strong><em>τή</em></strong></span> <span class='ocrx_word' id='word_1_107' title='bbox 886 1432 982 1513; x_wconf 83' lang='grc' dir='ltr'><strong><em>φωνή</em></strong></span> <span class='ocrx_word' id='word_1_108' title='bbox 1002 1449 1054 1491; x_wconf 90' lang='grc' dir='ltr'><strong><em>και</em></strong></span> <span class='ocrx_word' id='word_1_109' title='bbox 1045 1421 1179 1489; x_wconf 81' lang='grc' dir='ltr'><strong><em>ἐκάλει</em></strong></span> 
     </span>
     <span class='ocr_line' id='line_1_14' title="bbox 175 1515 1180 1612; baseline -0.001 -27"><span class='ocrx_word' id='word_1_110' title='bbox 175 1516 235 1585; x_wconf 88' lang='grc' dir='ltr'><strong><em>τόν</em></strong></span> <span class='ocrx_word' id='word_1_111' title='bbox 249 1516 368 1585; x_wconf 86' lang='grc' dir='ltr'><strong><em>θεόν’</em></strong></span> <span class='ocrx_word' id='word_1_112' title='bbox 347 1515 441 1603; x_wconf 82' lang='grc' dir='ltr'><strong><em>ήκειν</em></strong></span> <span class='ocrx_word' id='word_1_113' title='bbox 456 1521 538 1608; x_wconf 84' lang='grc' dir='ltr'><strong><em>τύχη</em></strong></span> <span class='ocrx_word' id='word_1_114' title='bbox 558 1527 597 1609; x_wconf 79' lang='grc' dir='ltr'><strong><em>τῇ</em></strong></span> <span class='ocrx_word' id='word_1_115' title='bbox 614 1521 727 1612; x_wconf 81' lang='grc' dir='ltr'><strong><em>ἀγαθή</em></strong></span> <span class='ocrx_word' id='word_1_116' title='bbox 749 1523 831 1602; x_wconf 87' lang='grc' dir='ltr'><strong><em>ές</em></strong></span> <span class='ocrx_word' id='word_1_117' title='bbox 797 1551 858 1610; x_wconf 93' lang='grc' dir='ltr'><strong><em>την</em></strong></span> <span class='ocrx_word' id='word_1_118' title='bbox 874 1523 981 1590; x_wconf 90' lang='grc' dir='ltr'><strong><em>πόλιν.</em></strong></span> <span class='ocrx_word' id='word_1_119' title='bbox 1015 1518 1082 1587; x_wconf 77' lang='grc' dir='ltr'><strong><em>εἶτα</em></strong></span> <span class='ocrx_word' id='word_1_120' title='bbox 1097 1518 1180 1603; x_wconf 85' lang='grc' dir='ltr'><strong><em>φιά-</em></strong></span> 
     </span>
     <span class='ocr_line' id='line_1_15' title="bbox 175 1614 1178 1719; baseline -0.005 -37"><span class='ocrx_word' id='word_1_121' title='bbox 175 1623 238 1699; x_wconf 87' lang='grc' dir='ltr'><strong><em>λην</em></strong></span> <span class='ocrx_word' id='word_1_122' title='bbox 253 1614 403 1700; x_wconf 79' lang='grc' dir='ltr'><strong><em>αἰτήσας,</em></strong></span> <span class='ocrx_word' id='word_1_123' title='bbox 425 1615 540 1695; x_wconf 88' lang='grc' dir='ltr'><strong><em>δόντος</em></strong></span> <span class='ocrx_word' id='word_1_124' title='bbox 559 1620 666 1702; x_wconf 88' lang='grc' dir='ltr'><strong><em>τινός,</em></strong></span> <span class='ocrx_word' id='word_1_125' title='bbox 691 1624 813 1709; x_wconf 76' lang='grc' dir='ltr'><strong><em>ῥαδίως</em></strong></span> <span class='ocrx_word' id='word_1_126' title='bbox 827 1616 1007 1706; x_wconf 77' lang='grc' dir='ltr'><strong><em>ὑποβαλύν</em></strong></span> <span class='ocrx_word' id='word_1_127' title='bbox 1024 1616 1178 1719; x_wconf 81' lang='grc' dir='ltr'><strong><em>ἀνιμᾶται</em></strong></span> 
     </span>
     <span class='ocr_line' id='line_1_16' title="bbox 176 1696 1176 1802; baseline -0.001 -26"><span class='ocrx_word' id='word_1_128' title='bbox 176 1708 257 1796; x_wconf 81' lang='grc' dir='ltr'><strong><em>μετὰ</em></strong></span> <span class='ocrx_word' id='word_1_129' title='bbox 274 1720 335 1777; x_wconf 84' lang='grc' dir='ltr'><strong><em>τοῦ</em></strong></span> <span class='ocrx_word' id='word_1_130' title='bbox 355 1710 475 1791; x_wconf 82' lang='grc' dir='ltr'><strong><em>ὕδατος</em></strong></span> <span class='ocrx_word' id='word_1_131' title='bbox 489 1717 543 1782; x_wconf 82' lang='grc' dir='ltr'><strong><em>καὶ</em></strong></span> <span class='ocrx_word' id='word_1_132' title='bbox 558 1721 619 1781; x_wconf 87' lang='grc' dir='ltr'><strong><em>τοῦ</em></strong></span> <span class='ocrx_word' id='word_1_133' title='bbox 639 1726 748 1802; x_wconf 83' lang='grc' dir='ltr'><strong><em>πηλοῦ</em></strong></span> <span class='ocrx_word' id='word_1_134' title='bbox 767 1716 803 1786; x_wconf 87' lang='grc' dir='ltr'><strong><em>τό</em></strong></span> <span class='ocrx_word' id='word_1_135' title='bbox 828 1716 895 1785; x_wconf 80' lang='grc' dir='ltr'><strong><em>ὠὸν</em></strong></span> <span class='ocrx_word' id='word_1_136' title='bbox 911 1719 1034 1798; x_wconf 80' lang='grc' dir='ltr'><strong><em>ἐκεῖνο,</em></strong></span> <span class='ocrx_word' id='word_1_137' title='bbox 1057 1715 1093 1779; x_wconf 90' lang='grc' dir='ltr'><strong><em>έν</em></strong></span> <span class='ocrx_word' id='word_1_138' title='bbox 1111 1702 1138 1800; x_wconf 75' lang='grc' dir='ltr'><em>ᾦ</em></span> <span class='ocrx_word' id='word_1_139' title='bbox 1160 1696 1176 1775; x_wconf 85' lang='grc' dir='ltr'><strong><em>ό</em></strong></span> 
     </span>
     <span class='ocr_line' id='line_1_17' title="bbox 174 1803 1178 1923; baseline 0 -50"><span class='ocrx_word' id='word_1_140' title='bbox 174 1803 257 1920; x_wconf 83' lang='grc' dir='ltr'><strong><em>θεός</em></strong></span> <span class='ocrx_word' id='word_1_141' title='bbox 271 1804 361 1895; x_wconf 76' lang='grc' dir='ltr'><strong><em>αὐτῷ</em></strong></span> <span class='ocrx_word' id='word_1_142' title='bbox 376 1814 621 1879; x_wconf 88' lang='grc' dir='ltr'><strong><em>κατεκέκλειστο</em></strong></span> <span class='ocrx_word' id='word_1_143' title='bbox 629 1822 745 1904; x_wconf 78' lang='grc' dir='ltr'><strong><em>,κηρῷ</em></strong></span> <span class='ocrx_word' id='word_1_144' title='bbox 760 1821 868 1905; x_wconf 77' lang='grc' dir='ltr'><strong><em>λευκῷ</em></strong></span> <span class='ocrx_word' id='word_1_145' title='bbox 880 1816 934 1881; x_wconf 85' lang='grc' dir='ltr'><strong><em>καὶ</em></strong></span> <span class='ocrx_word' id='word_1_146' title='bbox 948 1816 1099 1899; x_wconf 76' lang='grc' dir='ltr'><strong><em>ψιμυθίῳ</em></strong></span> <span class='ocrx_word' id='word_1_147' title='bbox 1116 1806 1178 1923; x_wconf 84' lang='grc' dir='ltr'><strong><em>τήν</em></strong></span> 
     </span>
     <span class='ocr_line' id='line_1_18' title="bbox 176 1899 1287 1997; baseline 0.002 -30"><span class='ocrx_word' id='word_1_148' title='bbox 176 1899 328 1988; x_wconf 85' lang='grc' dir='ltr'><strong><em>ἁρμογήν</em></strong></span> <span class='ocrx_word' id='word_1_149' title='bbox 352 1913 413 1972; x_wconf 83' lang='grc' dir='ltr'><strong><em>τοῦ</em></strong></span> <span class='ocrx_word' id='word_1_150' title='bbox 439 1907 599 1992; x_wconf 91' lang='grc' dir='ltr'><strong><em>στόματος</em></strong></span> <span class='ocrx_word' id='word_1_151' title='bbox 624 1914 947 1997; x_wconf 85' lang='grc' dir='ltr'><strong><em>ξυγκεκολλημένον·</em></strong></span> <span class='ocrx_word' id='word_1_152' title='bbox 988 1910 1041 1973; x_wconf 86' lang='grc' dir='ltr'><strong><em>καὶ</em></strong></span> <span class='ocrx_word' id='word_1_153' title='bbox 1065 1901 1178 1990; x_wconf 72' lang='grc' dir='ltr'><strong><em>λαβών</em></strong></span> <span class='ocrx_word' id='word_1_154' title='bbox 1286 1927 1287 1933; x_wconf 71' lang='grc'>’</span> 
     </span>
     <span class='ocr_line' id='line_1_19' title="bbox 176 1998 1178 2165; baseline -0.013 -85"><span class='ocrx_word' id='word_1_155' title='bbox 176 1998 257 2067; x_wconf 70' lang='grc' dir='ltr'><em>αὐτο</em></span> <span class='ocrx_word' id='word_1_156' title='bbox 247 1998 354 2165; x_wconf 46' lang='grc' dir='ltr'><strong><em>’χ’ἕς</em></strong></span> <span class='ocrx_word' id='word_1_157' title='bbox 319 2028 377 2079; x_wconf 72' lang='grc' dir='ltr'><strong><em>τας</em></strong></span> <span class='ocrx_word' id='word_1_158' title='bbox 386 2018 494 2087; x_wconf 78' lang='grc' dir='ltr'><strong><em>χεῖρας</em></strong></span> <span class='ocrx_word' id='word_1_159' title='bbox 511 2010 597 2090; x_wconf 83' lang='grc' dir='ltr'><strong><em>ἔχειν</em></strong></span> <span class='ocrx_word' id='word_1_160' title='bbox 608 2012 753 2092; x_wconf 80' lang='grc' dir='ltr'><strong><em>ἔφασκεν</em></strong></span> <span class='ocrx_word' id='word_1_161' title='bbox 767 2006 877 2094; x_wconf 85' lang='grc' dir='ltr'><strong><em>ήδη</em></strong></span> <span class='ocrx_word' id='word_1_162' title='bbox 844 2034 904 2075; x_wconf 91' lang='grc' dir='ltr'><strong><em>τον</em></strong></span> <span class='ocrx_word' id='word_1_163' title='bbox 917 2004 1123 2089; x_wconf 80' lang='grc' dir='ltr'><strong><em>Ἀσκληπιόν.</em></strong></span> <span class='ocrx_word' id='word_1_164' title='bbox 1148 2002 1178 2067; x_wconf 80' lang='grc' dir='ltr'><strong><em>οἱ</em></strong></span> 
     </span>
     <span class='ocr_line' id='line_1_20' title="bbox 177 2095 1177 2192; baseline 0.001 -28"><span class='ocrx_word' id='word_1_165' title='bbox 177 2095 246 2165; x_wconf 80' lang='grc' dir='ltr'><strong><em>δὲ’</em></strong></span> <span class='ocrx_word' id='word_1_166' title='bbox 226 2100 321 2165; x_wconf 73' lang='grc' dir='ltr'><strong><em>ατενὲ</em></strong></span> <span class='ocrx_word' id='word_1_167' title='bbox 322 2126 338 2176; x_wconf 87' lang='grc' dir='ltr'><strong><em>ς</em></strong></span> <span class='ocrx_word' id='word_1_168' title='bbox 353 2097 575 2187; x_wconf 82' lang='grc' dir='ltr'><strong><em>ἀπέβλεπονό</em></strong></span> <span class='ocrx_word' id='word_1_169' title='bbox 596 2130 626 2170; x_wconf 93' lang='grc' dir='ltr'><strong><em>τι</em></strong></span> <span class='ocrx_word' id='word_1_170' title='bbox 650 2109 704 2174; x_wconf 83' lang='grc' dir='ltr'><strong><em>καλ</em></strong></span> <span class='ocrx_word' id='word_1_171' title='bbox 725 2113 886 2192; x_wconf 90' lang='grc' dir='ltr'><strong><em>γίγνοιτο,</em></strong></span> <span class='ocrx_word' id='word_1_172' title='bbox 912 2100 998 2171; x_wconf 84' lang='grc' dir='ltr'><strong><em>πολύ</em></strong></span> <span class='ocrx_word' id='word_1_173' title='bbox 1015 2100 1177 2184; x_wconf 88' lang='grc' dir='ltr'><strong><em>πρότερον</em></strong></span> 
     </span>
     <span class='ocr_line' id='line_1_21' title="bbox 175 2195 1178 2292; baseline 0.003 -31"><span class='ocrx_word' id='word_1_174' title='bbox 175 2195 410 2281; x_wconf 79' lang='grc' dir='ltr'><strong><em>θαυμάσαντες</em></strong></span> <span class='ocrx_word' id='word_1_175' title='bbox 423 2198 460 2265; x_wconf 88' lang='grc' dir='ltr'><strong><em>τό</em></strong></span> <span class='ocrx_word' id='word_1_176' title='bbox 476 2198 544 2290; x_wconf 82' lang='grc' dir='ltr'><strong><em>ηόόν</em></strong></span> <span class='ocrx_word' id='word_1_177' title='bbox 558 2205 652 2292; x_wconf 74' lang='grc' dir='ltr'><strong><em>ἐντῷ</em></strong></span> <span class='ocrx_word' id='word_1_178' title='bbox 666 2202 762 2271; x_wconf 83' lang='grc' dir='ltr'><strong><em>ύδατι</em></strong></span> <span class='ocrx_word' id='word_1_179' title='bbox 778 2202 970 2289; x_wconf 87' lang='grc' dir='ltr'><strong><em>εὑρημένου.</em></strong></span> <span class='ocrx_word' id='word_1_180' title='bbox 994 2202 1062 2268; x_wconf 88' lang='grc' dir='ltr'><strong><em>έπεὶ</em></strong></span> <span class='ocrx_word' id='word_1_181' title='bbox 1077 2200 1178 2266; x_wconf 79' lang='grc' dir='ltr'><strong><em>δὲκαὶ</em></strong></span> 
     </span>
     <span class='ocr_line' id='line_1_22' title="bbox 175 2293 1178 2388; baseline -0.011 -15"><span class='ocrx_word' id='word_1_182' title='bbox 175 2293 315 2372; x_wconf 66' lang='grc' dir='ltr'><strong><em>κατάξας</em></strong></span> <span class='ocrx_word' id='word_1_183' title='bbox 329 2293 409 2361; x_wconf 84' lang='grc' dir='ltr'><strong><em>αὐτὸ</em></strong></span> <span class='ocrx_word' id='word_1_184' title='bbox 426 2299 458 2375; x_wconf 88' lang='grc' dir='ltr'><strong><em>ές</em></strong></span> <span class='ocrx_word' id='word_1_185' title='bbox 478 2307 593 2385; x_wconf 92' lang='grc' dir='ltr'><strong><em>κοίλην</em></strong></span> <span class='ocrx_word' id='word_1_186' title='bbox 612 2300 675 2388; x_wconf 90' lang='grc' dir='ltr'><strong><em>τήν</em></strong></span> <span class='ocrx_word' id='word_1_187' title='bbox 693 2317 784 2387; x_wconf 77' lang='grc' dir='ltr'><strong><em>χεῖρα</em></strong></span> <span class='ocrx_word' id='word_1_188' title='bbox 802 2300 978 2381; x_wconf 83' lang='grc' dir='ltr'><strong><em>ὑπεδέξατο</em></strong></span> <span class='ocrx_word' id='word_1_189' title='bbox 995 2298 1031 2366; x_wconf 86' lang='grc' dir='ltr'><strong><em>τό</em></strong></span> <span class='ocrx_word' id='word_1_190' title='bbox 1047 2305 1107 2365; x_wconf 86' lang='grc' dir='ltr'><strong><em>τοῦ</em></strong></span> <span class='ocrx_word' id='word_1_191' title='bbox 1123 2300 1178 2381; x_wconf 87' lang='grc' dir='ltr'><strong><em>έρ-</em></strong></span> 
     </span>
     <span class='ocr_line' id='line_1_23' title="bbox 176 2393 1178 2482; baseline 0.006 -27"><span class='ocrx_word' id='word_1_192' title='bbox 176 2396 278 2456; x_wconf 85' lang='grc' dir='ltr'><strong><em>πετοῦ</em></strong></span> <span class='ocrx_word' id='word_1_193' title='bbox 292 2393 421 2459; x_wconf 80' lang='grc' dir='ltr'><strong><em>ἐκείνου</em></strong></span> <span class='ocrx_word' id='word_1_194' title='bbox 441 2400 588 2482; x_wconf 80' lang='grc' dir='ltr'><strong><em>ἔμβρυον</em></strong></span> <span class='ocrx_word' id='word_1_195' title='bbox 607 2401 662 2466; x_wconf 83' lang='grc' dir='ltr'><strong><em>καλ</em></strong></span> <span class='ocrx_word' id='word_1_196' title='bbox 679 2404 713 2467; x_wconf 86' lang='grc' dir='ltr'><strong><em>οί</em></strong></span> <span class='ocrx_word' id='word_1_197' title='bbox 727 2401 887 2482; x_wconf 90' lang='grc' dir='ltr'><strong><em>παρόντες</em></strong></span> <span class='ocrx_word' id='word_1_198' title='bbox 909 2397 998 2466; x_wconf 82' lang='grc' dir='ltr'><strong><em>ελδον</em></strong></span> <span class='ocrx_word' id='word_1_199' title='bbox 1021 2397 1178 2479; x_wconf 86' lang='grc' dir='ltr'><strong><em>κινούμε-</em></strong></span> 
     </span>
     <span class='ocr_line' id='line_1_24' title="bbox 174 2489 1179 2582; baseline 0.007 -31"><span class='ocrx_word' id='word_1_200' title='bbox 174 2511 238 2552; x_wconf 90' lang='grc' dir='ltr'><strong><em>νον</em></strong></span> <span class='ocrx_word' id='word_1_201' title='bbox 252 2489 307 2554; x_wconf 78' lang='grc' dir='ltr'><strong><em>καί</em></strong></span> <span class='ocrx_word' id='word_1_202' title='bbox 321 2492 396 2571; x_wconf 80' lang='grc' dir='ltr'><strong><em>περὶ</em></strong></span> <span class='ocrx_word' id='word_1_203' title='bbox 409 2505 476 2568; x_wconf 81' lang='grc' dir='ltr'><strong><em>τοίς</em></strong></span> <span class='ocrx_word' id='word_1_204' title='bbox 492 2494 666 2574; x_wconf 84' lang='grc' dir='ltr'><strong><em>δακτύλοις</em></strong></span> <span class='ocrx_word' id='word_1_205' title='bbox 682 2498 893 2582; x_wconf 83' lang='grc' dir='ltr'><strong><em>εἰλούμενον,</em></strong></span> <span class='ocrx_word' id='word_1_206' title='bbox 918 2493 1104 2579; x_wconf 88' lang='grc' dir='ltr'><strong><em>ἀνέκραγον</em></strong></span> <span class='ocrx_word' id='word_1_207' title='bbox 1121 2490 1179 2559; x_wconf 85' lang='grc' dir='ltr'><strong><em>εό-</em></strong></span> 
     </span>
     <span class='ocr_line' id='line_1_25' title="bbox 174 2584 1177 2679; baseline 0.002 -28"><span class='ocrx_word' id='word_1_208' title='bbox 174 2586 242 2661; x_wconf 84' lang='grc' dir='ltr'><strong><em>θός</em></strong></span> <span class='ocrx_word' id='word_1_209' title='bbox 262 2587 317 2651; x_wconf 77' lang='grc' dir='ltr'><strong><em>καὶ</em></strong></span> <span class='ocrx_word' id='word_1_210' title='bbox 329 2584 512 2670; x_wconf 71' lang='grc' dir='ltr'><strong><em>ἠσπάζοντο</em></strong></span> <span class='ocrx_word' id='word_1_211' title='bbox 533 2590 593 2658; x_wconf 88' lang='grc' dir='ltr'><strong><em>τόν</em></strong></span> <span class='ocrx_word' id='word_1_212' title='bbox 608 2592 694 2661; x_wconf 84' lang='grc' dir='ltr'><strong><em>θεὸν</em></strong></span> <span class='ocrx_word' id='word_1_213' title='bbox 715 2597 769 2661; x_wconf 78' lang='grc' dir='ltr'><strong><em>καὶ</em></strong></span> <span class='ocrx_word' id='word_1_214' title='bbox 786 2592 848 2679; x_wconf 83' lang='grc' dir='ltr'><strong><em>τήν</em></strong></span> <span class='ocrx_word' id='word_1_215' title='bbox 868 2593 966 2661; x_wconf 91' lang='grc' dir='ltr'><strong><em>πόλιν</em></strong></span> <span class='ocrx_word' id='word_1_216' title='bbox 980 2590 1177 2676; x_wconf 80' lang='grc' dir='ltr'><strong><em>ἐμακάριζον</em></strong></span> 
     </span>
    </p>

    <p class='ocr_par' dir='ltr' id='par_1_4' title="bbox 93 2680 1180 2972">
     <span class='ocr_line' id='line_1_26' title="bbox 93 2680 1178 2778; baseline 0.005 -31"><span class='ocrx_word' id='word_1_217' title='bbox 93 2767 98 2775; x_wconf 19' lang='lat'>¹</span> <span class='ocrx_word' id='word_1_218' title='bbox 175 2682 230 2747; x_wconf 81' lang='grc' dir='ltr'><strong><em>καὶ</em></strong></span> <span class='ocrx_word' id='word_1_219' title='bbox 245 2680 371 2766; x_wconf 87' lang='grc' dir='ltr'><strong><em>χανδόν</em></strong></span> <span class='ocrx_word' id='word_1_220' title='bbox 389 2685 526 2765; x_wconf 81' lang='grc' dir='ltr'><strong><em>ἕκαστος</em></strong></span> <span class='ocrx_word' id='word_1_221' title='bbox 545 2692 786 2776; x_wconf 78' lang='grc' dir='ltr'><strong><em>ἐνεπίμπλαντο</em></strong></span> <span class='ocrx_word' id='word_1_222' title='bbox 807 2700 874 2759; x_wconf 79' lang='grc' dir='ltr'><strong><em>τῶν</em></strong></span> <span class='ocrx_word' id='word_1_223' title='bbox 898 2691 1018 2778; x_wconf 84' lang='grc' dir='ltr'><strong><em>εύχῶν,</em></strong></span> <span class='ocrx_word' id='word_1_224' title='bbox 1044 2698 1178 2772; x_wconf 87' lang='grc' dir='ltr'><strong><em>θησαυ-</em></strong></span> 
     </span>
     <span class='ocr_line' id='line_1_27' title="bbox 175 2778 1179 2874; baseline -0.006 -17"><span class='ocrx_word' id='word_1_225' title='bbox 175 2778 256 2864; x_wconf 67' lang='grc' dir='ltr'><strong><em>ροὺς</em></strong></span> <span class='ocrx_word' id='word_1_226' title='bbox 272 2782 326 2847; x_wconf 70' lang='grc' dir='ltr'><strong><em>καὶ</em></strong></span> <span class='ocrx_word' id='word_1_227' title='bbox 341 2784 505 2863; x_wconf 77' lang='grc' dir='ltr'><strong><em>πλούτους</em></strong></span> <span class='ocrx_word' id='word_1_228' title='bbox 521 2791 575 2855; x_wconf 83' lang='grc' dir='ltr'><strong><em>καὶ</em></strong></span> <span class='ocrx_word' id='word_1_229' title='bbox 586 2787 716 2874; x_wconf 82' lang='grc' dir='ltr'><strong><em>ὑγίειαν</em></strong></span> <span class='ocrx_word' id='word_1_230' title='bbox 731 2792 785 2857; x_wconf 80' lang='grc' dir='ltr'><strong><em>καὶ</em></strong></span> <span class='ocrx_word' id='word_1_231' title='bbox 797 2787 837 2857; x_wconf 85' lang='grc' dir='ltr'><strong><em>τά</em></strong></span> <span class='ocrx_word' id='word_1_232' title='bbox 850 2789 932 2857; x_wconf 84' lang='grc' dir='ltr'><strong><em>ἀλλα</em></strong></span> <span class='ocrx_word' id='word_1_233' title='bbox 947 2784 1058 2873; x_wconf 85' lang='grc' dir='ltr'><strong><em>ἀγαθά</em></strong></span> <span class='ocrx_word' id='word_1_234' title='bbox 1077 2792 1179 2853; x_wconf 76' lang='grc' dir='ltr'><strong><em>αἰτῶν</em></strong></span> 
     </span>
     <span class='ocr_line' id='line_1_28' title="bbox 174 2876 1180 2972; baseline 0.007 -28"><span class='ocrx_word' id='word_1_235' title='bbox 174 2878 254 2961; x_wconf 86' lang='grc' dir='ltr'><strong><em>παρ’</em></strong></span> <span class='ocrx_word' id='word_1_236' title='bbox 271 2876 384 2947; x_wconf 79' lang='grc' dir='ltr'><strong><em>αὐτοῦ.</em></strong></span> <span class='ocrx_word' id='word_1_237' title='bbox 409 2878 426 2949; x_wconf 90' lang='grc' dir='ltr'>ὁ</span> <span class='ocrx_word' id='word_1_238' title='bbox 442 2882 477 2949; x_wconf 73' lang='grc' dir='ltr'><strong><em>δὲ</em></strong></span> <span class='ocrx_word' id='word_1_239' title='bbox 493 2888 649 2970; x_wconf 75' lang='grc' dir='ltr'><strong><em>δρομαῖος</em></strong></span> <span class='ocrx_word' id='word_1_240' title='bbox 664 2880 764 2964; x_wconf 83' lang='grc' dir='ltr'><strong><em>αὖθις</em></strong></span> <span class='ocrx_word' id='word_1_241' title='bbox 778 2888 829 2954; x_wconf 84' lang='grc' dir='ltr'><strong><em>ἐπὶ</em></strong></span> <span class='ocrx_word' id='word_1_242' title='bbox 843 2885 905 2972; x_wconf 89' lang='grc' dir='ltr'><strong><em>τήν</em></strong></span> <span class='ocrx_word' id='word_1_243' title='bbox 917 2894 1025 2954; x_wconf 88' lang='grc' dir='ltr'><strong><em>οίκίαν</em></strong></span> <span class='ocrx_word' id='word_1_244' title='bbox 1037 2890 1104 2952; x_wconf 80' lang='grc' dir='ltr'><strong><em>ἵετο</em></strong></span> <span class='ocrx_word' id='word_1_245' title='bbox 1117 2887 1180 2970; x_wconf 82' lang='grc' dir='ltr'><strong><em>φέ-</em></strong></span> 
     </span>
    </p>

    <p class='ocr_par' dir='ltr' id='par_1_5' title="bbox 105 2975 1176 3267">
     <span class='ocr_line' id='line_1_29' title="bbox 105 2975 1176 3072; baseline 0.002 -28"><span class='ocrx_word' id='word_1_246' title='bbox 105 2990 158 3045; x_wconf 73' lang='lat'><strong><em>223</em></strong></span> <span class='ocrx_word' id='word_1_247' title='bbox 176 3001 246 3060; x_wconf 89' lang='grc' dir='ltr'><strong><em>ρων</em></strong></span> <span class='ocrx_word' id='word_1_248' title='bbox 260 2975 328 3063; x_wconf 80' lang='grc' dir='ltr'><strong><em>ἅμα</em></strong></span> <span class='ocrx_word' id='word_1_249' title='bbox 342 2978 468 3047; x_wconf 73' lang='grc' dir='ltr'><strong><em>καὶτὸν</em></strong></span> <span class='ocrx_word' id='word_1_250' title='bbox 481 2979 718 3071; x_wconf 82' lang='grc' dir='ltr'><strong><em>ἀρτιγέννητον</em></strong></span> <span class='ocrx_word' id='word_1_251' title='bbox 733 2983 927 3070; x_wconf 82' lang='grc' dir='ltr'><strong><em>Ἀσκληπιὸν</em></strong></span> <span class='ocrx_word' id='word_1_252' title='bbox 943 2988 992 3062; x_wconf 81' lang='grc' dir='ltr'><strong><em>δὶς</em></strong></span> <span class='ocrx_word' id='word_1_253' title='bbox 1006 2986 1176 3072; x_wconf 76' lang='grc' dir='ltr'><strong><em>τεχθέντα,</em></strong></span> 
     </span>
     <span class='ocr_line' id='line_1_30' title="bbox 174 3072 1176 3167; baseline 0.006 -28"><span class='ocrx_word' id='word_1_254' title='bbox 174 3072 229 3140; x_wconf 86' lang='grc' dir='ltr'><strong><em>ὅτε</em></strong></span> <span class='ocrx_word' id='word_1_255' title='bbox 243 3073 338 3143; x_wconf 81' lang='grc' dir='ltr'><strong><em>ἄλλοι</em></strong></span> <span class='ocrx_word' id='word_1_256' title='bbox 352 3075 438 3156; x_wconf 80' lang='grc' dir='ltr'><strong><em>ἅπαξ</em></strong></span> <span class='ocrx_word' id='word_1_257' title='bbox 453 3086 617 3150; x_wconf 89' lang='grc' dir='ltr'><strong><em>τίκτουται</em></strong></span> <span class='ocrx_word' id='word_1_258' title='bbox 634 3082 828 3167; x_wconf 86' lang='grc' dir='ltr'><strong><em>ἀνθρωποι,</em></strong></span> <span class='ocrx_word' id='word_1_259' title='bbox 850 3079 912 3149; x_wconf 81' lang='grc' dir='ltr'><strong><em>οὐκ</em></strong></span> <span class='ocrx_word' id='word_1_260' title='bbox 934 3085 969 3148; x_wconf 87' lang='grc' dir='ltr'><strong><em>έκ</em></strong></span> <span class='ocrx_word' id='word_1_261' title='bbox 984 3083 1176 3162; x_wconf 84' lang='grc' dir='ltr'><strong><em>Κορωνίδος</em></strong></span> 
     </span>
     <span class='ocr_line' id='line_1_31' title="bbox 174 3170 1176 3291; baseline 0.004 -52"><span class='ocrx_word' id='word_1_262' title='bbox 174 3170 220 3291; x_wconf 83' lang='grc' dir='ltr'><strong><em>μά</em></strong></span> <span class='ocrx_word' id='word_1_263' title='bbox 235 3172 292 3241; x_wconf 91' lang='grc' dir='ltr'><strong><em>Δί’</em></strong></span> <span class='ocrx_word' id='word_1_264' title='bbox 311 3172 394 3243; x_wconf 89' lang='grc' dir='ltr'><strong><em>ούδέ</em></strong></span> <span class='ocrx_word' id='word_1_265' title='bbox 409 3203 447 3262; x_wconf 90' lang='grc' dir='ltr'><strong><em>γε</em></strong></span> <span class='ocrx_word' id='word_1_266' title='bbox 466 3180 632 3267; x_wconf 81' lang='grc' dir='ltr'><strong><em>κορύνης,</em></strong></span> <span class='ocrx_word' id='word_1_267' title='bbox 658 3178 731 3248; x_wconf 85' lang='grc' dir='ltr'><strong><em>ἀλλ’</em></strong></span> <span class='ocrx_word' id='word_1_268' title='bbox 749 3182 784 3246; x_wconf 87' lang='grc' dir='ltr'><strong><em>έκ</em></strong></span> <span class='ocrx_word' id='word_1_269' title='bbox 801 3176 900 3263; x_wconf 83' lang='grc' dir='ltr'><strong><em>χηνός</em></strong></span> <span class='ocrx_word' id='word_1_270' title='bbox 921 3180 1176 3264; x_wconf 90' lang='grc' dir='ltr'><strong><em>γεγεννημένον.</em></strong></span> 
     </span>
    </p>

    <p class='ocr_par' dir='ltr' id='par_1_6' title="bbox 174 3267 1180 3442">
     <span class='ocr_line' id='line_1_32' title="bbox 174 3267 1180 3365; baseline 0.005 -28"><span class='ocrx_word' id='word_1_271' title='bbox 174 3295 192 3335; x_wconf 95' lang='grc' dir='ltr'><strong><em>ο</em></strong></span> <span class='ocrx_word' id='word_1_272' title='bbox 179 3267 244 3338; x_wconf 66' lang='grc' dir='ltr'><strong><em>’δὲ</em></strong></span> <span class='ocrx_word' id='word_1_273' title='bbox 258 3272 373 3351; x_wconf 78' lang='grc' dir='ltr'><strong><em>λεώς”</em></strong></span> <span class='ocrx_word' id='word_1_274' title='bbox 351 3298 438 3352; x_wconf 83' lang='grc' dir='ltr'><strong><em>απας</em></strong></span> <span class='ocrx_word' id='word_1_275' title='bbox 447 3273 646 3365; x_wconf 80' lang='grc' dir='ltr'><strong><em>ἠκολούθει,</em></strong></span> <span class='ocrx_word' id='word_1_276' title='bbox 663 3280 784 3355; x_wconf 86' lang='grc' dir='ltr'><strong><em>πάντες</em></strong></span> <span class='ocrx_word' id='word_1_277' title='bbox 798 3284 911 3346; x_wconf 80' lang='grc' dir='ltr'><strong><em>ἔνθεοι</em></strong></span> <span class='ocrx_word' id='word_1_278' title='bbox 926 3281 982 3345; x_wconf 78' lang='grc' dir='ltr'><strong><em>καὶ</em></strong></span> <span class='ocrx_word' id='word_1_279' title='bbox 996 3276 1180 3363; x_wconf 88' lang='grc' dir='ltr'><strong><em>μεμηνότες</em></strong></span> 
     </span>
     <span class='ocr_line' id='line_1_33' title="bbox 174 3364 488 3442; baseline 0.02 -7"><span class='ocrx_word' id='word_1_280' title='bbox 174 3364 240 3435; x_wconf 83' lang='grc' dir='ltr'><strong><em>ὑπὸ</em></strong></span> <span class='ocrx_word' id='word_1_281' title='bbox 255 3378 323 3437; x_wconf 82' lang='grc' dir='ltr'><strong><em>τῶν</em></strong></span> <span class='ocrx_word' id='word_1_282' title='bbox 337 3374 488 3442; x_wconf 78' lang='grc' dir='ltr'><strong><em>ἐλπίδων.</em></strong></span> 
     </span>
    </p>
   </div>
   <div class='ocr_carea' id='block_1_3' title="bbox 0 0 1292 3842">
    <p class='ocr_par' dir='ltr' id='par_1_7' title="bbox 0 0 1292 3842">
     <span class='ocr_line' id='line_1_34' title="bbox 0 0 1292 3842; baseline 0 1"><span class='ocrx_word' id='word_1_283' title='bbox 0 0 1292 3842; x_wconf 95' lang='lat' dir='ltr'><strong><em> </em></strong></span> 
     </span>
    </p>
   </div>
  </div>
 </body>
</html>
