2575 3842
346 181 474 238 YHEP
495 180 593 239 ΤΩΝ
614 182 855 243 ΕΙΚΟΝΩΝ.
1037 183 1098 248 251

93 334 158 422 γάρ
180 334 301 422 μικρόν
323 344 420 404 τοῦτο
445 335 675 423 εὐδαιμόνημα
699 341 802 426 γυνή,
828 343 904 427 περὶ
923 336 962 430 ἧς
987 341 1031 410 ἅν
1050 370 1100 422 τις

94 431 239 519 εὐλόγως
254 430 290 500 τό
308 431 487 519 Ὁμηρικόν
502 436 608 501 ἐκεῖνο
631 444 735 520 είποι,
756 445 892 527 χρυσείῃ
913 439 975 524 μὲν
991 437 1097 525 αὐτὴν
1114 446 1166 498 48²

90 527 266 618 Ἀφροδίτῃ
277 533 395 612 ἐρίζειν
411 528 447 598 τό
460 531 598 615 κάλλος,
614 537 695 617 ἔργα
708 532 744 600 δέ
756 531 916 624 Ἀθηναίῃ
927 534 1010 624 αὐτῇ
1026 542 1097 604 ίσο-

92 634 251 713 φαρίζειυ.
275 636 448 712 γυναικῶν
463 627 528 714 γάρ
549 631 701 708 συνόλως
715 628 778 698 οὐκ
798 630 843 699 άν
858 658 907 710 τις
925 641 1097 720 παραβλη-

93 733 168 811 θείῃ
185 724 267 813 αὐτῇ
285 723 349 811 ,μό
362 729 461 812 δέμας
474 724 551 794 οὐδὲ
563 729 696 814 φυήν,“
714 725 982 816 φησίνὍμῃρος,
999 726 1094 814 ,φάτ’

93 819 135 907 άρ
151 825 277 907 φρένας
294 821 370 890 οὔτε
384 851 415 890 τι
435 828 548 908 ἐργα.“
808 888 811 894 ,

175 926 226 987 23.
250 927 353 988 110A.
379 919 504 1006 Ἀληθῆ
523 920 605 1006 φής,
634 913 817 989 οἶΛυκίνε·
844 921 928 989 ὥστε
945 928 976 991 εί
994 926 1094 1005 δοκεῖ,

91 1014 306 1101 ἀναμίξαντες
325 1015 387 1102 ἤδη
405 1015 464 1096 τάς
481 1017 629 1102 εἰκόνας,
652 1015 696 1103 ἥν
711 1044 746 1086 τε
765 1016 809 1086 σε)
825 1016 1013 1098 ἀνέπλασας
1033 1017 1094 1105 τὴν
1113 1033 1165 1086 483

90 1123 151 1184 τοῦ
167 1116 317 1200 σώματος
331 1118 385 1183 καί
403 1112 442 1193 όὶς
458 1112 522 1200 ἐγω
537 1122 593 1201 τῆς
614 1122 722 1201 ψυχῆς
736 1116 947 1202 ἐγραψάμην,
972 1123 1051 1202 μίαν
1063 1118 1095 1195 ἐξ

91 1210 230 1279 ἁπασῶν
250 1216 432 1290 συνθέντες
453 1214 485 1289 ἐς
504 1218 636 1298 βιβλίον
659 1216 880 1298 καταθέμενοι
901 1216 1096 1299 παρέχωμεν

90 1307 194 1376 ἅπασι
213 1311 399 1394 θαυμάζειν
422 1322 489 1386 τοῖς
508 1333 543 1374 τε
560 1315 626 1374 νῦν
646 1301 724 1376 οόσι
743 1311 798 1376 καί
818 1323 885 1387 τοίς
909 1312 946 1376 ἐν
968 1307 1096 1399 ὑστέρφ

3 1479 4 1484 ,
90 1409 275 1493 ἐσομένοις·
302 1410 510 1491 μονιμωτέρα
526 1413 612 1491 γοῦν
632 1412 701 1473 τῶν
711 1403 872 1474 Ἀπελλοῦ
891 1410 946 1475 καὶ
958 1414 1095 1492 Παρρα-

90 1512 165 1572 σίου
179 1507 234 1571 καί
247 1504 473 1590 Πολυγνώτου
488 1500 610 1590 γένοιτ’
630 1501 690 1589 άν,
713 1506 767 1572 καί
782 1502 865 1590 αὐτὴ
882 1508 990 1592 ἐκείνῃ
1005 1504 1094 1591 παρά

89 1598 177 1669 πολὺ
192 1600 434 1668 τῶντοιούτων
447 1603 690 1686 κεχωρισμένῃ,
708 1600 777 1691 ὅσφ
790 1602 836 1686 μὴ
848 1603 951 1682 ξόλου
962 1605 1018 1671 καί
1031 1630 1094 1688 κῃ·
1111 1618 1163 1672 484

90 1707 153 1783 ροῦ
170 1701 224 1767 καὶ
238 1699 421 1784 χρωμάτων
436 1705 625 1783 πεποίηται,
649 1695 734 1765 άλλᾶ
751 1712 821 1776 ταῖς
836 1698 925 1781 παρὰ
941 1708 1095 1769 Μουσῶν

90 1799 273 1876 ἐπιπνοίαις
287 1806 448 1880 είκασται,
464 1793 548 1880 ἥπερ
564 1791 783 1879 ἀκριβεστάτη
798 1793 898 1864 είκόν
914 1796 1036 1882 γένοιτ’
1050 1794 1094 1863 άν

89 1895 240 1980 σώματος
253 1893 374 1972 κάλλος
389 1896 445 1960 καί
460 1898 566 1977 ψυχῆς
580 1887 702 1974 ἀρετὴν
717 1889 785 1976 άμα
799 1895 1032 1978 ἐμφανίζουσα.

290 2309 442 2377 ΥΠΕΡ
476 2307 597 2376 ΤΩΝ
622 2305 895 2375 ΕΙΚΟΝΩΝ.

171 2475 201 2538 1.
222 2475 566 2537 ΠΟΛΥΣΤΡΑΤΟΣ.
593 2465 675 2553 Ἐγώ
690 2489 760 2554 σοι,
782 2460 967 2551 όΛυκῑνε,
988 2468 1091 2551 φησὶν
1121 2497 1125 2506 ·

86 2567 227 2654 ἡγυνή,
248 2564 288 2634 τά
305 2568 366 2651 μέν
387 2564 469 2634 ἄλλα
484 2563 611 2651 πολλὴν
627 2568 756 2634 ἐνεῖδον
769 2563 831 2650 τὴν
852 2562 988 2632 εὔνοιαν
1008 2560 1092 2646 πρὸς

86 2667 142 2751 ἐμὲ
159 2667 213 2732 καὶ
232 2662 330 2749 τιμὴν
347 2666 383 2732 ἐκ
399 2671 459 2731 τοῦ
479 2664 751 2750 συγγράμματος·
780 2660 901 2748 οὐγὰρ
921 2657 966 2728 άν
985 2659 1091 2739 οὕτως

87 2759 290 2845 ὑπερεπῄνει
309 2786 372 2843 τις,
395 2766 426 2829 εί
443 2758 487 2845 μὴ
504 2764 559 2828 καί
580 2759 652 2846 μετ’
671 2759 803 2838 εὐνοίας
820 2763 1025 2845 συνέγραφε·
1052 2750 1089 2824 τό

88 2858 124 2923 δὲ
135 2853 216 2940 ἐμόν
229 2853 271 2933 ὡς
283 2851 326 2921 άν
338 2860 435 2943 εἰδῇς,
445 2858 575 2924 τοιόνδε
586 2861 689 2925 ἐστίν·
709 2856 787 2925 οὐδέ
798 2855 905 2934 άλλως
915 2857 977 2942 μὲν
989 2861 1090 2940 χαίρω

87 2968 155 3032 τοῖς
166 2962 352 3032 κολακικοῖς
366 2952 427 3022 τόν
440 2955 581 3040 τρόπον,
598 2954 682 3026 άλλά
693 2983 750 3042 μοι
762 2961 921 3023 δοκοῦσιν
933 2960 966 3022 οί
978 2961 1091 3022 τοιοῦ-

85 3078 137 3120 τοι
154 3050 270 3136 γόητες
286 3048 370 3117 εἶναι
391 3053 445 3119 καὶ
459 3050 576 3138 ἥκιστα
591 3053 767 3135 ἐλεύθεροι
781 3048 844 3136 τὴν
858 3051 980 3137 φύσιν,
1002 3052 1039 3118 ἐν
1054 3052 1090 3119 δὲ

85 3162 152 3226 τοῖς
167 3150 313 3224 ἐπαίνοις
327 3148 484 3234 μάλιστα,
506 3147 587 3218 όταν
600 3177 650 3228 τις
671 3152 789 3237 ἐπαινῇ
805 3175 845 3233 με
860 3145 1021 3233 φορτικὰς
1035 3151 1090 3215 καί

86 3240 310 3332 ὑπερμέτρους
320 3245 521 3331 ποιούμενος
535 3244 593 3325 τάς
606 3243 812 3333 ὑπερβολάς,
829 3246 980 3330 ἐρυθριῶ
989 3271 1024 3312 τε
1035 3247 1089 3312 καὶ

85 3337 200 3427 ὀλίγον
216 3346 287 3411 δεῖν
302 3343 541 3432 ἐπιφράττομαι
561 3343 601 3412 τά
624 3337 691 3412 ω’τα
708 3344 762 3412 καί
779 3339 816 3410 τό
833 3349 969 3430 πρᾶγμα
985 3343 1087 3431 χλεόῃ
1105 3355 1158 3410 485
