2575 3842
421 145 427 152 ⁶
525 187 726 246 εοανιιε.
1068 189 1129 252 225
1183 258 1185 262 ,

120 350 256 428 καιρίως
270 342 462 431 παράστηθι
474 350 585 429 φιλίας
597 342 792 432 εὐγνώμων,
809 348 991 434 ίεροφάντα
1002 370 1130 436 μυστη-

120 439 332 527 ρίωνἚρως,
350 439 390 507 οὐ
400 439 506 508 κακὸν
517 441 638 527 νήπιον
650 440 767 511 ὁποῖον
780 447 965 531 ζωγράφων
976 452 1128 528 παίζουσι

118 552 239 628 χεῖρες,
263 537 335 609 ἄλλ’
355 537 396 607 ὃν
412 539 432 627 ῆ
448 541 686 625 πρωτοσπόρος
705 546 884 630 ἐγέννησεν
904 543 985 631 άρχῆ
1002 550 1128 614 τέλειον

120 633 208 705 εὐθυ
225 641 400 723 τεχθέντα·
423 635 465 704 σύ
477 635 541 724 γάρ
554 641 585 717 ἐξ
601 636 754 723 ἀφανοῦς
765 643 820 707 καὶ
832 646 1012 728 κεχυμένης
1021 641 1126 729 άμορ-

119 738 197 819 φίας
216 732 253 800 τὰ
274 742 343 802 πᾶν
362 733 568 822 ἐμόρφωσας.
603 733 713 821 οἵσπερ
734 731 798 803 οὐν
819 736 901 806 ὅλου
923 739 1051 825 κόσμον
1068 742 1129 808 τά·

119 857 186 915 φον
207 829 281 899 τινά
308 831 425 898 κοινόν
450 830 586 920 άφελιδν
607 831 644 901 τό
668 842 900 921 περικείμενον
919 837 998 922 χάος
1019 841 1126 905 έκεῖνο

118 928 180 1013 μὲν
206 931 238 1006 ἐς
260 931 415 1015 ἐσχάτους
432 931 598 1016 ταρτάρου
621 930 747 1018 μυχούς
764 935 1010 1019 ε’φνγάδενσας,
1041 941 1126 1002 ἔνθα

119 1021 163 1103 ὡς
179 1024 315 1112 άληθῶς

270 1124 434 1210 σιδήρειαί
445 1150 480 1191 τε
494 1125 596 1193 πύλαι
613 1129 667 1193 καὶ
681 1126 818 1211 χάλκεος
834 1125 945 1213 οὐδός,

117 1217 208 1298 ὅπως
219 1218 273 1288 ὑπ’
286 1219 454 1310 άρρῆκτοο
466 1224 566 1311 δεδὲν
578 1232 730 1308 φρουράς
740 1230 797 1310 τῆς
808 1230 950 1310 ἔμπαλιν
961 1223 1044 1293 ὁδοῦ
1056 1236 1126 1312 ελρ·

117 1344 229 1403 γηται·
262 1327 401 1410 λαμπρῷ
425 1320 461 1388 δὲ
486 1323 571 1406 φωτὶ
592 1318 654 1406 τῆν
676 1318 833 1406 άμαυράυ
854 1324 959 1390 νύκτα
982 1324 1124 1400 πετάσας

117 1413 240 1494 παντὸς
252 1415 383 1503 άψόχου
395 1422 495 1486 τεκαὶ
508 1416 618 1504 ψυχῆν
630 1425 762 1504 ἔχοντος
776 1422 893 1504 ἐγένου
903 1420 1122 1507 δημιουργός·
1141 1440 1193 1496 433

115 1518 282 1598 ἐξαίρετον
300 1518 336 1584 δὲ
358 1517 538 1603 ἐγκεράσας
560 1517 722 1605 ὁμόνοιαν
743 1517 938 1605 ἀνθρώποις
956 1516 994 1586 τὰ
1019 1516 1124 1605 σεμνά

117 1621 228 1699 φιλίας
242 1615 336 1701 πάθη
352 1623 518 1702 συνῆψας,
534 1615 581 1683 ἵν’
598 1619 631 1696 ἐξ
648 1615 777 1684 άκάιιον
788 1619 841 1684 καλ
853 1615 981 1702 ἁπαλῆς
997 1622 1043 1684 ἔτι
1056 1630 1124 1699 ψυ-

116 1719 172 1798 χῆς
186 1709 206 1797 ῆ
224 1710 338 1780 εὐνοια
350 1718 640 1800 συνεκτρεφομένη
653 1713 737 1798 πρὸς
750 1711 787 1780 τό
804 1718 930 1781 τέλειον
944 1713 1121 1799 άνδρῶται.

116 1813 165 1876 33.
181 1809 281 1895 γάμοι
296 1809 358 1896 μέν
371 1809 436 1896 γάρ
452 1816 604 1898 διαδοχῆς
620 1809 802 1896 ἀναγκαίας
816 1810 973 1898 εὕρηνται
987 1814 1123 1898 φάρμα-

114 1934 172 1991 κα,
200 1907 304 1993 μόνος
319 1907 383 1976 δὲὸ
401 1907 508 1996 άρρην
520 1915 602 1994 ἔρως
614 1911 805 1994 φιλοσόφου
819 1909 924 1976 καλόν
937 1911 1004 1977 έστι
1016 1915 1122 1994 ψυχῆς

114 2007 284 2091 ἐπίταγμα.
309 2013 389 2072 πᾶσι
405 2009 441 2074 δὲ
457 2022 525 2086 τοῖς
539 2009 574 2074 ἐκ
591 2014 652 2072 τοῦ
669 2006 842 2091 περιόντος
857 2012 903 2084 ελς
922 2005 1122 2090 εὐπρέπειαν

115 2099 311 2192 ῆσκημένοις
322 2106 432 2174 ἕπεται
447 2105 523 2192 τιμῆ
538 2112 661 2174 πλείων
672 2099 692 2189 ῆ
704 2101 766 2171 ὅσα
780 2111 836 2189 τῆς
851 2102 1002 2188 παραυτά
1013 2110 1123 2188 χρείας

113 2207 286 2290 ἐπιδεῖται,
308 2207 362 2272 καλ
382 2205 490 2289 πάντη
504 2212 564 2273 τοῦ
588 2202 772 2288 ἀναγκαίου
786 2201 823 2269 τό
841 2200 946 2270 καλὸν
961 2216 1119 2286 κρεῖττον.

112 2301 187 2389 άχρι
198 2304 260 2389 μὲν
275 2296 339 2371 οὐν
354 2300 456 2390 ὁβίος
472 2299 606 2389 άμαθῆς
621 2296 666 2389 ῆν
681 2299 811 2369 οὐδέπω
827 2309 884 2389 τῆς
897 2298 978 2370 καθ’
994 2298 1121 2387 ῆμέραν

112 2407 226 2484 πείρας
242 2398 324 2486 πρὸς
344 2398 381 2468 τδ
401 2403 533 2487 βέλτιον
554 2399 739 2486 εὐσχολῶν,
767 2397 942 2486 ἀγαπητῶς
961 2397 1012 2466 ἐπ’
1035 2398 1120 2466 αὐτοὶ

112 2495 151 2566 τά
168 2495 333 2585 άναγκαϊα
350 2502 599 2584 συνεστέλλετο,
617 2506 675 2584 τῆς
690 2498 727 2565 δὲ
742 2496 873 2584 άγαθῆς
889 2501 1015 2582 διαίτης
1031 2498 1120 2564 ε’πεί-

112 2623 182 2682 γων
204 2595 221 2664 ὸ
242 2596 361 2682 χρόνος
382 2595 423 2664 οὐ
444 2601 606 2682 παρέσχεν
627 2597 770 2680 εὕρεσιν.
811 2594 924 2683 ἐπειδῆ
947 2595 984 2664 δὲ
1005 2600 1042 2663 αλ
1058 2596 1121 2681 μέν

112 2699 332 2783 έσπευσμέναι
341 2710 447 2782 χρεῖαι
459 2698 560 2780 πέρας
576 2695 674 2781 εἶχον,
690 2702 724 2764 οί
731 2697 767 2764 δὲ
779 2705 847 2764 τῶν
859 2697 1122 2782 ἐπιγιγνομένων

111 2792 161 2862 άελ
177 2796 328 2881 λογισμοὶ
343 2801 400 2880 τῆς
416 2792 564 2880 άνάγκης
578 2791 761 2878 άφεθέντες
776 2793 962 2880 ηὐκαίρουν
977 2796 1121 2860 ἐπινοεῖν

110 2919 141 2960 τι
166 2900 234 2959 των
256 2891 473 2977 κρειττόνων,
501 2897 537 2960 έκ
566 2892 690 2959 τούτου
713 2890 785 2960 κατ’
811 2891 925 2977 ὀλίγον
947 2894 1122 2976 έπιστῆμαι
1186 2964 1189 2968 ,

110 2990 325 3076 συνηάξουτο.
342 2999 439 3058 τοῦτο
452 2989 484 3058 δ’
497 2989 577 3077 ἡμῖν
590 2987 654 3057 άπό
665 2997 734 3057 τῶν
745 2991 982 3072 έντελεστέρων
994 2995 1120 3074 τεχνῶν

109 3095 238 3157 ἔνεστιν
251 3089 399 3170 εἰκάζειν.
423 3087 540 3158 αὐτίκα
553 3094 681 3175 πρῶτοί
692 3113 779 3165 τινες
790 3086 965 3172 άνδρωποι
978 3086 1118 3173 γενόμε-
1139 3101 1189 3156 434

110 3213 162 3254 νοι
178 3193 238 3255 τοῦ
251 3185 332 3255 καθ’
348 3184 476 3274 ἡμέραν
486 3194 587 3274 λιμοῦ
602 3185 780 3272 φάρμακον
792 3185 945 3271 ἐζήτουν,
961 3182 1027 3252 εἷθ’
1044 3181 1120 3252 άλι-

109 3286 267 3372 σκόμενοι
282 3292 322 3372 τῆ
339 3283 422 3371 πρός
433 3283 469 3352 τό
488 3283 597 3370 παρόν
612 3288 738 3374 ένδειήι,
754 3290 812 3369 τῆς
827 3281 966 3367 άπορίας
982 3279 1043 3350 οὐκ
1056 3281 1119 3349 έω’-

108 3408 166 3471 σης
183 3388 317 3453 ἑλέσθαι
331 3381 367 3451 τό
384 3387 531 3472 βέλτιον,
553 3381 614 3471 τῆν
628 3389 757 3452 είκαίαν
775 3382 863 3450 πόαν
878 3385 1047 3534 ε’σιτιοῧύντο
1062 3382 1117 3448 καὶ

192 3496 296 3534 Luem«.
318 3479 350 3534 11.
