2575 3842
388 209 598 278 ΤΟΞΑΡΙΣ
619 218 646 268 Η
667 214 826 272 ΦΙΛΙΑ.
1047 212 1108 276 997

96 373 201 442 αὐτοῦ
223 370 421 442 ἐπανελθών
437 375 492 439 καὶ
509 371 667 459 στρατιάν
688 370 816 457 πολλήν
830 373 1031 459 συναγαγών
1053 371 1108 442 διά

96 480 152 557 τής
168 469 301 557 ὀρεινῆς
317 471 487 558 εἰσέβαλεν
507 473 540 548 ές
554 467 618 555 τήν
633 476 810 536 Σκυθίαν
840 469 928 538 καὶὸ
945 469 1108 558 Εὐβίοτος

96 569 137 636 ού
152 568 233 656 μετά
256 567 343 638 πολι)
365 571 420 636 καί
441 561 540 647 οὗτος
558 568 726 636 εἰσέπεσεν
747 567 840 653 ἀγων
860 572 1024 655 πανδημεί
1046 570 1108 655 μὲν

95 664 357 754 τούςἝλληνας,
372 663 532 744 Ἀλανοδς
549 664 587 733 δέ
601 666 657 733 καλ
671 666 895 751 Σαυρομάτας
912 667 1108 752 ἐπικλήτους

96 765 271 847 ἑκατέρους
288 768 501 851 δισμυρίους·
529 762 748 850 ἀναμίξαντες
764 761 855 832 δὲτὰ
871 765 1108 852 ’στρατεύματα

95 860 113 929 6
129 859 291 948 Εὐβίοτος
308 865 364 930 καὶ
386 861 403 930 6
423 860 642 949 Ἀδύρμαχος,
665 864 762 929 ἐννέα
784 861 945 947 μυριάδες
964 859 1107 940 ἅπαντες

96 965 249 1046 ἐγένοντο
264 963 320 1030 καὶ
335 961 466 1030 τούτων
479 959 516 1030 τὸ
533 969 646 1048 τρίτον
660 961 882 1040 ἱπποτοξόται.
905 957 999 1046 ἡμεῖς
1014 959 1050 1029 δὲ
1064 1000 1107 1011 -

97 1061 150 1126 καὶ
163 1057 228 1144 γάρ
245 1056 346 1138 αὐτὸς
361 1063 519 1146 μετέσχον
535 1066 592 1146 τής
608 1058 727 1140 έξόδου
742 1055 856 1136 αὐτοῖς
872 1056 1008 1137 ἐπιδούς
1019 1060 1056 1126 ἐν
1067 1066 1107 1147 τῇ

96 1154 205 1243 βάρση
218 1154 292 1223 τότε
309 1161 428 1236 ἱππέας
443 1152 628 1235 αὐτοτελεῖς
644 1157 764 1224 ἑκατόν
777 1154 870 1223 -ού
886 1165 999 1247 πολλῷ
1013 1163 1107 1225 ἔλατ-

95 1279 155 1320 τον
179 1259 248 1322 ταῖν
274 1263 481 1342 τρισμυρίων
504 1253 660 1334 οὖντοῖς
683 1259 843 1323 ἱππεῦσιν
867 1252 1107 1340 ἀθροισθέντες

95 1349 304 1438 ὑπεμένομεν
312 1351 525 1440 τήνέφοδον·
542 1353 733 1439 ἐστρατήγει
742 1349 808 1420 δὲὸ
822 1350 1035 1437 Ἀρσακόμας.
1051 1351 1107 1417 καὶ

95 1449 207 1538 ἐπειδὴ
219 1453 420 1534 προσιόντας
430 1458 562 1542 εἴδομεν
572 1451 707 1537 αύτούς,
718 1450 950 1538 ἀντεπήγομεν
958 1472 1106 1533 προεπα-

95 1553 212 1635 φέντες
226 1548 263 1617 τὸ
279 1550 426 1620 ἱππικόν.
451 1555 633 1638 γενομένης
647 1552 684 1619 δὲ
700 1552 753 1618 ἐπὶ
767 1547 855 1616 πολύ
869 1548 974 1634 μάχης
988 1572 1107 1633 καρτε-

96 1653 155 1729 ράς
177 1649 327 1714 ἐνεδίδου
348 1645 412 1732 ήδη
434 1646 474 1714 τά
495 1645 636 1733 ἡμέτερα
659 1650 714 1714 καὶ
729 1647 983 1734 παρερρήγνυτο
1001 1642 1022 1731 ἡ
1038 1643 1107 1730 φά-

61 1753 63 1758 ’
95 1749 192 1829 λαγξ,
208 1745 262 1810 καὶ
277 1746 370 1822 τέλος
387 1749 433 1822 είς
446 1745 508 1811 δύο
524 1746 662 1830 διεκόπη
678 1742 715 1811 τό
733 1742 913 1812 Σκυθικόν
927 1742 1035 1828 άπαν,
1051 1743 1106 1810 καὶ

95 1837 132 1906 τό
148 1840 210 1923 μέν
222 1835 412 1924 ὑπέφευγεν
424 1839 466 1907 ού
477 1842 569 1908 πάνυ
583 1849 699 1926 σαφῶς
712 1838 913 1927 ἡττημένον,
933 1837 1007 1909 ἀλλ’
1022 1837 1106 1906 ἀνα-

95 1937 238 2022 χώρησις
258 1934 366 2003 έδόκει
391 1935 411 2022 ή
433 1937 542 2024 φυγή·
572 1935 651 2004 οὐδὲ
672 1937 736 2022 γάρ
759 1943 793 2004 οί
808 1935 939 2004 Ἀλανοὶ
958 1937 1106 2022 ἐτόλμων

96 2036 147 2101 ἐπὶ
164 2031 251 2101 πολὺ
266 2034 415 2103 διώκειν·
438 2032 475 2103 τὸ
492 2037 527 2104 δὲ
541 2033 663 2121 ἥμισυ,
679 2033 760 2119 ὅπερ
776 2035 830 2101 καὶ
845 2038 996 2116 ἔλαττον,
1011 2056 1107 2117 περι-

95 2131 231 2218 σχόντες
254 2135 289 2199 οί
314 2131 444 2201 Ἀλανοὶ
469 2135 525 2200 καί
548 2132 707 2217 Μάχλυες
730 2137 872 2199 ἔκοπτον
894 2126 1106 2212 πανταχόθεν

95 2229 259 2317 ἀφθόνως
273 2228 426 2316 ἀφιέντες
439 2237 506 2298 τάν
518 2237 639 2300 οἰστῶν
654 2231 709 2297 καὶ
721 2226 901 2313 ἀκοντίων,
919 2223 1003 2294 ὥστε
1015 2225 1107 2292 πάνυ

95 2334 279 2399 ἐπονοῦντο
292 2328 389 2417 ήμάν
405 2334 438 2398 οἱ
452 2331 720 2416 περιεσχημένοι,
743 2329 798 2395 καὶ
816 2325 881 2412 ήδη
897 2330 1052 2410 προΐεντο
1073 2328 1106 2392 οἱ
1122 2338 1174 2394 660

94 2433 211 2500 πολλοὶ
227 2431 267 2498 τά
279 2427 375 2499 ὅπλα.
402 2434 454 2500 55.
474 2433 510 2498 έν
524 2430 656 2506 τούτοις
675 2426 782 2493 δὲκαὶ
797 2422 815 2493 6
833 2425 1003 2511 Λογχάτης
1018 2427 1071 2491 καὶ
1087 2421 1104 2491 6

96 2532 273 2614 Μακέντης
294 2535 412 2615 ἔτυχον
433 2527 526 2608 ὅντες
551 2529 607 2597 καὶ
633 2529 812 2613 ἐτέτρωντο
833 2523 897 2612 ήδη
922 2528 1107 2609 προκινδυ-

95 2627 264 2712 νεύοντες,
286 2625 303 2694 ὁ
320 2628 383 2713 μὲν
400 2633 567 2717 στυρακίφ
584 2632 629 2704 είς
643 2624 704 2693 τόν
718 2623 827 2713 μηρὸν
842 2621 860 2692 6
877 2623 1065 2708 Λογχάτης,
1088 2621 1106 2690 6

96 2727 276 2809 Μακέντης
293 2723 329 2791 δὲ
344 2729 474 2792 πελέκει
492 2730 537 2802 είς
552 2722 614 2810 τήν
629 2723 781 2811 κεφαλήν
793 2725 848 2792 καλ
862 2729 970 2812 κοντῷ
986 2728 1031 2800 είς
1045 2718 1106 2788 τόν

97 2817 206 2909 οἷμον·
229 2821 312 2906 ὅπερ
329 2823 532 2909 αἰσθόμενος
549 2819 567 2890 6
581 2821 803 2910 Ἀρσακόμας,
821 2824 859 2889 έν
872 2819 953 2907 ἡμῖν
967 2833 1034 2898 τοῖς
1045 2818 1106 2886 άλ-

95 2932 165 3001 λοις
181 2920 246 3008 όν,
268 2919 382 2989 δεινόν
396 2918 623 3008 ἡγησάμενος,
644 2925 675 2988 εί
694 2919 807 2986 άπεισι
822 2914 1014 2986 καταλιπων
1027 2912 1106 2993 τούς

95 3027 234 3106 φίλους,
262 3015 465 3106 προοβαλάν
489 3016 567 3096 τοὺς
591 3017 732 3102 μύωπας
754 3022 800 3105 τῷ
825 3017 916 3106 λππφ
942 3014 1106 3103 ἐμβοήσας

94 3115 294 3205 ήλαυνεδιὰ
309 3125 377 3186 τόν
393 3124 560 3203 πολεμίων
576 3120 697 3186 κοπίδα
712 3116 904 3202 διηρμένος,
928 3112 1013 3182 ὥστε
1027 3110 1106 3191 τούς

95 3218 259 3304 Μάχλυας
277 3215 360 3305 μηδὲ
380 3213 566 3304 ὑποστῆναι
583 3213 621 3283 τό
642 3214 766 3303 ῥόθιον
785 3220 846 3281 τοῦ
863 3220 996 3300 θυμοῦ,
1021 3209 1105 3280 ἀλλά

95 3319 321 3403 διαιρεθέντες
334 3321 463 3385 ἔδωκαν
475 3313 565 3405 αὐτῷ
578 3319 771 3395 διεξελθεῖν.
794 3308 811 3380 6
823 3310 859 3379 δὲ
874 3308 1105 3398 ἀνακτησάμε-

94 3441 153 3494 νος
169 3415 248 3494 τούς
264 3423 383 3501 φίλους
403 3417 457 3484 καὶ
478 3412 556 3496 τοὺς
571 3413 694 3492 ἀλλους
709 3411 858 3490 ἅπαντας
874 3413 1106 3498 παρακαλέσας
