2575 3842
503 225 737 287 ΕΙΚΟΝΕΣ.
789 223 792 228 ’
1060 228 1120 291 241

201 393 300 454 AYK.
321 382 416 453 Ἀλλά
433 387 604 452 καὶταῦτα
620 383 825 468 μὲνίκανῶς.
849 389 967 454 τῶνδὲ
985 392 1122 456 Φειδίου

116 487 225 569 ἐργων
238 491 272 552 τί
284 482 424 570 μάλιστα
441 481 618 572 ἐπηνεσαςς

200 588 303 649 ΠΟΛ.
329 587 370 647 Τί
384 576 415 646 δ’
435 579 516 649 άλλο
531 575 554 665 η’
569 576 629 664 τὴν
644 586 814 664 Λημνίαν,
833 573 855 667 ᾖ
871 581 926 648 καὶ
943 584 1122 667 ἐπιγράψαι

115 677 264 762 τοῦνομα
281 675 298 745 ὁ
316 681 449 756 Φειδίας
463 675 597 764 ήξίωσες
620 678 675 744 καί
686 674 728 761 νὴ
740 679 807 745 Δία
818 676 879 763 την
892 676 1050 764 Ἀμαζόνα
1062 681 1122 766 τὴν

117 776 373 860 ἐπερειδομένην
387 784 433 865 τῶ
447 781 596 863 δορατίῳ.

200 876 229 939 5.
248 876 346 938 AYK.
373 869 421 938 Τά
438 871 612 954 κάλλιστα,
635 863 663 937 ῶ
683 872 805 954 ἑταῖρε,
827 868 910 937 ῶστε
928 867 1037 937 οὐκέτ’
1059 870 1119 940 άλ-
1138 886 1191 940 463

116 979 186 1038 λων
203 976 359 1056 τεχνιτῶν
374 971 492 1056 δεήσει.
515 973 596 1054 φέρε
609 967 649 1055 δὴ
662 973 694 1049 ἐξ
709 966 920 1054 ἁπασῶνῆδη
934 969 1063 1037 τούτων
1079 971 1122 1050 ῶς

117 1063 190 1135 οἷόν
214 1090 249 1133 τε
266 1067 479 1151 συναρμόσας
498 1073 577 1152 μίαν
594 1087 648 1134 σοι
670 1067 782 1134 είκόνα
807 1070 955 1145 ἐπιδείξω
977 1063 1015 1133 τό
1035 1070 1122 1147 ἐξαί-

117 1186 215 1250 ρετον
231 1161 310 1247 παρ’
328 1163 464 1250 ἑκάστης
480 1169 630 1248 ἔχουσαν.

200 1265 303 1326 ΠΟΛ.
325 1260 391 1327 Καὶ
406 1267 479 1327 τίνα
494 1256 536 1327 ῶν
553 1260 680 1345 τρόπον
694 1261 786 1327 τουτὶ
799 1261 945 1345 γένοιτος

199 1364 299 1425 ΛΤΚ.
326 1354 378 1424 Ού
390 1357 551 1442 χαλεπόν,
568 1350 837 1442 ῶΠολύστρατε,
855 1362 885 1423 εί
897 1353 934 1423 τό
947 1353 1011 1424 άπὸ
1023 1363 1122 1426 τοῦδε

116 1454 321 1539 παραδόντες
334 1451 392 1532 τὰς
410 1454 541 1532 είκόνας
554 1461 600 1540 τῶ
611 1455 701 1545 λόγω
716 1456 950 1540 ἐπιτρέψαιμεν
959 1451 1051 1543 Ιαὐτῶ
1063 1480 1123 1539 με-

115 1565 293 1636 τακοσμεῖν
312 1551 367 1618 καὶ
380 1553 574 1618 συντιθέναι
590 1553 644 1618 καὶ
661 1549 816 1637 ἁρμόζειν
834 1549 876 1629 ῶς
891 1547 935 1618 άν
950 1550 1123 1637 εὐρυθμό-

115 1674 196 1714 τατα
208 1647 344 1715 δύναιτο
360 1647 538 1732 φυλάττων
553 1646 620 1734 ἅμα
631 1646 669 1716 τὸ
686 1649 846 1734 συμμιγὲς
860 1652 967 1716 ἐκεῖνο
980 1650 1034 1716 καὶ
1046 1673 1123 1716 ποι-

115 1750 220 1810 κίλον.

200 1844 303 1904 ΠΟΛ.
335 1828 388 1902 Εύ
413 1837 531 1920 λέγεις·
565 1839 617 1904 καὶ
645 1836 686 1922 δὴ
715 1835 920 1923 παραλαβῶυ
941 1839 1119 1905 δεικνύτω·

117 1935 223 2002 ἐθέλω
243 1931 308 2018 γὰρ
330 1933 451 1998 εἰδέναι
467 1929 487 1998 ό
504 1959 534 2000 τι
557 1934 611 1999 καὶ
626 1933 779 2017 χρήσεται
797 1931 911 2011 αύταίς
933 1931 954 2019 ἢ
975 1933 1064 2011 ὅπως
1085 1938 1121 2001 ἐκ

115 2030 374 2112 τοσούτωνμίαν
383 2025 457 2094 τινά
467 2028 605 2104 συνθεὶς
614 2025 676 2093 οὐκ
686 2025 882 2116 άπάδουσαν
891 2027 1120 2114 ἀπεργάσεται.

200 2145 228 2205 6.
253 2145 352 2205 AYK.
374 2139 439 2205 Καὶ
459 2135 526 2224 μὴν
541 2137 604 2224 ἤδη
620 2160 673 2206 σοι
688 2137 773 2221 ὁρᾶν
791 2141 924 2224 παρέχει
940 2142 1120 2226 γινομένην

117 2235 177 2324 τὴν
193 2236 306 2305 είκόνα
319 2227 384 2302 ῶδε
396 2236 629 2321 συναρμόζων,
648 2243 705 2322 τῆς
716 2239 752 2303 ἐκ
763 2241 890 2304 Κνίδου
901 2234 1047 2322 ἡκούσης
1058 2235 1120 2321 μό-

115 2361 177 2403 νον
191 2332 253 2421 την
267 2330 418 2419 κεφαλὴν
433 2333 561 2419 λαβῶν·
583 2331 763 2419 οὐδὲνγὰρ
779 2341 839 2401 τοῦ
850 2332 954 2401 άλλου
970 2334 1120 2419 στόματος

114 2437 246 2518 γυμνού
256 2429 352 2508 ὄντος
361 2430 510 2516 δεήσεται
522 2455 529 2469 ·
544 2428 584 2497 τά
595 2435 658 2517 μὲν
667 2429 752 2517 ἀμφὶ
760 2429 824 2517 τὴν
832 2432 939 2517 κόμην
951 2434 1004 2500 καὶ
1014 2434 1119 2518 μέτω-

115 2553 180 2596 πον
197 2526 337 2613 ὀφρύων
348 2553 382 2594 τε
398 2525 434 2594 τὸ
451 2525 643 2614 εὔγραμμον
659 2529 747 2596 ἐάσει
765 2534 851 2614 ἔχειν
869 2528 978 2613 ῶσπερ
996 2528 1118 2611 δΠρα-

115 2629 238 2711 ξιτέλης
253 2628 400 2711 ἐποίησε,
417 2627 472 2694 καὶ
486 2633 554 2693 τῶν
568 2625 755 2711 ὀφθαλμῶν
771 2629 807 2693 δὲ
822 2624 859 2694 τό
875 2625 982 2712 ὑγρόν
997 2625 1064 2713 ἅμα
1076 2634 1122 2715 τῶ

115 2727 247 2811 φαιδρῷ
261 2725 316 2791 καί
336 2726 560 2812 κεχαρισμένῳ
579 2727 633 2792 καί
651 2733 748 2792 τοῦτο
765 2727 960 2809 διαφυλάξει
980 2724 1063 2792 κατὰ
1080 2723 1115 2792 τό
1136 2738 1190 2792 464

118 2820 306 2905 Πραξιτέλει
316 2823 456 2886 δοκοῦν
471 2817 510 2886 τά
520 2827 607 2904 μῆλα
617 2822 653 2888 δέ
662 2824 718 2889 καί
728 2820 790 2888 ὅσα
799 2829 856 2908 τῆς
866 2819 972 2903 ὅψεως
984 2818 1119 2889 άντωπά

114 2914 191 3000 παρ’
208 2914 428 3002 Ἀλκαμένους
438 2917 491 2982 καὶ
505 2923 561 3000 τῆς
572 2919 609 2982 ἐν
619 2917 738 3003 κήποις
752 2920 904 3003 λη’ψεται,
921 2920 975 2984 καὶ
987 2922 1119 3001 προσέτι

113 3020 236 3102 χειρῶν
249 3011 335 3099 άκρα
351 3013 405 3080 καὶ
420 3019 559 3097 καρπῶν
574 3010 610 3080 τό
629 3011 803 3099 εὔρυθμον
820 3016 874 3082 καὶ
893 3015 1066 3082 δακτύλων
1081 3011 1118 3080 τό

114 3109 289 3197 εὐάγωγον
309 3113 341 3188 ἐς
361 3107 482 3178 λεπτὸν
502 3109 674 3196 ἀπολῆγον
692 3109 783 3196 παρὰ
800 3119 857 3196 τῆς
877 3115 914 3179 ἐν
931 3113 1048 3196 κη’ποις
1065 3113 1119 3178 καί

113 3217 233 3278 ταῦτα·
263 3206 324 3293 τὴν
346 3205 382 3273 δέ
404 3212 464 3272 τοῦ
486 3204 610 3284 παντὸς
631 3207 814 3288 προσώπου
834 3207 1044 3295 περιγραφὴν
1067 3211 1121 3277 καὶ

114 3312 263 3388 παρειῶν
273 3303 310 3371 τδ
322 3300 454 3372 ἁπαλόν
465 3304 520 3370 καὶ
531 3305 606 3387 ῥῖνα
617 3306 809 3392 σύμμετρον
821 3304 980 3392 ἡΛημνία
988 3311 1120 3391 παρέξει

113 3405 167 3470 καί
182 3406 315 3479 Φειδίας
322 3427 346 3550 il
358 3405 405 3467 ἐτι
422 3402 476 3467 καὶ
492 3400 654 3485 στόματος
668 3401 822 3490 ἁρμογὴν
838 3400 855 3470 ὁ
877 3399 979 3555 αύτρρ
991 3407 1045 3470 καὶ
1059 3400 1119 3471 τόν

196 3511 301 3550 wem.
348 3535 355 3548 .
