<?xml version="1.0" encoding="UTF-8"?>
<!DOCTYPE html PUBLIC "-//W3C//DTD XHTML 1.0 Transitional//EN"
    "http://www.w3.org/TR/xhtml1/DTD/xhtml1-transitional.dtd">
<html xmlns="http://www.w3.org/1999/xhtml" xml:lang="en" lang="en">
 <head>
  <title>
</title>
<meta http-equiv="Content-Type" content="text/html;charset=utf-8" />
  <meta name='ocr-system' content='tesseract 3.04.00' />
  <meta name='ocr-capabilities' content='ocr_page ocr_carea ocr_par ocr_line ocrx_word'/>
</head>
<body>
  <div class='ocr_page' id='page_1' title='image "./operaadoptimoru00jacogoog/operaadoptimoru00jacogoog_0026.png"; bbox 0 0 2575 3842; ppageno 0'>
   <div class='ocr_carea' id='block_1_1' title="bbox 207 195 853 259">
    <p class='ocr_par' dir='ltr' id='par_1_1' title="bbox 207 195 853 259">
     <span class='ocr_line' id='line_1_1' title="bbox 207 195 853 259; baseline 0.005 -3"><span class='ocrx_word' id='word_1_1' title='bbox 207 195 229 256; x_wconf 76' lang='lat'>2</span> <span class='ocrx_word' id='word_1_2' title='bbox 554 199 853 259; x_wconf 80' lang='lat' dir='ltr'><em>AOYKIANOY</em></span> 
     </span>
    </p>
   </div>
   <div class='ocr_carea' id='block_1_2' title="bbox 207 290 1272 448">
    <p class='ocr_par' dir='ltr' id='par_1_2' title="bbox 207 290 1272 448">
     <span class='ocr_line' id='line_1_2' title="bbox 1270 290 1272 321; baseline 0 0"><span class='ocrx_word' id='word_1_3' title='bbox 1270 290 1272 321; x_wconf 76' lang='grc' dir='ltr'><strong><em>ι</em></strong></span> 
     </span>
     <span class='ocr_line' id='line_1_3' title="bbox 207 342 1271 448; baseline 0 -24"><span class='ocrx_word' id='word_1_4' title='bbox 207 360 318 442; x_wconf 88' lang='grc' dir='ltr'><strong><em>μένων</em></strong></span> <span class='ocrx_word' id='word_1_5' title='bbox 342 359 603 443; x_wconf 85' lang='grc' dir='ltr'><strong><em>περιελήλυθεν,</em></strong></span> <span class='ocrx_word' id='word_1_6' title='bbox 625 354 686 442; x_wconf 81' lang='grc' dir='ltr'><strong><em>οὐχ</em></strong></span> <span class='ocrx_word' id='word_1_7' title='bbox 710 355 793 425; x_wconf 86' lang='grc' dir='ltr'><strong><em>ῶστε</em></strong></span> <span class='ocrx_word' id='word_1_8' title='bbox 815 364 998 448; x_wconf 74' lang='grc' dir='ltr'><em>τραγῳδεῖν</em></span> <span class='ocrx_word' id='word_1_9' title='bbox 1015 401 1056 412; x_wconf 84' lang='grc'><strong>-</strong></span> <span class='ocrx_word' id='word_1_10' title='bbox 1077 364 1216 426; x_wconf 81' lang='grc' dir='ltr'><strong><em>ἔλαττον</em></strong></span> <span class='ocrx_word' id='word_1_11' title='bbox 1270 342 1271 369; x_wconf 63' lang='lat'>³</span> 
     </span>
    </p>
   </div>
   <div class='ocr_carea' id='block_1_3' title="bbox 165 451 1276 3477">
    <p class='ocr_par' dir='ltr' id='par_1_3' title="bbox 165 451 1276 3477">
     <span class='ocr_line' id='line_1_4' title="bbox 207 451 1213 543; baseline 0 -20"><span class='ocrx_word' id='word_1_12' title='bbox 207 454 272 541; x_wconf 83' lang='grc' dir='ltr'><strong><em>γάρ</em></strong></span> <span class='ocrx_word' id='word_1_13' title='bbox 288 451 331 523; x_wconf 87' lang='grc' dir='ltr'><strong><em>άυ</em></strong></span> <span class='ocrx_word' id='word_1_14' title='bbox 349 463 445 523; x_wconf 86' lang='grc' dir='ltr'><strong><em>τοῦτο</em></strong></span> <span class='ocrx_word' id='word_1_15' title='bbox 467 457 653 539; x_wconf 79' lang='grc' dir='ltr'><strong><em>παρέπαιον</em></strong></span> <span class='ocrx_word' id='word_1_16' title='bbox 668 453 853 541; x_wconf 74' lang='grc' dir='ltr'><strong><em>ἀλλοτρίοις</em></strong></span> <span class='ocrx_word' id='word_1_17' title='bbox 867 462 1042 543; x_wconf 78' lang='grc' dir='ltr'><strong><em>ἰαμβείοις,</em></strong></span> <span class='ocrx_word' id='word_1_18' title='bbox 1064 457 1105 522; x_wconf 92' lang='lat'><strong><em>06</em></strong></span> <span class='ocrx_word' id='word_1_19' title='bbox 1123 457 1213 542; x_wconf 84' lang='grc' dir='ltr'><strong><em>φαά-</em></strong></span> 
     </span>
     <span class='ocr_line' id='line_1_5' title="bbox 173 545 1214 639; baseline -0.002 -17"><span class='ocrx_word' id='word_1_20' title='bbox 173 563 278 630; x_wconf 78' lang='grc' dir='ltr'><strong><em>λλοις</em></strong></span> <span class='ocrx_word' id='word_1_21' title='bbox 298 555 582 639; x_wconf 88' lang='grc' dir='ltr'><strong><em>κατεσχημένοι-</em></strong></span> <span class='ocrx_word' id='word_1_22' title='bbox 597 550 670 620; x_wconf 79' lang='grc' dir='ltr'><strong><em>ἀλλ’</em></strong></span> <span class='ocrx_word' id='word_1_23' title='bbox 687 550 749 638; x_wconf 80' lang='grc' dir='ltr'><strong><em>ἀφ’</em></strong></span> <span class='ocrx_word' id='word_1_24' title='bbox 768 545 811 620; x_wconf 84' lang='grc' dir='ltr'><strong><em>οὖ</em></strong></span> <span class='ocrx_word' id='word_1_25' title='bbox 833 552 873 639; x_wconf 84' lang='lat'><strong><em>66</em></strong></span> <span class='ocrx_word' id='word_1_26' title='bbox 897 551 935 620; x_wconf 81' lang='grc' dir='ltr'><strong><em>τά</em></strong></span> <span class='ocrx_word' id='word_1_27' title='bbox 954 556 992 620; x_wconf 83' lang='grc' dir='ltr'><strong><em>ἐν</em></strong></span> <span class='ocrx_word' id='word_1_28' title='bbox 1012 555 1088 620; x_wconf 82' lang='grc' dir='ltr'><strong><em>ποσὶ</em></strong></span> <span class='ocrx_word' id='word_1_29' title='bbox 1110 561 1214 620; x_wconf 86' lang='grc' dir='ltr'><strong><em>ταῦτα</em></strong></span> 
     </span>
     <span class='ocr_line' id='line_1_6' title="bbox 206 647 1216 738; baseline -0.002 -20"><span class='ocrx_word' id='word_1_30' title='bbox 206 660 390 737; x_wconf 80' lang='grc' dir='ltr'><strong><em>κεκίνηται,</em></strong></span> <span class='ocrx_word' id='word_1_31' title='bbox 414 648 431 718; x_wconf 89' lang='grc' dir='ltr'><strong>ὁ</strong></span> <span class='ocrx_word' id='word_1_32' title='bbox 452 652 595 736; x_wconf 87' lang='grc' dir='ltr'><strong><em>πόλεμος</em></strong></span> <span class='ocrx_word' id='word_1_33' title='bbox 618 647 635 716; x_wconf 91' lang='lat'><strong><em>6</em></strong></span> <span class='ocrx_word' id='word_1_34' title='bbox 652 649 735 733; x_wconf 83' lang='grc' dir='ltr'><strong><em>πρὸς</em></strong></span> <span class='ocrx_word' id='word_1_35' title='bbox 751 648 829 729; x_wconf 84' lang='grc' dir='ltr'><strong><em>τοὺς</em></strong></span> <span class='ocrx_word' id='word_1_36' title='bbox 846 651 1038 738; x_wconf 79' lang='grc' dir='ltr'><strong><em>βαρβάρους</em></strong></span> <span class='ocrx_word' id='word_1_37' title='bbox 1052 652 1107 716; x_wconf 85' lang='grc' dir='ltr'><strong><em>καὶ</em></strong></span> <span class='ocrx_word' id='word_1_38' title='bbox 1123 648 1161 717; x_wconf 88' lang='grc' dir='ltr'><strong><em>τδ</em></strong></span> <span class='ocrx_word' id='word_1_39' title='bbox 1177 653 1216 716; x_wconf 89' lang='grc' dir='ltr'><strong><em>ἐν</em></strong></span> 
     </span>
     <span class='ocr_line' id='line_1_7' title="bbox 201 746 1214 837; baseline -0.003 -21"><span class='ocrx_word' id='word_1_40' title='bbox 201 748 356 837; x_wconf 79' lang='grc' dir='ltr'><strong><em>Ἀρμενίᾳ</em></strong></span> <span class='ocrx_word' id='word_1_41' title='bbox 373 757 503 833; x_wconf 81' lang='grc' dir='ltr'><strong><em>τραῦμα</em></strong></span> <span class='ocrx_word' id='word_1_42' title='bbox 517 749 571 815; x_wconf 87' lang='grc' dir='ltr'><strong><em>καὶ</em></strong></span> <span class='ocrx_word' id='word_1_43' title='bbox 587 753 624 814; x_wconf 88' lang='grc' dir='ltr'><strong><em>αί</em></strong></span> <span class='ocrx_word' id='word_1_44' title='bbox 638 763 785 834; x_wconf 75' lang='grc' dir='ltr'><strong><em>συνεχεῖς</em></strong></span> <span class='ocrx_word' id='word_1_45' title='bbox 800 764 906 833; x_wconf 89' lang='grc' dir='ltr'><strong><em>νῖκαι,</em></strong></span> <span class='ocrx_word' id='word_1_46' title='bbox 925 747 1033 826; x_wconf 78' lang='grc' dir='ltr'><strong><em>οὐδεὶς</em></strong></span> <span class='ocrx_word' id='word_1_47' title='bbox 1048 746 1138 825; x_wconf 84' lang='grc' dir='ltr'><strong><em>ὅστις</em></strong></span> <span class='ocrx_word' id='word_1_48' title='bbox 1153 746 1214 833; x_wconf 83' lang='grc' dir='ltr'><strong><em>οὐχ</em></strong></span> 
     </span>
     <span class='ocr_line' id='line_1_8' title="bbox 205 842 1273 943; baseline -0.004 -29"><span class='ocrx_word' id='word_1_49' title='bbox 205 853 355 930; x_wconf 90' lang='grc' dir='ltr'><strong><em>ίστορίαν</em></strong></span> <span class='ocrx_word' id='word_1_50' title='bbox 371 847 575 932; x_wconf 91' lang='grc' dir='ltr'><strong><em>συγγράφει,</em></strong></span> <span class='ocrx_word' id='word_1_51' title='bbox 592 852 721 930; x_wconf 87' lang='grc' dir='ltr'><strong><em>μάλλον</em></strong></span> <span class='ocrx_word' id='word_1_52' title='bbox 738 846 774 913; x_wconf 75' lang='grc' dir='ltr'><strong><em>δὲ</em></strong></span> <span class='ocrx_word' id='word_1_53' title='bbox 790 849 994 916; x_wconf 77' lang='grc' dir='ltr'><strong><em>Θουκυδίδαι</em></strong></span> <span class='ocrx_word' id='word_1_54' title='bbox 1007 842 1215 929; x_wconf 82' lang='grc' dir='ltr'><strong><em>καὶἩρόδο-</em></strong></span> <span class='ocrx_word' id='word_1_55' title='bbox 1272 910 1273 943; x_wconf 44' lang='grc'><strong><em>,</em></strong></span> 
     </span>
     <span class='ocr_line' id='line_1_9' title="bbox 205 940 1215 1058; baseline -0.004 -47"><span class='ocrx_word' id='word_1_56' title='bbox 205 970 255 1011; x_wconf 95' lang='grc' dir='ltr'><strong><em>τοι</em></strong></span> <span class='ocrx_word' id='word_1_57' title='bbox 271 946 325 1011; x_wconf 82' lang='grc' dir='ltr'><strong><em>καί</em></strong></span> <span class='ocrx_word' id='word_1_58' title='bbox 340 947 555 1027; x_wconf 74' lang='grc' dir='ltr'><strong><em>Ξενοφῶντες</em></strong></span> <span class='ocrx_word' id='word_1_59' title='bbox 571 941 652 1028; x_wconf 76' lang='grc' dir='ltr'><strong><em>ἡμῖν</em></strong></span> <span class='ocrx_word' id='word_1_60' title='bbox 667 942 826 1026; x_wconf 86' lang='grc' dir='ltr'><strong><em>άπαντες,</em></strong></span> <span class='ocrx_word' id='word_1_61' title='bbox 848 947 903 1011; x_wconf 77' lang='grc' dir='ltr'><strong><em>καὶ</em></strong></span> <span class='ocrx_word' id='word_1_62' title='bbox 919 941 962 1020; x_wconf 88' lang='grc' dir='ltr'><strong><em>ῶς</em></strong></span> <span class='ocrx_word' id='word_1_63' title='bbox 982 948 1106 1058; x_wconf 81' lang='grc' dir='ltr'><strong><em>ἔοικεν,</em></strong></span> <span class='ocrx_word' id='word_1_64' title='bbox 1129 940 1215 1026; x_wconf 83' lang='grc' dir='ltr'><strong><em>άλη-</em></strong></span> 
     </span>
     <span class='ocr_line' id='line_1_10' title="bbox 204 1033 1215 1126; baseline -0.005 -17"><span class='ocrx_word' id='word_1_65' title='bbox 204 1039 302 1120; x_wconf 50' lang='lat' dir='ltr'><em>w</em></span> <span class='ocrx_word' id='word_1_66' title='bbox 280 1039 333 1124; x_wconf 91' lang='grc' dir='ltr'><strong><em>αρ’</em></strong></span> <span class='ocrx_word' id='word_1_67' title='bbox 350 1033 394 1126; x_wconf 83' lang='grc' dir='ltr'><strong><em>ἦν</em></strong></span> <span class='ocrx_word' id='word_1_68' title='bbox 410 1043 516 1108; x_wconf 81' lang='grc' dir='ltr'><strong><em>ἐκεῖνο</em></strong></span> <span class='ocrx_word' id='word_1_69' title='bbox 534 1066 570 1107; x_wconf 89' lang='grc' dir='ltr'><strong><em>το</em></strong></span> <span class='ocrx_word' id='word_1_70' title='bbox 565 1038 801 1125; x_wconf 69' lang='grc' dir='ltr'><strong><em>’,,Πόλεμος’</em></strong></span> <span class='ocrx_word' id='word_1_71' title='bbox 785 1041 941 1108; x_wconf 92' lang='grc' dir='ltr'><strong><em>απάντων</em></strong></span> <span class='ocrx_word' id='word_1_72' title='bbox 955 1041 1102 1125; x_wconf 68' lang='lat' dir='ltr'><em>nav6o“‚</em></span> <span class='ocrx_word' id='word_1_73' title='bbox 1127 1049 1215 1122; x_wconf 81' lang='grc' dir='ltr'><strong><em>εἴγε</em></strong></span> 
     </span>
     <span class='ocr_line' id='line_1_11' title="bbox 205 1134 1211 1226; baseline -0.002 -21"><span class='ocrx_word' id='word_1_74' title='bbox 205 1141 258 1206; x_wconf 76' lang='grc' dir='ltr'><strong><em>καὶ</em></strong></span> <span class='ocrx_word' id='word_1_75' title='bbox 277 1141 490 1224; x_wconf 75' lang='grc' dir='ltr'><strong><em>συγγραφέας</em></strong></span> <span class='ocrx_word' id='word_1_76' title='bbox 505 1139 688 1216; x_wconf 82' lang='grc' dir='ltr'><strong><em>τοσούτους</em></strong></span> <span class='ocrx_word' id='word_1_77' title='bbox 705 1136 874 1225; x_wconf 77' lang='grc' dir='ltr'><strong><em>ἀνέφυσεν</em></strong></span> <span class='ocrx_word' id='word_1_78' title='bbox 893 1136 958 1206; x_wconf 86' lang='grc' dir='ltr'><strong><em>ὑπό</em></strong></span> <span class='ocrx_word' id='word_1_79' title='bbox 982 1146 1041 1226; x_wconf 79' lang='grc' dir='ltr'><strong><em>μιᾷ</em></strong></span> <span class='ocrx_word' id='word_1_80' title='bbox 1056 1144 1095 1226; x_wconf 79' lang='grc' dir='ltr'><strong><em>τη</em></strong></span> <span class='ocrx_word' id='word_1_81' title='bbox 1114 1134 1211 1222; x_wconf 78' lang='grc' dir='ltr'><strong><em>ὁρμῇ.</em></strong></span> 
     </span>
     <span class='ocr_line' id='line_1_12' title="bbox 205 1228 1211 1322; baseline -0.004 -19"><span class='ocrx_word' id='word_1_82' title='bbox 205 1242 234 1303; x_wconf 90' lang='grc'><strong><em>3.</em></strong></span> <span class='ocrx_word' id='word_1_83' title='bbox 250 1243 352 1303; x_wconf 84' lang='grc' dir='ltr'><strong><em>ταῦτα</em></strong></span> <span class='ocrx_word' id='word_1_84' title='bbox 368 1242 502 1319; x_wconf 88' lang='grc' dir='ltr'><strong><em>τοίνυν,</em></strong></span> <span class='ocrx_word' id='word_1_85' title='bbox 519 1262 544 1302; x_wconf 94' lang='grc' dir='ltr'><strong><em>ω</em></strong></span> <span class='ocrx_word' id='word_1_86' title='bbox 533 1228 715 1322; x_wconf 83' lang='grc' dir='ltr'><strong><em>φιλότης,</em></strong></span> <span class='ocrx_word' id='word_1_87' title='bbox 730 1232 860 1320; x_wconf 87' lang='grc' dir='ltr'><strong><em>ὁρῶντα</em></strong></span> <span class='ocrx_word' id='word_1_88' title='bbox 871 1239 925 1302; x_wconf 86' lang='grc' dir='ltr'><strong><em>καὶ</em></strong></span> <span class='ocrx_word' id='word_1_89' title='bbox 938 1234 1105 1303; x_wconf 88' lang='grc' dir='ltr'><strong><em>άκοόοντά</em></strong></span> <span class='ocrx_word' id='word_1_90' title='bbox 1120 1230 1211 1319; x_wconf 80' lang='grc' dir='ltr'><strong><em>μετὰ</em></strong></span> 
     </span>
     <span class='ocr_line' id='line_1_13' title="bbox 205 1330 1212 1418; baseline -0.002 -19"><span class='ocrx_word' id='word_1_91' title='bbox 205 1359 266 1400; x_wconf 91' lang='grc' dir='ltr'><strong><em>του</em></strong></span> <span class='ocrx_word' id='word_1_92' title='bbox 252 1334 463 1410; x_wconf 88' lang='grc' dir='ltr'><strong><em>Σινωπέως</em></strong></span> <span class='ocrx_word' id='word_1_93' title='bbox 480 1335 586 1399; x_wconf 86' lang='grc' dir='ltr'><strong><em>ἐκεῖνο</em></strong></span> <span class='ocrx_word' id='word_1_94' title='bbox 607 1338 780 1417; x_wconf 82' lang='grc' dir='ltr'><strong><em>είσῆλθεν·</em></strong></span> <span class='ocrx_word' id='word_1_95' title='bbox 808 1332 908 1400; x_wconf 86' lang='grc' dir='ltr'><strong><em>ὁπότε</em></strong></span> <span class='ocrx_word' id='word_1_96' title='bbox 925 1330 989 1418; x_wconf 86' lang='grc' dir='ltr'><strong><em>γάρ</em></strong></span> <span class='ocrx_word' id='word_1_97' title='bbox 1011 1330 1028 1399; x_wconf 91' lang='lat'><strong><em>6</em></strong></span> <span class='ocrx_word' id='word_1_98' title='bbox 1046 1338 1212 1410; x_wconf 88' lang='grc' dir='ltr'><strong><em>Φίλιππος</em></strong></span> 
     </span>
     <span class='ocr_line' id='line_1_14' title="bbox 206 1427 1211 1515; baseline -0.002 -18"><span class='ocrx_word' id='word_1_99' title='bbox 206 1432 334 1515; x_wconf 78' lang='grc' dir='ltr'><strong><em>ἐλέγετο</em></strong></span> <span class='ocrx_word' id='word_1_100' title='bbox 346 1427 410 1515; x_wconf 78' lang='grc' dir='ltr'><strong><em>ἤδη</em></strong></span> <span class='ocrx_word' id='word_1_101' title='bbox 421 1429 632 1513; x_wconf 81' lang='grc' dir='ltr'><strong><em>ἐπελαύνειν,</em></strong></span> <span class='ocrx_word' id='word_1_102' title='bbox 648 1434 683 1496; x_wconf 89' lang='grc' dir='ltr'><strong><em>οί</em></strong></span> <span class='ocrx_word' id='word_1_103' title='bbox 692 1436 870 1511; x_wconf 87' lang='grc' dir='ltr'><strong><em>Κορίνθιοι</em></strong></span> <span class='ocrx_word' id='word_1_104' title='bbox 881 1431 1002 1507; x_wconf 89' lang='grc' dir='ltr'><strong><em>πάντες</em></strong></span> <span class='ocrx_word' id='word_1_105' title='bbox 1013 1429 1211 1515; x_wconf 84' lang='grc' dir='ltr'><strong><em>ἐταράττον-</em></strong></span> 
     </span>
     <span class='ocr_line' id='line_1_15' title="bbox 206 1519 1211 1614; baseline -0.001 -19"><span class='ocrx_word' id='word_1_106' title='bbox 206 1555 242 1595; x_wconf 94' lang='grc' dir='ltr'><strong><em>το</em></strong></span> <span class='ocrx_word' id='word_1_107' title='bbox 257 1529 312 1594; x_wconf 77' lang='grc' dir='ltr'><strong><em>καὶ</em></strong></span> <span class='ocrx_word' id='word_1_108' title='bbox 328 1529 364 1593; x_wconf 84' lang='grc' dir='ltr'><strong><em>ἐν</em></strong></span> <span class='ocrx_word' id='word_1_109' title='bbox 380 1531 465 1614; x_wconf 81' lang='grc' dir='ltr'><strong><em>ἔργω</em></strong></span> <span class='ocrx_word' id='word_1_110' title='bbox 480 1519 583 1612; x_wconf 80' lang='grc' dir='ltr'><strong><em>ἦσαν,</em></strong></span> <span class='ocrx_word' id='word_1_111' title='bbox 605 1523 622 1592; x_wconf 89' lang='lat'><strong><em>6</em></strong></span> <span class='ocrx_word' id='word_1_112' title='bbox 636 1525 698 1611; x_wconf 74' lang='grc' dir='ltr'><strong><em>μέν</em></strong></span> <span class='ocrx_word' id='word_1_113' title='bbox 713 1525 798 1595; x_wconf 88' lang='grc' dir='ltr'><strong><em>όπλα</em></strong></span> <span class='ocrx_word' id='word_1_114' title='bbox 815 1527 1053 1613; x_wconf 80' lang='grc' dir='ltr'><strong><em>ἐπισκευάζων,</em></strong></span> <span class='ocrx_word' id='word_1_115' title='bbox 1074 1525 1091 1594; x_wconf 90' lang='lat'><strong><em>6</em></strong></span> <span class='ocrx_word' id='word_1_116' title='bbox 1108 1527 1145 1594; x_wconf 73' lang='grc' dir='ltr'><strong><em>δέ</em></strong></span> <span class='ocrx_word' id='word_1_117' title='bbox 1159 1534 1211 1594; x_wconf 85' lang='grc' dir='ltr'><strong><em>λί-</em></strong></span> 
     </span>
     <span class='ocr_line' id='line_1_16' title="bbox 205 1621 1276 1710; baseline -0.002 -18"><span class='ocrx_word' id='word_1_118' title='bbox 205 1635 292 1700; x_wconf 90' lang='grc' dir='ltr'><strong><em>θους</em></strong></span> <span class='ocrx_word' id='word_1_119' title='bbox 306 1625 527 1708; x_wconf 86' lang='grc' dir='ltr'><strong><em>παραφέρων,</em></strong></span> <span class='ocrx_word' id='word_1_120' title='bbox 551 1621 568 1689; x_wconf 90' lang='lat'><em>6</em></span> <span class='ocrx_word' id='word_1_121' title='bbox 594 1625 629 1690; x_wconf 80' lang='grc' dir='ltr'><strong><em>δέ</em></strong></span> <span class='ocrx_word' id='word_1_122' title='bbox 644 1621 880 1709; x_wconf 81' lang='grc' dir='ltr'><strong><em>ὑποικοδομῶν</em></strong></span> <span class='ocrx_word' id='word_1_123' title='bbox 899 1632 960 1690; x_wconf 82' lang='grc' dir='ltr'><strong><em>τοῦ</em></strong></span> <span class='ocrx_word' id='word_1_124' title='bbox 973 1630 1116 1710; x_wconf 86' lang='grc' dir='ltr'><strong><em>τείχους,</em></strong></span> <span class='ocrx_word' id='word_1_125' title='bbox 1138 1621 1212 1691; x_wconf 74' lang='grc' dir='ltr'><strong><em>ὁδὲ</em></strong></span> <span class='ocrx_word' id='word_1_126' title='bbox 1275 1642 1276 1647; x_wconf 76' lang='grc'>’</span> 
     </span>
     <span class='ocr_line' id='line_1_17' title="bbox 206 1716 1212 1807; baseline -0.002 -19"><span class='ocrx_word' id='word_1_127' title='bbox 206 1722 342 1799; x_wconf 80' lang='grc' dir='ltr'><strong><em>ἔπαλξιν</em></strong></span> <span class='ocrx_word' id='word_1_128' title='bbox 358 1716 601 1806; x_wconf 80' lang='grc' dir='ltr'><strong><em>ὑποστηρίζων,</em></strong></span> <span class='ocrx_word' id='word_1_129' title='bbox 617 1716 635 1786; x_wconf 88' lang='lat'><em>6</em></span> <span class='ocrx_word' id='word_1_130' title='bbox 652 1722 688 1787; x_wconf 84' lang='lat'><strong><em>66</em></strong></span> <span class='ocrx_word' id='word_1_131' title='bbox 705 1717 802 1798; x_wconf 86' lang='grc' dir='ltr'><strong><em>άλλος</em></strong></span> <span class='ocrx_word' id='word_1_132' title='bbox 816 1719 897 1788; x_wconf 80' lang='grc' dir='ltr'><strong><em>ἄλλο</em></strong></span> <span class='ocrx_word' id='word_1_133' title='bbox 911 1749 942 1789; x_wconf 93' lang='grc' dir='ltr'><strong><em>τι</em></strong></span> <span class='ocrx_word' id='word_1_134' title='bbox 959 1729 1026 1788; x_wconf 87' lang='grc' dir='ltr'><strong><em>τῶν</em></strong></span> <span class='ocrx_word' id='word_1_135' title='bbox 1041 1728 1212 1807; x_wconf 92' lang='grc' dir='ltr'><strong><em>χρησίμων</em></strong></span> 
     </span>
     <span class='ocr_line' id='line_1_18' title="bbox 205 1814 1211 1905; baseline -0.001 -22"><span class='ocrx_word' id='word_1_136' title='bbox 205 1815 397 1902; x_wconf 87' lang='grc' dir='ltr'><strong><em>ὑπουργῶν.</em></strong></span> <span class='ocrx_word' id='word_1_137' title='bbox 422 1814 439 1883; x_wconf 89' lang='grc' dir='ltr'>ὁ</span> <span class='ocrx_word' id='word_1_138' title='bbox 458 1815 497 1903; x_wconf 88' lang='lat'><strong><em>66</em></strong></span> <span class='ocrx_word' id='word_1_139' title='bbox 511 1821 675 1904; x_wconf 89' lang='grc' dir='ltr'><strong><em>Διογένης</em></strong></span> <span class='ocrx_word' id='word_1_140' title='bbox 690 1815 781 1901; x_wconf 87' lang='grc' dir='ltr'><strong><em>ὁρῶν</em></strong></span> <span class='ocrx_word' id='word_1_141' title='bbox 791 1827 910 1904; x_wconf 82' lang='grc' dir='ltr'><strong><em>ταῦτα,</em></strong></span> <span class='ocrx_word' id='word_1_142' title='bbox 926 1822 994 1886; x_wconf 81' lang='grc' dir='ltr'><strong><em>ἐπεὶ</em></strong></span> <span class='ocrx_word' id='word_1_143' title='bbox 1009 1821 1114 1905; x_wconf 71' lang='grc' dir='ltr'><strong><em>μηδὲν</em></strong></span> <span class='ocrx_word' id='word_1_144' title='bbox 1125 1819 1211 1904; x_wconf 82' lang='grc' dir='ltr'><strong><em>εἶχεν</em></strong></span> 
     </span>
     <span class='ocr_line' id='line_1_19' title="bbox 170 1911 1211 2035; baseline 0.001 -55"><span class='ocrx_word' id='word_1_145' title='bbox 170 1928 187 1980; x_wconf 76' lang='grc' dir='ltr'><strong><em>ο</em></strong></span> <span class='ocrx_word' id='word_1_146' title='bbox 207 1911 227 1980; x_wconf 96' lang='lat'><strong><em>6</em></strong></span> <span class='ocrx_word' id='word_1_147' title='bbox 241 1941 272 1980; x_wconf 87' lang='grc' dir='ltr'><strong><em>τι</em></strong></span> <span class='ocrx_word' id='word_1_148' title='bbox 286 1916 341 1980; x_wconf 81' lang='grc' dir='ltr'><strong><em>καί</em></strong></span> <span class='ocrx_word' id='word_1_149' title='bbox 352 1911 489 1997; x_wconf 75' lang='grc' dir='ltr'><strong><em>πράττοι</em></strong></span> <span class='ocrx_word' id='word_1_150' title='bbox 507 1955 544 1965; x_wconf 93' lang='grc'><strong>-</strong></span> <span class='ocrx_word' id='word_1_151' title='bbox 561 1911 671 1994; x_wconf 81' lang='grc' dir='ltr'><strong><em>οὐδεὶς</em></strong></span> <span class='ocrx_word' id='word_1_152' title='bbox 685 1912 750 2001; x_wconf 84' lang='grc' dir='ltr'><strong><em>γάρ</em></strong></span> <span class='ocrx_word' id='word_1_153' title='bbox 765 1914 855 2005; x_wconf 77' lang='grc' dir='ltr'><strong><em>αὐτῷ</em></strong></span> <span class='ocrx_word' id='word_1_154' title='bbox 870 1919 903 1996; x_wconf 90' lang='grc' dir='ltr'><strong><em>ἐς</em></strong></span> <span class='ocrx_word' id='word_1_155' title='bbox 919 1915 1020 1985; x_wconf 74' lang='grc' dir='ltr'><strong><em>οὐδέν</em></strong></span> <span class='ocrx_word' id='word_1_156' title='bbox 1036 1919 1149 2035; x_wconf 81' lang='grc' dir='ltr'><strong><em>ἐχρῆτο</em></strong></span> <span class='ocrx_word' id='word_1_157' title='bbox 1167 1958 1211 1967; x_wconf 94' lang='grc'><strong>-</strong></span> 
     </span>
     <span class='ocr_line' id='line_1_20' title="bbox 205 1984 1210 2132; baseline 0.002 -55"><span class='ocrx_word' id='word_1_158' title='bbox 205 2010 496 2096; x_wconf 82' lang='grc' dir='ltr'><strong><em>διαζωσάμενος</em></strong></span> <span class='ocrx_word' id='word_1_159' title='bbox 461 2039 498 2081; x_wconf 90' lang='grc' dir='ltr'><strong><em>το</em></strong></span> <span class='ocrx_word' id='word_1_160' title='bbox 513 2014 695 2100; x_wconf 86' lang='grc' dir='ltr'><strong><em>τριβῶνιον</em></strong></span> <span class='ocrx_word' id='word_1_161' title='bbox 709 1984 840 2102; x_wconf 70' lang='lat'><em>660666</em></span> <span class='ocrx_word' id='word_1_162' title='bbox 852 2009 940 2100; x_wconf 87' lang='grc' dir='ltr'><strong><em>μάλα</em></strong></span> <span class='ocrx_word' id='word_1_163' title='bbox 950 2011 1058 2081; x_wconf 74' lang='grc' dir='ltr'><strong><em>καῖ’</em></strong></span> <span class='ocrx_word' id='word_1_164' title='bbox 1017 2011 1115 2132; x_wconf 75' lang='grc' dir='ltr'><strong><em>αυτδς</em></strong></span> <span class='ocrx_word' id='word_1_165' title='bbox 1123 2012 1210 2079; x_wconf 88' lang='grc' dir='ltr'><strong><em>ἐκό-</em></strong></span> 
     </span>
     <span class='ocr_line' id='line_1_21' title="bbox 205 2103 1211 2200; baseline -0.001 -23"><span class='ocrx_word' id='word_1_166' title='bbox 205 2118 254 2177; x_wconf 84' lang='grc' dir='ltr'><strong><em>λιε</em></strong></span> <span class='ocrx_word' id='word_1_167' title='bbox 268 2108 328 2176; x_wconf 86' lang='grc' dir='ltr'><strong><em>τόν</em></strong></span> <span class='ocrx_word' id='word_1_168' title='bbox 343 2113 498 2195; x_wconf 84' lang='grc' dir='ltr'><strong><em>πίθον,’</em></strong></span> <span class='ocrx_word' id='word_1_169' title='bbox 482 2137 518 2177; x_wconf 92' lang='grc' dir='ltr'><strong><em>εν</em></strong></span> <span class='ocrx_word' id='word_1_170' title='bbox 531 2103 557 2200; x_wconf 94' lang='lat'><strong><em>6</em></strong></span> <span class='ocrx_word' id='word_1_171' title='bbox 569 2112 750 2196; x_wconf 88' lang='grc' dir='ltr'><strong><em>ε’τόγχανεν</em></strong></span> <span class='ocrx_word' id='word_1_172' title='bbox 760 2111 917 2197; x_wconf 76' lang='grc' dir='ltr'><strong><em>οίκῶν,”</em></strong></span> <span class='ocrx_word' id='word_1_173' title='bbox 895 2138 965 2179; x_wconf 89' lang='grc' dir='ltr'><strong><em>ανω</em></strong></span> <span class='ocrx_word' id='word_1_174' title='bbox 980 2115 1034 2180; x_wconf 82' lang='grc' dir='ltr'><strong><em>καί</em></strong></span> <span class='ocrx_word' id='word_1_175' title='bbox 1049 2111 1138 2180; x_wconf 86' lang='grc' dir='ltr'><strong><em>κάτω</em></strong></span> <span class='ocrx_word' id='word_1_176' title='bbox 1147 2119 1211 2178; x_wconf 84' lang='grc' dir='ltr'><strong><em>τοῦ</em></strong></span> 
     </span>
     <span class='ocr_line' id='line_1_22' title="bbox 204 2198 1211 2330; baseline -0.001 -55"><span class='ocrx_word' id='word_1_177' title='bbox 204 2215 387 2292; x_wconf 85' lang='grc' dir='ltr'><strong><em>Κρανείου·</em></strong></span> <span class='ocrx_word' id='word_1_178' title='bbox 417 2215 475 2274; x_wconf 89' lang='grc' dir='ltr'><strong><em>καί</em></strong></span> <span class='ocrx_word' id='word_1_179' title='bbox 487 2233 576 2285; x_wconf 91' lang='grc' dir='ltr'><strong><em>τινος</em></strong></span> <span class='ocrx_word' id='word_1_180' title='bbox 591 2217 658 2274; x_wconf 89' lang='grc' dir='ltr'><strong><em>τῶν</em></strong></span> <span class='ocrx_word' id='word_1_181' title='bbox 672 2211 837 2294; x_wconf 81' lang='grc' dir='ltr'><strong><em>συνήθων</em></strong></span> <span class='ocrx_word' id='word_1_182' title='bbox 840 2198 1026 2330; x_wconf 71' lang='grc' dir='ltr'><strong><em>ἐρομένου,</em></strong></span> <span class='ocrx_word' id='word_1_183' title='bbox 1053 2217 1095 2277; x_wconf 89' lang='grc' dir='ltr'><strong><em>Τί</em></strong></span> <span class='ocrx_word' id='word_1_184' title='bbox 1106 2216 1211 2277; x_wconf 83' lang='grc' dir='ltr'><strong><em>ταῦτα</em></strong></span> 
     </span>
     <span class='ocr_line' id='line_1_23' title="bbox 205 2299 1209 2427; baseline 0 -54"><span class='ocrx_word' id='word_1_185' title='bbox 205 2321 317 2390; x_wconf 79' lang='grc' dir='ltr'><strong><em>ποιεῖς,</em></strong></span> <span class='ocrx_word' id='word_1_186' title='bbox 331 2299 542 2390; x_wconf 74' lang='grc' dir='ltr'><strong><em>ῶΔιόγενεςς</em></strong></span> <span class='ocrx_word' id='word_1_187' title='bbox 564 2311 690 2391; x_wconf 88' lang='grc' dir='ltr'><strong><em>Κυλίω,</em></strong></span> <span class='ocrx_word' id='word_1_188' title='bbox 708 2312 784 2427; x_wconf 78' lang='grc' dir='ltr'><strong><em>ἔφη,</em></strong></span> <span class='ocrx_word' id='word_1_189' title='bbox 801 2306 892 2394; x_wconf 87' lang='grc' dir='ltr'><strong><em>κάγῶ</em></strong></span> <span class='ocrx_word' id='word_1_190' title='bbox 903 2306 963 2376; x_wconf 86' lang='grc' dir='ltr'><strong><em>τόν</em></strong></span> <span class='ocrx_word' id='word_1_191' title='bbox 975 2315 1090 2392; x_wconf 89' lang='grc' dir='ltr'><strong><em>πίθον,</em></strong></span> <span class='ocrx_word' id='word_1_192' title='bbox 1108 2304 1152 2385; x_wconf 82' lang='grc' dir='ltr'><strong><em>ὡς</em></strong></span> <span class='ocrx_word' id='word_1_193' title='bbox 1162 2306 1209 2392; x_wconf 79' lang='grc' dir='ltr'><strong><em>μὴ</em></strong></span> 
     </span>
     <span class='ocr_line' id='line_1_24' title="bbox 204 2403 1211 2493; baseline 0.001 -23"><span class='ocrx_word' id='word_1_194' title='bbox 204 2429 306 2490; x_wconf 93' lang='grc' dir='ltr'><strong><em>μονος</em></strong></span> <span class='ocrx_word' id='word_1_195' title='bbox 317 2418 432 2488; x_wconf 86' lang='grc' dir='ltr'><strong><em>αργειν</em></strong></span> <span class='ocrx_word' id='word_1_196' title='bbox 443 2407 540 2470; x_wconf 86' lang='grc' dir='ltr'><strong><em>δοκο</em></strong></span> <span class='ocrx_word' id='word_1_197' title='bbox 525 2409 579 2488; x_wconf 93' lang='grc' dir='ltr'><strong><em>ην</em></strong></span> <span class='ocrx_word' id='word_1_198' title='bbox 590 2405 626 2469; x_wconf 90' lang='grc' dir='ltr'><strong><em>ἐν</em></strong></span> <span class='ocrx_word' id='word_1_199' title='bbox 636 2405 807 2484; x_wconf 84' lang='grc' dir='ltr'><strong><em>τοσουτοις</em></strong></span> <span class='ocrx_word' id='word_1_200' title='bbox 819 2408 1068 2493; x_wconf 79' lang='grc' dir='ltr'><strong><em>ἐργαζομένοις.</em></strong></span> <span class='ocrx_word' id='word_1_201' title='bbox 1078 2411 1108 2474; x_wconf 84' lang='grc'><strong><em>4.</em></strong></span> <span class='ocrx_word' id='word_1_202' title='bbox 1123 2403 1211 2472; x_wconf 81' lang='grc' dir='ltr'><strong><em>καό-</em></strong></span> 
     </span>
     <span class='ocr_line' id='line_1_25' title="bbox 202 2494 1210 2590; baseline -0.002 -20"><span class='ocrx_word' id='word_1_203' title='bbox 202 2501 258 2582; x_wconf 85' lang='grc' dir='ltr'><strong><em>τδς</em></strong></span> <span class='ocrx_word' id='word_1_204' title='bbox 273 2495 352 2586; x_wconf 82' lang='grc' dir='ltr'><strong><em>οὖν,</em></strong></span> <span class='ocrx_word' id='word_1_205' title='bbox 374 2529 400 2569; x_wconf 94' lang='grc' dir='ltr'><strong><em>ω</em></strong></span> <span class='ocrx_word' id='word_1_206' title='bbox 388 2494 546 2587; x_wconf 82' lang='grc' dir='ltr'><strong><em>Φίλων,</em></strong></span> <span class='ocrx_word' id='word_1_207' title='bbox 574 2499 618 2580; x_wconf 86' lang='grc' dir='ltr'><strong><em>ῶς</em></strong></span> <span class='ocrx_word' id='word_1_208' title='bbox 635 2499 680 2588; x_wconf 79' lang='grc' dir='ltr'><strong><em>μὴ</em></strong></span> <span class='ocrx_word' id='word_1_209' title='bbox 702 2503 804 2590; x_wconf 89' lang='grc' dir='ltr'><strong><em>μόνος</em></strong></span> <span class='ocrx_word' id='word_1_210' title='bbox 826 2502 962 2589; x_wconf 82' lang='grc' dir='ltr'><strong><em>ἄφωνος</em></strong></span> <span class='ocrx_word' id='word_1_211' title='bbox 981 2514 1053 2588; x_wconf 90' lang='grc' dir='ltr'><strong><em>είην</em></strong></span> <span class='ocrx_word' id='word_1_212' title='bbox 1068 2501 1163 2571; x_wconf 77' lang='grc' dir='ltr'><strong><em>ἐν”</em></strong></span> <span class='ocrx_word' id='word_1_213' title='bbox 1119 2529 1210 2570; x_wconf 93' lang='grc' dir='ltr'><strong><em>ουτω</em></strong></span> 
     </span>
     <span class='ocr_line' id='line_1_26' title="bbox 202 2599 1210 2692; baseline -0.001 -23"><span class='ocrx_word' id='word_1_214' title='bbox 202 2602 394 2691; x_wconf 83' lang='grc' dir='ltr'><strong><em>πολυφῶνφ</em></strong></span> <span class='ocrx_word' id='word_1_215' title='bbox 410 2611 456 2692; x_wconf 76' lang='grc' dir='ltr'><strong><em>τῷ</em></strong></span> <span class='ocrx_word' id='word_1_216' title='bbox 470 2609 575 2691; x_wconf 78' lang='grc' dir='ltr'><strong><em>καιρῷ</em></strong></span> <span class='ocrx_word' id='word_1_217' title='bbox 596 2599 675 2687; x_wconf 90' lang='grc' dir='ltr'><strong><em>μηδ’</em></strong></span> <span class='ocrx_word' id='word_1_218' title='bbox 693 2599 803 2686; x_wconf 87' lang='grc' dir='ltr'><strong><em>ῶσπερ</em></strong></span> <span class='ocrx_word' id='word_1_219' title='bbox 822 2599 971 2687; x_wconf 85' lang='grc' dir='ltr'><strong><em>κωμικόν</em></strong></span> <span class='ocrx_word' id='word_1_220' title='bbox 987 2601 1210 2688; x_wconf 87' lang='grc' dir='ltr'><strong><em>δορυφόρημα</em></strong></span> 
     </span>
     <span class='ocr_line' id='line_1_27' title="bbox 202 2696 1211 2788; baseline 0 -21"><span class='ocrx_word' id='word_1_221' title='bbox 202 2697 347 2785; x_wconf 86' lang='grc' dir='ltr'><strong><em>κεχηνῶς</em></strong></span> <span class='ocrx_word' id='word_1_222' title='bbox 359 2707 466 2788; x_wconf 72' lang='grc' dir='ltr'><strong><em>σιωπῇ</em></strong></span> <span class='ocrx_word' id='word_1_223' title='bbox 478 2707 750 2786; x_wconf 89' lang='grc' dir='ltr'><strong><em>παραφεροίμην,</em></strong></span> <span class='ocrx_word' id='word_1_224' title='bbox 766 2707 873 2777; x_wconf 88' lang='grc' dir='ltr'><strong><em>καλῶς</em></strong></span> <span class='ocrx_word' id='word_1_225' title='bbox 883 2705 970 2785; x_wconf 80' lang='grc' dir='ltr'><strong><em>ἔχειν</em></strong></span> <span class='ocrx_word' id='word_1_226' title='bbox 981 2698 1150 2786; x_wconf 86' lang='grc' dir='ltr'><strong><em>ὑπέλαβον</em></strong></span> <span class='ocrx_word' id='word_1_227' title='bbox 1164 2696 1211 2778; x_wconf 82' lang='grc' dir='ltr'><strong><em>ῶς</em></strong></span> 
     </span>
     <span class='ocr_line' id='line_1_28' title="bbox 202 2795 1211 2884; baseline -0.001 -17"><span class='ocrx_word' id='word_1_228' title='bbox 202 2797 349 2867; x_wconf 89' lang='grc' dir='ltr'><strong><em>δυνατόν</em></strong></span> <span class='ocrx_word' id='word_1_229' title='bbox 368 2824 424 2883; x_wconf 92' lang='grc' dir='ltr'><strong><em>μοι</em></strong></span> <span class='ocrx_word' id='word_1_230' title='bbox 445 2804 577 2864; x_wconf 80' lang='grc' dir='ltr'><strong><em>κυλῖσαι</em></strong></span> <span class='ocrx_word' id='word_1_231' title='bbox 594 2795 654 2865; x_wconf 85' lang='grc' dir='ltr'><strong><em>τόν</em></strong></span> <span class='ocrx_word' id='word_1_232' title='bbox 667 2805 790 2883; x_wconf 88' lang='grc' dir='ltr'><strong><em>πίθον,</em></strong></span> <span class='ocrx_word' id='word_1_233' title='bbox 817 2795 877 2883; x_wconf 84' lang='grc' dir='ltr'><strong><em>οὑχ</em></strong></span> <span class='ocrx_word' id='word_1_234' title='bbox 897 2796 941 2877; x_wconf 86' lang='grc' dir='ltr'><strong><em>ῶς</em></strong></span> <span class='ocrx_word' id='word_1_235' title='bbox 961 2803 1110 2884; x_wconf 89' lang='grc' dir='ltr'><strong><em>ίστορίαν</em></strong></span> <span class='ocrx_word' id='word_1_236' title='bbox 1124 2819 1211 2884; x_wconf 90' lang='grc' dir='ltr'><strong><em>συγ-</em></strong></span> 
     </span>
     <span class='ocr_line' id='line_1_29' title="bbox 200 2893 1207 2984; baseline 0 -22"><span class='ocrx_word' id='word_1_237' title='bbox 200 2895 346 2984; x_wconf 87' lang='grc' dir='ltr'><strong><em>γράφειν</em></strong></span> <span class='ocrx_word' id='word_1_238' title='bbox 363 2893 441 2962; x_wconf 71' lang='grc' dir='ltr'><strong><em>οόδέ</em></strong></span> <span class='ocrx_word' id='word_1_239' title='bbox 458 2895 592 2978; x_wconf 86' lang='grc' dir='ltr'><strong><em>πράξεις</em></strong></span> <span class='ocrx_word' id='word_1_240' title='bbox 606 2893 709 2974; x_wconf 82' lang='grc' dir='ltr'><strong><em>αὐτάς</em></strong></span> <span class='ocrx_word' id='word_1_241' title='bbox 723 2898 893 2973; x_wconf 83' lang='grc' dir='ltr'><strong><em>διεξιέναι·</em></strong></span> <span class='ocrx_word' id='word_1_242' title='bbox 924 2893 985 2981; x_wconf 84' lang='grc' dir='ltr'><strong><em>οόχ</em></strong></span> <span class='ocrx_word' id='word_1_243' title='bbox 1001 2895 1089 2963; x_wconf 79' lang='grc' dir='ltr'><strong><em>οὕτω</em></strong></span> <span class='ocrx_word' id='word_1_244' title='bbox 1104 2922 1207 2982; x_wconf 92' lang='grc' dir='ltr'><strong><em>μεγα-</em></strong></span> 
     </span>
     <span class='ocr_line' id='line_1_30' title="bbox 201 2994 1210 3082; baseline -0.001 -19"><span class='ocrx_word' id='word_1_245' title='bbox 201 2995 361 3079; x_wconf 86' lang='grc' dir='ltr'><strong><em>λότολμος</em></strong></span> <span class='ocrx_word' id='word_1_246' title='bbox 376 2994 458 3080; x_wconf 87' lang='grc' dir='ltr'><strong><em>ἐγά,</em></strong></span> <span class='ocrx_word' id='word_1_247' title='bbox 477 2996 559 3080; x_wconf 71' lang='grc' dir='ltr'><strong><em>μηδὲ</em></strong></span> <span class='ocrx_word' id='word_1_248' title='bbox 574 3001 673 3061; x_wconf 85' lang='grc' dir='ltr'><strong><em>τοῦτο</em></strong></span> <span class='ocrx_word' id='word_1_249' title='bbox 694 2998 803 3082; x_wconf 88' lang='grc' dir='ltr'><strong><em>δείσης</em></strong></span> <span class='ocrx_word' id='word_1_250' title='bbox 823 2997 898 3080; x_wconf 77' lang='grc' dir='ltr'><strong><em>περὶ</em></strong></span> <span class='ocrx_word' id='word_1_251' title='bbox 913 2997 1011 3080; x_wconf 81' lang='grc' dir='ltr'><strong><em>ἐμοῦ·</em></strong></span> <span class='ocrx_word' id='word_1_252' title='bbox 1044 2994 1116 3062; x_wconf 78' lang='grc' dir='ltr'><strong><em>οἶδα</em></strong></span> <span class='ocrx_word' id='word_1_253' title='bbox 1131 2996 1210 3082; x_wconf 90' lang='grc' dir='ltr'><strong><em>γάρ,</em></strong></span> 
     </span>
     <span class='ocr_line' id='line_1_31' title="bbox 200 3089 1211 3180; baseline 0.004 -22"><span class='ocrx_word' id='word_1_254' title='bbox 200 3089 313 3177; x_wconf 84' lang='grc' dir='ltr'><strong><em>ἡλίκος</em></strong></span> <span class='ocrx_word' id='word_1_255' title='bbox 328 3089 345 3158; x_wconf 89' lang='grc' dir='ltr'><strong>ὁ</strong></span> <span class='ocrx_word' id='word_1_256' title='bbox 367 3095 541 3174; x_wconf 89' lang='grc' dir='ltr'><strong><em>κίνδυνος,</em></strong></span> <span class='ocrx_word' id='word_1_257' title='bbox 562 3098 593 3160; x_wconf 88' lang='grc' dir='ltr'><strong><em>εί</em></strong></span> <span class='ocrx_word' id='word_1_258' title='bbox 609 3090 692 3158; x_wconf 81' lang='grc' dir='ltr'><strong><em>κατὰ</em></strong></span> <span class='ocrx_word' id='word_1_259' title='bbox 705 3099 775 3160; x_wconf 88' lang='grc' dir='ltr'><strong><em>τῶν</em></strong></span> <span class='ocrx_word' id='word_1_260' title='bbox 788 3099 920 3177; x_wconf 86' lang='grc' dir='ltr'><strong><em>πετρῶν</em></strong></span> <span class='ocrx_word' id='word_1_261' title='bbox 938 3101 1047 3161; x_wconf 88' lang='grc' dir='ltr'><strong><em>κυλίοι</em></strong></span> <span class='ocrx_word' id='word_1_262' title='bbox 1067 3121 1132 3180; x_wconf 87' lang='grc' dir='ltr'><strong><em>τις,</em></strong></span> <span class='ocrx_word' id='word_1_263' title='bbox 1153 3098 1211 3163; x_wconf 82' lang='grc' dir='ltr'><strong><em>καὶ</em></strong></span> 
     </span>
     <span class='ocr_line' id='line_1_32' title="bbox 200 3187 1210 3280; baseline 0.006 -24"><span class='ocrx_word' id='word_1_264' title='bbox 200 3191 341 3274; x_wconf 88' lang='grc' dir='ltr'><strong><em>μάλιστα</em></strong></span> <span class='ocrx_word' id='word_1_265' title='bbox 355 3187 428 3258; x_wconf 84' lang='grc' dir='ltr'><strong><em>οἷον</em></strong></span> <span class='ocrx_word' id='word_1_266' title='bbox 440 3188 567 3277; x_wconf 77' lang='grc' dir='ltr'><strong><em>τούμόν</em></strong></span> <span class='ocrx_word' id='word_1_267' title='bbox 578 3198 677 3258; x_wconf 85' lang='grc' dir='ltr'><strong><em>τοῦτο</em></strong></span> <span class='ocrx_word' id='word_1_268' title='bbox 692 3191 876 3259; x_wconf 76' lang='grc' dir='ltr'><strong><em>πιθάκνιον</em></strong></span> <span class='ocrx_word' id='word_1_269' title='bbox 886 3190 966 3260; x_wconf 77' lang='grc' dir='ltr'><strong><em>οὐδὲ</em></strong></span> <span class='ocrx_word' id='word_1_270' title='bbox 981 3194 1073 3261; x_wconf 88' lang='grc' dir='ltr'><strong><em>πάνυ</em></strong></span> <span class='ocrx_word' id='word_1_271' title='bbox 1087 3220 1210 3280; x_wconf 88' lang='grc' dir='ltr'><strong><em>καρτε-</em></strong></span> 
     </span>
     <span class='ocr_line' id='line_1_33' title="bbox 165 3287 1209 3379; baseline 0.008 -26"><span class='ocrx_word' id='word_1_272' title='bbox 165 3306 182 3360; x_wconf 80' lang='lat'><strong><em>6</em></strong></span> <span class='ocrx_word' id='word_1_273' title='bbox 202 3295 268 3371; x_wconf 86' lang='grc' dir='ltr'><strong><em>ρῶς</em></strong></span> <span class='ocrx_word' id='word_1_274' title='bbox 282 3291 584 3374; x_wconf 89' lang='grc' dir='ltr'><strong><em>κεκεραμευμένον·</em></strong></span> <span class='ocrx_word' id='word_1_275' title='bbox 608 3289 717 3375; x_wconf 82' lang='grc' dir='ltr'><strong><em>δεήσει</em></strong></span> <span class='ocrx_word' id='word_1_276' title='bbox 734 3287 798 3377; x_wconf 87' lang='grc' dir='ltr'><strong><em>γάρ</em></strong></span> <span class='ocrx_word' id='word_1_277' title='bbox 814 3288 931 3359; x_wconf 83' lang='grc' dir='ltr'><strong><em>αὐτίκα</em></strong></span> <span class='ocrx_word' id='word_1_278' title='bbox 945 3293 1034 3379; x_wconf 86' lang='grc' dir='ltr'><strong><em>μάλα</em></strong></span> <span class='ocrx_word' id='word_1_279' title='bbox 1049 3291 1133 3378; x_wconf 87' lang='grc' dir='ltr'><strong><em>πρός</em></strong></span> <span class='ocrx_word' id='word_1_280' title='bbox 1152 3320 1209 3379; x_wconf 87' lang='grc' dir='ltr'><strong><em>μι-</em></strong></span> 
     </span>
     <span class='ocr_line' id='line_1_34' title="bbox 201 3387 1208 3477; baseline 0.007 -24"><span class='ocrx_word' id='word_1_281' title='bbox 201 3387 285 3468; x_wconf 87' lang='grc' dir='ltr'><strong><em>κρόν</em></strong></span> <span class='ocrx_word' id='word_1_282' title='bbox 299 3414 330 3455; x_wconf 88' lang='grc' dir='ltr'><strong><em>τι</em></strong></span> <span class='ocrx_word' id='word_1_283' title='bbox 352 3389 499 3454; x_wconf 84' lang='grc' dir='ltr'><strong><em>λιθίδιον</em></strong></span> <span class='ocrx_word' id='word_1_284' title='bbox 517 3395 786 3474; x_wconf 90' lang='grc' dir='ltr'><strong><em>προσπταίσαντα</em></strong></span> <span class='ocrx_word' id='word_1_285' title='bbox 804 3391 978 3476; x_wconf 85' lang='grc' dir='ltr'><strong><em>συλλέγειν</em></strong></span> <span class='ocrx_word' id='word_1_286' title='bbox 995 3391 1034 3459; x_wconf 84' lang='grc' dir='ltr'><strong><em>τά</em></strong></span> <span class='ocrx_word' id='word_1_287' title='bbox 1051 3391 1208 3477; x_wconf 83' lang='grc' dir='ltr'><strong><em>ὄστρακα.</em></strong></span> 
     </span>
    </p>
   </div>
   <div class='ocr_carea' id='block_1_4' title="bbox 0 0 1292 3842">
    <p class='ocr_par' dir='ltr' id='par_1_4' title="bbox 0 0 1292 3842">
     <span class='ocr_line' id='line_1_35' title="bbox 0 0 1292 3842; baseline 0 1"><span class='ocrx_word' id='word_1_288' title='bbox 0 0 1292 3842; x_wconf 95' lang='lat' dir='ltr'><strong><em> </em></strong></span> 
     </span>
    </p>
   </div>
  </div>
 </body>
</html>
