2575 3842
185 203 247 269 376
539 207 845 266 AOYKIANOY
1267 147 1272 349 χ

269 372 381 434 ΔΑΜ.
397 363 467 432 Ὅτι
485 362 547 431 οὐκ
563 364 711 448 αἰσθάνῃ
725 360 790 429 ἀπὸ
803 370 921 450 λεπτῆς
934 364 1061 451 κρόκης
1075 367 1217 447 ἐξαψά-

185 461 286 547 μενός
300 482 363 528 σου
378 459 438 547 τὴν
453 457 622 545 ἀγκυραν,
638 462 694 528 καὶ
710 468 813 528 ταῦτα
827 459 922 546 ίεράν
934 456 1061 529 οὖσαν·
1079 463 1125 531 τό
1144 463 1214 550 γάρ

185 560 270 630 εἶναι
281 559 384 639 θεοὺς
396 568 443 648 τῶ
452 558 587 645 βωμούς
599 557 683 627 εἶναι
695 560 859 645 ξυνῶήσας
870 570 933 628 οίει
944 559 1089 646 ίσχυρὸυ
1101 564 1213 647 ποιή-

115 669 168 726 ίοθ
186 669 312 726 σασθαι
326 655 382 725 ἀπ’
396 655 508 724 αὐτῶν
519 653 579 723 τάν
589 655 706 742 ὅρμον.
732 654 815 723 ῶστε
826 658 896 724 ἐπεὶ
906 661 1011 743 μηδὲν
1020 658 1110 727 ἀλλο
1123 664 1212 728 τού-

185 783 246 824 του
261 755 326 842 φὴς
344 762 429 841 ἔχειν
445 761 548 823 είπείν
566 753 760 839 ἱερώτερον,
779 752 928 839 ἀπίωμεν
943 753 1017 841 ἤδη.
1270 806 1271 819 ,

270 859 320 921 52.
342 860 437 921 TIM.
455 850 644 937 Ὁμολογείς
660 859 776 918 τοίνυν
788 848 951 936 ἡττῆσθαι
968 854 1177 937 προαπιῶνς
1270 830 1271 909 ἐ

269 959 382 1020 ΔΑΜ.
396 958 475 1036 Ναί,
487 943 513 1017 ῶ
527 951 709 1035 Τιμόκλεις.
722 947 765 1016 σύ
774 947 839 1034 γάρ
849 947 960 1035 ῶσπερ
970 957 1005 1019 οί
1012 950 1082 1022 ὑπό
1092 981 1207 1022 τινων

185 1055 374 1139 βιαζόμενοι
385 1053 437 1118 ἐπὶ
447 1047 526 1130 τούς
536 1048 671 1140 βωμούς
681 1047 760 1135 ἡμῖν
772 1052 1031 1136 καταπέφευγας.
1045 1050 1150 1139 ῶστε,
1163 1052 1205 1138 νὴ

185 1147 246 1235 τὴν
255 1147 408 1234 ἀγκυραν
417 1144 479 1233 τὴν
488 1147 594 1233 ίεράν,
605 1149 712 1215 ἐθέλω
724 1152 925 1213 σπείσασθαι
932 1145 996 1232 ἤδη
1004 1146 1091 1231 πρὸς
1102 1152 1146 1216 σὲ
1154 1145 1204 1218 ἐπ’

185 1244 297 1314 αὐτῶν
314 1271 351 1330 γε
363 1252 430 1312 τῶν
442 1252 581 1331 βωμῶν,
601 1241 644 1321 ῶς
655 1246 770 1328 μηκέτι
786 1243 1001 1328 περὶτούτων
1015 1247 1200 1332 έρίσοιμεν.

273 1351 367 1412 ΤΙΜ.
396 1343 570 1431 Είρωνεύη
589 1349 693 1408 ταῦτα
713 1337 798 1426 πρὸς
823 1342 895 1426 ἐμέ,
920 1344 1122 1428 τυμβωρύχε
1146 1346 1201 1410 καὶ

185 1442 282 1530 μιαρὲ
293 1442 347 1508 καὶ
359 1441 566 1508 κατάπτυστε
581 1443 636 1507 καὶ
650 1444 805 1525 μαστιγία
813 1439 870 1506 καὶ
882 1439 1050 1525 κάθαρμα.
1075 1436 1120 1506 ού
1132 1437 1198 1525 γάρ

185 1551 282 1625 ίσμεν
294 1530 427 1614 οὗτινος
441 1537 503 1622 μὲν
519 1536 642 1621 πατρὸς
655 1535 698 1622 εἷ,
715 1544 784 1614 πῶς
802 1537 838 1602 δὲ
854 1533 874 1621 ἡ
893 1536 1000 1623 μήτηρ
1017 1558 1082 1604 σου
1093 1541 1197 1624 έπορ-
1270 1574 1271 1623 1

185 1636 316 1718 νεύετο,
337 1637 392 1702 καὶ
404 1631 448 1712 ῶς
460 1631 520 1700 τὸν
531 1631 680 1720 ἀδελφὸν
696 1631 877 1713 ἀπέπνιξας
893 1637 948 1702 καί
962 1636 1129 1721 μοιχεύεις
1141 1638 1195 1702 καὶ
1270 1628 1271 1633 ¹

184 1730 225 1801 τά
236 1729 390 1819 μειράκια
402 1735 626 1816 διαφθείρεις,
647 1731 817 1816 λιχνότατε
827 1733 882 1798 καὶ
898 1729 1195 1815 ἀναισχυντότατες
1270 1798 1271 1807 ,

185 1828 229 1916 μὴ
242 1836 347 1916 φεῦγε
360 1827 390 1896 δ’
403 1820 483 1914 οάν,
500 1826 544 1908 ῶς
555 1831 610 1898 καὶ
627 1827 754 1916 πληγάς
770 1826 850 1914 παρ’
865 1831 946 1915 ἐμοῦ
962 1825 1076 1915 λαβῶν
1091 1827 1195 1897 ἀπέλ-
1270 1844 1271 1865 ¹

185 1937 266 2013 θης·
289 1923 352 2011 ἤδη
366 1925 431 2011 γάρ
446 1945 483 1992 σε
496 1929 614 2016 τουτῳί
625 1935 673 2014 τῶ
684 1924 836 2017 ὀστράκῳ
849 1922 1032 2009 ἀποσφάξω
1042 1933 1194 2011 παμμία-

185 2049 247 2110 ρον
265 2022 354 2090 ὅντα.

117 2136 167 2192 701
270 2125 319 2190 53.
337 2129 463 2212 zm.
481 2116 516 2189 ‘0
532 2123 594 2206 μὲν
609 2126 734 2206 γελῶν,
757 2113 785 2187 ῶ
799 2126 891 2205 θεοί,
913 2117 1102 2204 ἀποτρέχει,
1123 2116 1142 2184 ὁ
1161 2116 1192 2185 δ’

184 2215 369 2286 ἀκολουθεῖ
383 2216 641 2304 λοιδορούμενος
658 2214 700 2284 ού
720 2219 834 2301 φέρων
850 2224 1113 2301 κατατρυφῶντα
1131 2215 1192 2282 τὸν

185 2323 314 2400 Δᾶμιν,
332 2316 386 2382 καὶ
401 2320 509 2382 έοικεν
524 2312 627 2383 αύτόν
643 2316 856 2403 πατάξειντῶ
871 2314 1006 2404 κεράμφ
1019 2317 1052 2391 ἐς
1062 2311 1125 2398 τὴν
1135 2340 1193 2380 κε-

185 2411 307 2496 φαλήν.
328 2410 422 2497 ἡμεῖς
437 2411 473 2480 δέ
486 2419 520 2480 τί
532 2421 695 2496 ποιοῦμεν
708 2413 761 2479 ἐπὶ
775 2412 920 2488 τούτοις;

268 2514 374 2574 ΕΡΜ.
392 2505 520 2591 Ὀρθῶς
531 2510 639 2576 ἐκεῖνό
654 2506 739 2596 μοιὸ
750 2506 896 2594 κωμικὸς
912 2511 1078 2592 εἰρηκέναι
1089 2512 1191 2593 δοκεῖ,

311 2601 411 2670 οὐδὲν
424 2607 596 2684 πέπονθας
610 2607 741 2690 δεινόν,
757 2603 801 2673 ἀν
817 2603 860 2691 μη
873 2613 1048 2693 προσποιῇ.

185 2704 218 2766 τί
225 2695 290 2786 γάρ
302 2703 356 2767 καὶ
367 2698 536 2787 ὑπέρμεγα
547 2705 663 2790 κακόν,
675 2710 705 2772 εί
713 2701 819 2788 ὀλίγοι
829 2701 1006 2788 ἅνθρωποι
1017 2711 1122 2771 ταῦτα
1132 2729 1193 2770 πε-

185 2799 355 2882 πεισμένοι
372 2796 502 2879 ἀπίασι;
517 2805 634 2870 πολλοὶ
645 2800 710 2890 γάρ
721 2806 755 2868 οί
770 2799 928 2867 τάναντία
938 2801 1191 2886 γιγνώσκοντες,

185 2902 318 3012 πλείους
326 2892 510 2984 Ἑλλήνων,
523 2897 540 2965 ὁ
553 2896 660 2977 πολύς
670 2895 753 2976 λεῶς
765 2900 831 2982 [καὶ
843 2895 860 2964 ὁ
873 2898 1017 2984 σύρφαξ]
1029 2899 1195 2985 βάρβαροί

184 3018 218 3058 τε
235 3016 387 3071 απαντες.

269 3099 395 3160 ΖΕΥΣ.
416 3091 529 3177 Ἀλλά,
551 3086 692 3178 ῶἘρμῆ
698 3144 708 3177 ,
730 3092 766 3160 τὸ
785 3100 845 3160 τού
862 3098 1010 3178 Δαρείου
1024 3095 1117 3160 πάνυ
1131 3122 1190 3161 κα-

183 3193 249 3262 λῶς
263 3192 339 3269 έχον
354 3190 457 3270 ἐστίν,
476 3187 494 3256 ὅ
510 3188 601 3256 εἶπεν
618 3192 670 3256 ἐπὶ
684 3197 745 3256 τοῦ
755 3191 940 3271 Ζωπύρου·
964 3187 1048 3255 ῶστε
1062 3192 1117 3256 καί
1128 3187 1189 3255 αύ-

184 3279 240 3356 τός
249 3282 437 3369 ἐβουλόμην
445 3281 490 3352 ἀν
501 3287 560 3352 ἕνα
571 3293 725 3352 τοιοῦτον
736 3292 823 3370 ἔχειν
835 3281 908 3353 οἷον
918 3283 977 3353 τάν
984 3294 1099 3372 Δᾶμιν
1110 3287 1187 3371 ξύμ-

185 3399 291 3456 μαχον
304 3371 326 3458 ἢ
337 3386 457 3461 μυρίας
471 3408 528 3464 μοι
542 3390 746 3468 Βαβυλῶνας
760 3380 931 3469 ὑπάρχειν.

585 3511 780 3521 ιι-ι--ι-ι
