2575 3842
326 201 457 258 υωωε
476 201 839 262 οακωιιιοαωω.
937 189 941 194 ’
1021 202 1083 264 255

76 373 143 437 τοῖς
164 365 282 428 νικῶσι
302 365 431 445 μείζους
450 365 518 426 τῶν
539 360 702 444 σωμάτων
720 357 900 428 ἀνεστάναι
920 358 1000 440 τοὺς
1021 360 1083 429 ἀυ-

77 456 249 540 δριάντας,
283 453 366 524 ἀλλά
390 458 617 542 ἐπιμελεῖσθαι
642 457 720 534 τοὺς
740 454 969 535 Ἑλλανοδικας
994 455 1084 537 ὅπως

76 553 158 640 μηδὲ
179 547 226 632 είς
247 545 473 640 ὑπερβάληται
494 549 555 638 τήν
575 549 755 638 ἀλήθειαν,
782 557 835 620 καὶ
857 552 918 640 τήν
938 557 1082 633 ἐξέτασιν

76 659 143 719 τών
159 647 369 737 ἀνδριάντων
383 649 620 738 ἀκριβεστέραν
630 659 808 736 γίγνεσθαι
821 659 879 743 της
892 658 960 718 τών
974 651 1083 738 ἀθλη-

76 756 144 817 τών
155 753 339 834 ἐγκρίσεως.
364 745 538 832 ώστεόρα,
555 754 636 833 ἔφη,
655 744 700 834 μή
713 754 822 816 αἰτίαν
831 749 987 835 λάβωμεν
998 749 1083 829 ήεό-
1119 824 1122 828 ,

77 854 196 915 δεσθαι
210 850 247 916 έν
262 855 308 938 τῷ
323 852 450 940 μέτρῳ,
468 842 552 938 κᾷτα
567 847 663 935 ἡμῶν
677 846 911 932 ἀνατρέψωσιν
926 855 960 918 οί
969 849 1082 918 Ἑλλα-

77 949 206 1014 νοδίκαι
221 943 283 1032 τήν
298 947 420 1016 είκόνα.
447 953 497 1014 12.
515 955 618 1014 ταῦτα
633 946 696 1032 μὲν
710 952 824 1033 ἔλεγεν
838 949 956 1032 ἐκείνη.
989 943 1031 1014 σὺ
1046 946 1083 1012 δὲ

76 1042 207 1129 σκόπει,
230 1036 410 1128 ώΛυκῑνε,
432 1042 522 1123 όπως
543 1046 801 1132 μετακοσμήσεις
821 1041 859 1113 τδ
877 1051 1009 1132 βιβλίον
1029 1043 1085 1110 καὶ

12 1157 14 1164 “
77 1139 273 1225 ἀφαιρήσεις
285 1138 325 1209 τά
340 1149 494 1227 τοιαῦτα,
510 1145 593 1227 μηδὲ
608 1149 736 1231 σφαλῇς
751 1138 835 1224 πρδς
849 1139 886 1208 τδ
901 1151 1015 1210 θεῖον·
1039 1138 1084 1218 ὡς

76 1240 183 1322 ἐκείνη
198 1237 289 1305 πάνυ
306 1264 344 1322 γε
363 1237 447 1306 αὐτοὶ
463 1242 675 1325 ἐδυσχέραινε
690 1241 745 1307 καὶ
763 1238 944 1324 ὑπέφριττε
959 1233 1081 1323 μεταξὺ

76 1330 399 1421 ἀναγινωσκομένων
418 1339 473 1405 καὶ
493 1352 667 1426 παρῃτεῖτο
691 1334 751 1416 τάς
774 1332 857 1413 θεάς
877 1339 973 1414 ἵλεως
997 1333 1082 1402 εἶναι

5 1451 8 1464 ·
76 1426 177 1516 αὐτή,
200 1433 255 1498 καὶ
270 1432 468 1519 συγγνώμη,
493 1439 523 1502 εί
535 1435 732 1519 γυναικεῖόν.
746 1461 777 1501 τι
793 1439 908 1502 ἔπαθε.
932 1439 1038 1501 καίτοι
1054 1437 1084 1500 εί

75 1522 136 1612 χρή
151 1523 293 1612 τάληθές
309 1535 428 1614 εἰπεῖν,
444 1533 499 1600 καὶ
510 1529 600 1618 αὐτῷ
611 1534 683 1618 ἐμοὶ
697 1531 852 1600 τοιοῦτόν
867 1559 898 1600 τι
915 1536 1020 1612 ἔδοξε·
1043 1527 1080 1597 τδ

75 1623 136 1709 μὲν
159 1623 223 1709 γάρ
245 1632 378 1708 πρώτον
399 1625 656 1696 ἀκούωνόὐδὲν
682 1632 901 1717 πλημμέλημα
928 1629 1085 1712 ένεώρων-
1098 1638 1148 1693 491

76 1735 143 1799 τοῖς
157 1727 413 1809 γεγραμμένοις,
430 1729 500 1794 ἐπεὶ
514 1728 550 1792 δὲ
565 1728 674 1812 ἐκείνη
690 1728 934 1813 ἐπεσημήνατο,
952 1728 1007 1795 καὶ
1019 1723 1082 1792 αό-

75 1819 131 1900 τδς
146 1821 287 1909 ἀρχομαι
298 1821 337 1890 τά
348 1822 447 1909 ὅμοια
461 1826 659 1910 γιγνώσκειν
673 1831 747 1913 περὶ
765 1826 892 1913 αὐτῶν,
907 1829 962 1894 καὶ
973 1851 1081 1910 παρα-

76 1920 218 2006 πλήσιόν
232 1947 263 1988 τι
278 1927 408 1990 ἔπαθον
423 1918 473 2002 οἷς
490 1926 543 1992 ἐπὶ
557 1931 625 1991 τών
636 1923 818 2009 ὁρωμένων
831 1925 1015 2009 πάσχομεν·
1037 1918 1082 2008 ήν

76 2019 138 2101 μὲν
152 2018 244 2085 πάνυ
258 2019 406 2103 ἐγγύθεν
421 2023 596 2106 σκοπῶμέν
613 2047 643 2088 τι
659 2022 715 2088 καὶ
731 2018 798 2087 ὑπὸ
813 2028 881 2087 τών
895 2018 1083 2105 ὀφθαλμῶν

76 2111 204 2198 αὑτών,
227 2113 327 2183 οὐδὲν
343 2115 477 2205 ἀκριβές
498 2117 778 2203 διαγινώσκομεν,
803 2113 846 2203 ήν
863 2119 899 2184 δὲ
915 2113 1082 2183 ἀποστάν-

76 2239 127 2291 τες
142 2217 178 2280 έκ
191 2221 252 2280 τοῦ
266 2217 457 2300 συμμέτρου
479 2214 697 2300 διαστήματος
713 2219 851 2301 ίδωμεν,
876 2213 1005 2282 ἅπαντα
1020 2231 1082 2278 σα-

75 2318 147 2398 φώς
162 2319 398 2398 καταφαίνεται
411 2311 451 2381 τά
467 2307 506 2382 εὑ
518 2314 572 2382 καὶ
587 2310 626 2380 τά
639 2311 683 2399 μή
700 2310 806 2392 οὑτως
822 2320 946 2399 ἔχοντα.
977 2318 1026 2380 13.
1043 2308 1080 2379 τό

75 2407 116 2495 δή
132 2407 317 2495 ἀνθρώπου
333 2405 439 2480 οὖσαν
450 2409 626 2499 Ἀφροδίτη
644 2409 794 2500 καδἭρηι
810 2411 939 2481 είκάσαι
954 2417 988 2479 τί
999 2411 1080 2479 ἀλλο

73 2503 95 2592 ή
114 2504 272 2590 ἀντικρός
283 2509 372 2575 ἐστιν
386 2507 560 2589 εὐτελίζειν
570 2506 627 2586 τάς
643 2511 744 2592 θεάςς
767 2515 803 2578 έν
814 2509 878 2596 γάρ
889 2509 1081 2589 τοῑςτοιοό-

75 2629 143 2682 τοις
161 2602 221 2688 οὐχ
243 2602 331 2672 οὕτω
352 2603 389 2673 τδ
405 2603 528 2691 μικρόν
546 2612 658 2692 μεῖζον
675 2614 802 2693 γίνεται
823 2617 862 2698 τῇ
884 2609 1080 2694 παραθέσει,

75 2701 120 2780 ώς
134 2700 171 2769 τδ
193 2707 304 2786 μείζου
319 2706 599 2792 αποσμικρόνεται
620 2703 704 2791 πρός
719 2704 756 2773 τό
772 2706 1007 2791 ταπεινότερον
1020 2731 1082 2773 κα-

76 2799 314 2884 τασπώμενον·
343 2796 416 2868 οἷον
433 2811 466 2870 εί
482 2828 570 2881 τινες
589 2801 658 2890 ἅμα
672 2808 852 2890 βαδίζοιεν,
877 2802 894 2871 ὁ
912 2803 974 2888 μὲν
987 2804 1082 2888 μέγι-

76 2918 168 2978 στος,
200 2893 274 2964 ὁδὶ
296 2896 387 2963 πάνυ
414 2906 454 2985 τή
474 2896 584 2987 ἡλικίᾳ
604 2906 815 2986 χαμαίζηλος,
842 2898 909 2968 εἶτα
933 2900 1082 2984 δεήσειεν

75 2993 241 3062 ἀπισώσαι
253 2993 391 3081 αὐτούς,
414 2992 458 3073 ἀς
471 2993 516 3081 μή
531 2993 706 3083 ὑπερέχειν
719 2999 866 3082 θατέρου
880 2993 939 3063 τόν
955 2998 1081 3079 ἕτερον,

2 3131 3 3138 1
75 3091 117 3160 οὑ
132 3099 193 3161 τοῦ
206 3093 413 3180 βραχυτέρου
424 3090 771 3182 ὑπερανατεινομένου
784 3102 882 3162 τοῦτο
894 3090 1013 3179 γένοιτ’
1027 3092 1081 3175 ἀν,

75 3187 140 3258 κάν
156 3189 207 3258 ότι
230 3190 369 3277 μάλιστα
392 3189 594 3280 ἀκροποδητὶ
616 3197 767 3281 ἐπεγείρη
788 3192 925 3262 ἑαυτόν·
958 3187 1030 3260 ἀλλ’
1054 3196 1085 3258 εί

76 3290 255 3375 μέλλουσιν
269 3286 423 3376 ὁμήλικες
437 3301 635 3377 φανεῖσθαι,
657 3289 675 3359 ὁ
690 3296 809 3376 μείζων
826 3292 950 3368 ἐκεῖνος
966 3287 1082 3358 ἐπικό-

76 3400 130 3464 υει
144 3395 199 3456 καί
212 3387 447 3473 ταπεινότερον
465 3387 634 3475 ἀποφανεῖ
646 3391 774 3458 ἑαυτόν.
803 3386 960 3468 ὡσαύτως
975 3391 1011 3459 δὲ
1024 3390 1080 3458 καὶ
1097 3403 1150 3458 49²
