2575 3842
177 212 219 274 22
537 214 838 273 AOYKIANOY

178 371 300 458 λευτήν
315 375 369 442 καὶ
390 371 434 451 ύς
456 375 579 454 ἐδίψων
599 375 654 441 καὶ
669 369 743 440 οἷον
761 370 797 440 τδ
821 371 914 458 ὕδωρ
933 380 1051 442 ἔπινον
1070 374 1124 439 καὶ
1141 395 1186 447 ως

179 473 381 558 ἐφονεύοντο
403 479 557 550 πίνοντες
579 477 614 539 οί
631 476 757 538 πολλοί.
783 466 939 556 ἡγήσεται
960 470 1025 558 γάρ
1043 513 1079 521 -
1101 468 1186 552 ὅπερ

178 569 389 638 δικαιότατον
400 611 438 622 -
450 566 504 636 ὑπ’
515 566 655 648 ούδενὸς
663 575 731 636 τῶν
740 576 826 636 νοῦν
836 571 980 655 ἐχόντων
990 568 1091 648 αύτδς
1100 572 1187 649 ἕξειν

177 665 240 754 τήν
258 674 384 753 αἰτίαν,
408 663 453 754 ήν
468 665 507 734 τά
526 663 732 753 δυστυχῶςή
752 664 900 754 ἀνοήτως
920 671 1123 755 γεγενημένα
1140 663 1186 743 ὡς

178 767 329 851 ἐπράχθη
345 770 511 852 διηγῆται·
540 762 660 849 οὐγὰρ
675 762 813 850 ποιητής
826 765 955 851 αὐτῶν,
977 765 1061 834 ἀλλά
1074 790 1185 851 μηνυ-

177 862 235 951 τής
250 858 303 951 ήν.
328 862 412 932 ύστε
427 859 492 931 κάν
509 870 826 949 καταναυμαχῶνται
842 866 932 950 τότε,
949 863 1012 932 ούκ
1026 868 1152 940 ἐκεῖνος
1166 858 1183 928 ὁ

177 962 354 1031 καταδύων
369 963 452 1038 ἐστί,
475 955 540 1027 κάν
562 960 752 1045 φεύγωσιν,
775 959 838 1028 ούκ
858 965 983 1040 ἐκεῖνος
1003 959 1022 1028 ὁ
1040 960 1184 1042 διώκων,

178 1057 271 1138 έκτδς
288 1065 318 1126 εί
334 1059 396 1144 μή,
420 1057 579 1137 εύξασθαι
594 1059 689 1143 δέον,
709 1060 923 1143 παρέλειπεν·
952 1061 1025 1125 ἐπεί
1035 1064 1088 1125 τοί
1100 1083 1138 1142 γε
1156 1062 1187 1123 εί

178 1157 347 1242 σιωπήσας
366 1152 450 1222 αύτά
466 1151 487 1241 ή
506 1151 593 1240 πρδς
609 1154 807 1222 τούναντίον
824 1154 926 1223 είπαδν
941 1152 1185 1239 ἐπανορθώσα-

178 1266 260 1323 σθαι
274 1255 431 1338 ἐδύνατο,
449 1256 573 1342 ῥᾷστον
586 1245 629 1338 ήν
640 1254 690 1319 ἐνὶ
700 1254 837 1343 καλάμφ
852 1262 961 1343 λεπτῷ
975 1251 1034 1319 τὸν
1047 1261 1185 1320 Θουκυ-

130 1371 164 1425 52
179 1357 277 1437 δίδην
287 1349 468 1437 ἀνατρέψαι
484 1351 545 1436 μὲν
555 1351 592 1417 τδ
606 1354 643 1418 έν
654 1365 724 1428 ταῖς
738 1349 924 1430 Ἐπιπολαῖς
935 1357 1184 1435 παρατείχισμα,

177 1457 359 1521 καταδῦσαι
375 1453 411 1518 δὲ
425 1448 488 1537 τήν
501 1447 747 1535 Ἑρμοκράτους
762 1452 879 1538 τριήρη
895 1456 949 1520 καί
963 1450 1024 1519 τδν
1037 1449 1185 1531 κατάρα-

176 1576 236 1617 τον
249 1549 425 1616 Γύλιππον
445 1552 611 1632 διαπεῖραι
627 1546 751 1632 μεταξύ
767 1547 1012 1634 ἀποτειχίζοντα
1026 1551 1080 1615 καί
1097 1545 1184 1614 ἀπο-

177 1645 389 1732 ταφρεύοντα
405 1642 464 1724 τάς
478 1643 596 1730 ὁδούς,
618 1647 674 1712 καλ
694 1647 785 1723 τέλος
800 1654 1056 1730 Συρακουσίους
1071 1645 1134 1731 μὲν
1150 1647 1184 1722 ἐς

176 1741 235 1820 τάς
250 1748 442 1826 λιθοτομίας
457 1743 627 1827 ἐμβαλεῖν,
650 1739 728 1819 τούς
743 1744 779 1810 δὲ
797 1740 997 1829 Ἀθηναίους
1011 1750 1183 1825 περιπλεῖν

178 1846 338 1910 Σικελίαν
352 1840 405 1906 καὶ
417 1837 556 1907 Ἰταλίαν
570 1836 652 1924 μετά
667 1846 734 1906 τῶν
747 1841 890 1923 πρύτων
900 1849 960 1909 τοῦ
971 1841 1183 1928 Ἀλκιβιάδου

178 1942 329 2006 ἐλπίδων.
352 1935 444 2023 ἀλλ’,
467 1935 575 2023 οἶμαι,
597 1933 720 2023 τὰμὲν
742 1945 932 2025 πραχθέντα
954 1939 1034 2008 οῦδὲ
1048 1935 1181 2007 Κλωθύ

178 2034 222 2105 ἀν
236 2043 283 2104 ἔτι
298 2033 523 2104 ἀνακλώσειεν
537 2035 616 2103 ούδέ
623 2035 786 2121 ’Ἀτροπος
800 2041 1019 2123 μετατρέψειε.
1051 2043 1101 2105 39.
1121 2042 1182 2103 τοῦ

178 2131 218 2220 δή
235 2135 453 2219 συγγραφέως
469 2138 569 2217 ἔργον
586 2135 639 2217 ἕν,
657 2131 701 2211 ὦς
715 2133 883 2220 ἐπράχθη,
900 2142 1012 2203 εἰπεῖν.
1034 2142 1133 2203 τοῦτο
1147 2130 1179 2199 δ’

177 2231 240 2300 οὐκ
256 2228 298 2298 ἂν
316 2231 469 2316 δύναιτο,
489 2229 565 2315 ἀχρι
586 2226 664 2316 ἀνή
679 2239 822 2318 φοβῆται
840 2230 1050 2319 Ἀρτοξέρξην
1070 2230 1183 2314 λατρδς

178 2329 283 2398 αὐτοῦ
305 2327 368 2413 ἀν,
396 2325 417 2414 ἢ
441 2332 551 2416 ἐλπίζη
570 2329 701 2395 κάνδυν
720 2338 923 2415 πορφυροῦν
942 2334 997 2399 καλ
1020 2328 1180 2414 στρεπτὸν

178 2435 326 2516 χρυσοῦν
341 2429 396 2495 καί
416 2429 521 2494 ἵππον
538 2433 606 2493 τοῖν
618 2434 772 2494 Νισαίων
788 2429 954 2514 λήψεσθαι
969 2425 1096 2514 μισθδν
1114 2436 1181 2495 τῶν

179 2530 216 2594 ἐν
228 2533 268 2614 τῇ
277 2533 391 2614 γραφῇ
401 2527 556 2593 ἐπαίνων.
572 2522 649 2593 ἀλλ’
660 2523 703 2592 ού
712 2530 874 2611 Ξενοφῶν
885 2524 965 2594 αύτδ
977 2527 1117 2612 ποιήσει,
1130 2529 1180 2593 δί-

128 2639 163 2694 ῖιὸ
180 2651 273 2703 καιος
284 2623 507 2711 συγγραφεύς,
523 2622 601 2692 οὐδὲ
613 2630 829 2710 Θουκυδίδης.
854 2622 938 2692 ἀλλά
949 2623 1014 2692 κάν
1025 2628 1092 2713 ἰδία
1103 2631 1182 2712 μισῇ

178 2751 288 2808 τινας,
310 2723 396 2790 πολύ
412 2721 673 2809 ἀναγκαιότερον
687 2722 843 2810 ἡγήσεται
863 2721 900 2791 τδ
918 2721 1035 2791 κοινδν
1048 2725 1103 2791 καὶ
1119 2720 1182 2808 τήν

177 2823 339 2909 ἀλήθειαν
351 2825 426 2904 περὶ
440 2827 592 2900 πλείονος
602 2822 774 2907 ποιήσεται
787 2829 844 2908 τής
858 2827 995 2908 ἔχθρας,
1011 2819 1076 2889 κάν
1087 2827 1180 2909 φιλῇ,

178 2921 267 3008 ὅμως
289 2917 352 2987 οῦκ
373 2917 526 3005 ἀφέξεται
547 2918 810 3006 ἁμαρτάνοντος·
847 2923 885 2988 ἓν
908 2921 990 3006 γάρ,
1018 2917 1061 2998 ὡς
1083 2927 1180 3006 ἔφην,

176 3027 275 3088 τοῦτο
287 3023 375 3086 ίδιον
388 3022 549 3104 ἱστορίας,
566 3021 620 3086 καὶ
631 3020 720 3106 μόνη
731 3021 856 3085 θυτέον
867 3025 907 3107 τῇ
918 3017 1074 3108 ἀληθείᾳ,
1093 3029 1127 3087 εί
1132 3047 1181 3097 τις

177 3123 327 3199 ἱστορίαν
342 3116 483 3202 γράψων
499 3124 550 3204 ίη,
564 3123 632 3183 τῶν
649 3119 686 3184 δὲ
700 3115 812 3184 ἀλλων
826 3114 984 3184 ἁπάντων
1000 3114 1181 3203 ἀμελητέον

178 3215 285 3302 αὐτῷ,
306 3219 360 3283 καὶ
376 3215 462 3294 ὅλως
478 3223 583 3301 πῆχυς
599 3211 644 3293 εἷς
660 3218 715 3283 καλ
731 3220 852 3302 μέτρον
867 3214 1016 3303 ἀκριβές,
1038 3215 1180 3302 ἀποβλέ·

177 3338 253 3379 πειν
265 3311 309 3399 μή
321 3320 367 3392 είς
376 3313 455 3393 τούς
466 3322 531 3382 νῦν
542 3313 741 3398 ἀκούοντας,
754 3312 825 3382 ἀλλ’
839 3321 885 3394 είς
895 3313 974 3393 τούς
985 3314 1066 3400 μετά
1077 3323 1181 3382 ταῦτα

178 3416 424 3497 συνεσομένους
434 3428 502 3492 τοῖς
513 3414 777 3500 συγγράμμασιν.
795 3420 844 3481 40.
859 3421 889 3482 ελ
897 3416 934 3482 δὲ
944 3411 982 3481 τὰ
993 3421 1179 3498 παραυτίκα
