2575 3842
414 116 536 172 ΠΕΡΙ
556 116 827 173 ΟΡΧΗΣΕΩΣ.
1061 116 1121 179 151
1150 138 1154 143 ’·

115 270 224 357 πυρός
239 270 380 357 ὀξύτητα
394 276 432 340 ἐν
445 280 485 362 τῇ
499 280 557 358 τῆς
570 272 731 358 κινήσεως
746 274 946 359 σφοδρότητι
962 280 1016 343 καὶ
1027 280 1122 343 λέον-

75 391 83 403 ’·
115 396 171 449 τος
189 368 368 456 ἀγριότητα
385 372 440 437 καλ
454 370 649 454 παρδάλεως
665 366 780 455 θυμὸν
795 372 849 437 καὶ
864 374 1005 457 δένδρου
1021 372 1123 459 δόνη-

115 495 179 553 μα,
195 468 249 533 καὶ
265 465 350 543 ὅλως
365 464 386 532 δ’
400 493 431 533 τι
447 468 501 547 καὶ
514 466 699 552 θελήσειεν.
722 462 789 533 ὅδὲ
799 474 909 552 μῦθος
919 466 1122 554 παραλαβοδν

116 562 201 648 πρὸς
214 562 252 630 τδ
269 563 537 649 παραδοξότερον
551 561 613 650 τὴν
630 564 736 650 φύσιν
753 560 857 631 αὐτοῦ
872 564 1061 649 διηγήσατο,
1079 563 1122 641 ὡς

116 665 320 748 γιγνομένου
336 669 439 729 ταῦτα
454 660 539 748 άπερ
554 665 714 747 ἐμιμεῖτο·
744 661 826 747 ὅπερ
844 660 883 747 δὴ
900 664 954 729 καὶ
974 675 1041 739 τοῖς
1057 669 1122 729 νῦν

115 757 332 844 ὀρχουμένοις
348 759 535 842 πρόσεστιν.
560 764 643 836 ἴδοις
655 756 687 825 δ’
701 756 745 825 άν
755 753 818 827 ούν
831 756 953 836 αύτούς
967 756 1052 845 πρδς
1062 755 1122 824 τὸν

115 854 221 923 αὐτὸν
238 853 358 940 καιρόν
377 859 672 941 διαλλαττομένους
689 854 797 935 ὠκέως
813 858 868 923 καλ
882 853 986 924 αύτδν
1001 881 1122 941 μιμου-

116 955 240 1037 μένους
254 949 314 1018 τόν
327 953 476 1033 Πρωτέα.
500 953 641 1033 εἰκάζειν
656 956 693 1021 δέ
708 951 770 1039 χρὴ
785 955 841 1021 καὶ
856 950 918 1038 τὴν
927 953 1122 1040 Ἔμπουσαν

115 1048 180 1135 τὴν
200 1052 233 1125 ἐς
253 1054 373 1134 μυρίας
395 1048 527 1136 μορφάς
550 1053 840 1137 μεταβαλλομένην
864 1051 1023 1135 τοιαύτην
1046 1046 1121 1116 τινὰ

112 1146 302 1232 ἄνθρωπον
316 1144 382 1213 ὑπὸ
399 1154 460 1213 τού
475 1149 591 1233 μύθου
603 1146 865 1234 παραδεδόσθαι.

201 1250 252 1311 20.
264 1240 333 1310 Ἐπὶ
343 1244 473 1320 τούτοις
483 1248 612 1310 δίκαιον
623 1244 706 1327 μηδὲ
717 1250 773 1328 τῆς
783 1241 947 1328 Ῥωμαίων
958 1241 1122 1329 ὀρχήσεως

115 1340 339 1428 ἀμνημονεῖν,
354 1337 398 1425 ἢν
408 1344 442 1407 οί
451 1338 678 1425 εὐγενέστατοι
690 1337 801 1407 αύτῶν
811 1348 856 1432 τῷ
867 1342 1120 1429 πολεμικωτάτῳ

112 1447 184 1507 τῶν
204 1446 297 1507 θεῶν
313 1435 404 1523 ’Ἁρει
421 1440 455 1503 οἱ
466 1436 587 1503 Σάλιοι
605 1438 807 1523 καλούμενοι
823 1478 866 1490 -
882 1436 1065 1523 ἱερωσύνης
1085 1437 1120 1503 δὲ

115 1544 215 1604 τοῦτο
231 1534 337 1619 ὄνομα
351 1576 393 1586 -
410 1531 586 1618 ὀρχοῦνται
601 1536 808 1621 σεμνοτάτην
822 1560 856 1601 τε
871 1532 938 1621 ἅμα
955 1537 1010 1601 καὶ
1024 1539 1123 1619 ίερω-

116 1634 229 1718 τάτην.
261 1639 312 1699 21.
329 1627 479 1707 Βιθυνὸς
495 1630 532 1697 δὲ
551 1637 679 1715 μῦθος,
702 1634 757 1699 καλ
774 1625 872 1710 οὗτος
892 1630 933 1699 οὐ
948 1632 1040 1699 πάνυ
1054 1638 1122 1699 τῶν

112 1728 340 1798 Ἰταλιωτικῶν
357 1724 545 1813 ἀλλότριος,
573 1724 633 1793 τὸν
646 1734 801 1812 Πρίαπον
824 1732 965 1815 δαίμονα
984 1737 1122 1815 πολεμι-

115 1828 217 1912 στήν,
237 1832 305 1891 τῶν
322 1824 473 1891 Τιτάνων
491 1823 580 1909 οἶμαι
597 1821 694 1909 ἕναῆ
715 1832 782 1891 τῶν
798 1822 924 1891 Ἰδαίων
935 1826 1123 1894 Δακτύλων

117 1931 216 1991 τοῦτο
232 1928 333 2007 ἔργον
349 1923 582 2006 πεποιημένων
595 1918 635 1985 τά
651 1920 787 1988 ἐνόπλια
801 1919 989 2006 παιδεύειν,
1011 1947 1119 2008 παρα·
1138 1947 1189 2001 28⁰

119 2022 263 2107 λαβόντα
277 2017 366 2103 παρὰ
382 2014 552 2103 τῆςἭρας
567 2015 732 2103 τδνἍρη,
751 2022 850 2083 παῖδα
864 2021 926 2102 μὲν
942 2022 1005 2102 ἔτι,
1020 2028 1122 2105 σκλη-

116 2116 180 2201 ρόν
202 2117 239 2183 δὲ
262 2116 317 2181 καὶ
340 2117 425 2198 πέρα
447 2121 509 2181 τού
528 2120 664 2198 μετρίου
685 2111 861 2199 ἀνδρικόν,
891 2112 935 2199 μη
957 2114 1121 2197 πρότερον

116 2214 318 2297 ὁπλομαχεῖν
329 2214 469 2297 διδάξαι,
481 2213 561 2297 πρὶν
573 2213 699 2278 τέλειον
709 2207 872 2296 ὀρχηστὴν
883 2208 1121 2297 ἀπειργάσατο·

117 2313 172 2377 καὶ
187 2311 239 2376 ἐπὶ
254 2308 360 2398 τούτω
377 2311 431 2375 καὶ
446 2305 569 2394 μισθὸς
582 2306 673 2396 αὐτῷ
689 2303 778 2391 παρά
794 2314 850 2391 τῆς
861 2305 965 2394 Ἥρας
982 2311 1121 2394 ἐγένετο,

117 2405 261 2490 δεκάτην
276 2402 327 2471 ιἰεὶ
349 2412 418 2472 τῶν
439 2408 476 2473 έκ
495 2407 644 2490 πολέμου
666 2408 950 2490 περιγιγνομένων
968 2412 1013 2493 τῷ
1030 2404 1122 2492 ’Ἀρει

116 2500 199 2589 παρ’
216 2499 320 2569 αὐτοῦ
334 2503 528 2589 λαμβάνειν.
557 2509 607 2570 22.
629 2500 669 2570 τά
686 2500 826 2588 μὲνγὰρ
843 2502 1052 2571 Διονυσιακὰ
1068 2505 1123 2571 καὶ

116 2596 265 2685 Βακχικά
280 2598 373 2685 οἶμαί
390 2621 427 2666 σε
446 2598 489 2686 μὴ
512 2603 703 2685 περιμένειν
718 2602 800 2685 ἐμοῦ
816 2596 973 2686 ἀκοῦσαι,
994 2597 1045 2667 ὅτι
1062 2598 1123 2685 όρ-

118 2719 211 2784 χησις
226 2702 335 2766 ἐκεῖνα
350 2698 459 2764 πάντα
473 2691 533 2783 ἦν·
555 2705 658 2783 τριῶν
673 2704 759 2783 γοῦν
774 2695 885 2764 ούσολν
900 2706 967 2765 των
981 2725 1122 2786 γενικω-

120 2798 228 2863 τάτων
239 2792 424 2881 ὀρχήσεων,
439 2793 602 2880 κόρδακος
614 2796 669 2861 καλ
680 2798 861 2872 σικιννίδος
873 2798 927 2862 καλ
941 2797 1121 2881 ἐμμελείας,

118 2897 155 2960 οἱ
166 2892 339 2960 Διονύσου
354 2891 560 2975 θεράποντες
574 2896 608 2959 ολ
619 2892 770 2975 Σάτυροι
789 2891 910 2967 ταύτας
926 2890 1124 2976 ἐφευρόντες

116 2988 181 3077 ἀφ’
197 2988 309 3057 αὐτῶν
323 2989 463 3075 ἑκάστην
479 2986 666 3074 ὠνόμασαν.
690 2988 744 3055 καὶ
759 2986 861 3074 ταύτῃ
875 2994 914 3074 τῇ
928 2989 1024 3074 τέχνη
1035 2985 1123 3071 χρω-

116 3113 219 3173 μενος
243 3084 261 3153 ὁ
280 3087 450 3163 Διόνυσος
473 3082 670 3171 Τυρρηνούς
692 3085 747 3150 καλ
768 3078 893 3159 Ἰνδούς
912 3079 1123 3161 καλΛυδούς

115 3184 316 3270 ἐχειρώσατο
329 3186 384 3252 καὶ
399 3189 510 3270 φῦλον
525 3179 613 3250 οὕτω
626 3180 771 3268 μάχιμον
784 3192 852 3258 τοῖς
867 3175 977 3258 αὐτοῖς
991 3179 1123 3263 θιάσοις

118 3282 360 3370 κατωρχήσατο.
