2575 3842
197 164 237 229 78
546 170 851 228 AOPKIANOY

196 333 264 412 μᾶν
274 329 377 405 ἔξεστι
392 329 447 394 καὶ
459 327 603 407 δικάζειν
616 329 671 393 καὶ
683 324 867 412 ἀντιλέγειν
879 326 961 395 κατά
973 326 1051 406 τούς
1065 328 1201 414 νόμους,

197 425 369 491 καὶταῦτα
384 422 493 490 πάνια
508 426 681 510 γεγένηται
692 420 736 489 δι’
751 426 807 508 ἐμὲ
818 422 898 509 ὑμῖν
913 426 967 492 καὶ
984 423 1038 492 διά
1053 423 1114 512 τῆν
1125 424 1201 494 τόλ-

197 547 264 607 μαν
286 517 347 605 τῆν
364 520 463 606 ἐμήν,
488 518 553 587 κάκ
575 528 636 587 τοῦ
661 518 734 597 ἑνός
758 524 888 589 ἐκείνου
910 522 1038 609 φόνου,
1063 519 1141 608 μεθ’
1162 518 1203 588 δν

197 617 308 686 ούκίτι
327 624 383 703 ζῆν
400 615 507 703 πατῆρ
525 617 675 684 ἐδύνατο.
709 615 789 697 άξιῶ
805 615 836 684 δ’
855 610 918 684 ούυ
930 622 982 687 ἐπὶ
998 620 1128 696 τούτοις
1140 616 1203 705 τῆν

197 713 420 801 ὀφειλομένην
432 719 578 801 δοθῆναί
585 740 641 801 μοι
651 710 725 800 παρ’
736 712 832 801 ὑμῶν
842 718 982 802 δωρεάν,
994 715 1034 784 ού
1045 725 1201 802 φιλοκερ-

198 812 257 899 δῆς
268 809 347 879 ούδέ
363 812 562 898 μικρολόγος
575 838 624 889 τις
642 807 690 877 τόν
703 809 782 879 οὐδὲ
795 814 847 879 ε’πλ
862 821 974 904 μισθῷ
987 812 1049 900 τῆν
1061 817 1202 896 πατρίδα

198 907 384 996 εὐεργετεῖν
395 910 644 995 προῃρημένος,
667 905 750 975 άλλά
764 915 999 996 βεβαιωθῆναί
1009 936 1065 996 μοι
1076 908 1202 997 βουλό-

197 1033 296 1094 μενος
317 1006 356 1073 τά
376 1004 620 1091 κατορθώματα
639 1012 680 1092 τῆ
701 1008 809 1093 δωρεᾷ
831 1009 885 1073 καὶ
912 1004 956 1092 μῆ
979 1012 1203 1094 διαβληθῆναι

197 1104 280 1190 μηδὲ
295 1100 417 1182 άδοξον
427 1103 586 1187 γενέσθαι
597 1099 659 1187 τῆν
671 1103 870 1189 ἐπιχείρησιν
881 1103 943 1189 τῆν
954 1102 1036 1189 ἐμὴν
1050 1100 1092 1181 ως
1103 1100 1202 1186 ἀτελῆ

197 1204 253 1268 καὶ
271 1204 377 1285 γέρως
395 1199 534 1279 άναξίαν
549 1201 756 1284 κεκριμένην.
791 1206 839 1267 10.
862 1198 973 1269 οὑτοσὶ
989 1202 1024 1268 δέ
1041 1198 1203 1284 ἀντιλέγει

199 1302 253 1366 καὶ
268 1302 371 1385 φησὶν
388 1297 449 1365 οὐκ
470 1295 610 1382 εύλογον
625 1311 734 1364 ποιεῖν
754 1323 794 1382 με
809 1305 969 1383 τιμᾶσθαι
989 1300 1131 1366 θέλοντα
1147 1295 1202 1362 καὶ

134 1413 180 1469 147
201 1393 333 1481 δωρεάν
353 1396 552 1482 λαμβάνειν·
585 1392 627 1463 ού
646 1392 711 1480 γάρ
734 1392 817 1461 εἶναι
833 1397 1102 1479 τυραννοκτόνον
1123 1391 1202 1460 οὐδὲ

199 1500 391 1579 πεπρᾶχθαί
398 1499 457 1578 μοί
463 1519 494 1559 τι
506 1489 588 1559 κατά
601 1489 661 1559 τόν
675 1493 798 1577 νόμον,
813 1490 886 1561 ἀλλ’
898 1496 1007 1561 ἐνδεῖν
1016 1520 1047 1560 τι
1058 1500 1103 1583 τῷ
1115 1497 1201 1579 ἔργῳ

198 1599 243 1680 τῷ
260 1594 325 1680 ἐμῷ
337 1588 420 1675 πρός
431 1588 608 1678 άπαίτησιν
619 1598 676 1677 τῆς
691 1595 826 1676 δωρεάς.
851 1594 1068 1678 πυνθάνομαι
1084 1599 1200 1659 τοίνυν

199 1686 319 1769 αὐτοῦ,
340 1696 375 1754 τί
386 1687 505 1755 λοιπὸν
520 1687 668 1766 ἀπαιτεῖς
683 1688 763 1775 παρ’
779 1688 891 1776 ῆμῶν;
914 1688 975 1759 ούκ
993 1689 1200 1777 ἐβουλήθηνς

200 1784 263 1854 ούκ
284 1784 451 1871 άνῆλθον;
473 1786 536 1855 οόκ
553 1788 737 1874 ἐφόνευσα;
760 1788 821 1858 ούκ
843 1789 1074 1877 ῆλευθέρωσα;
1093 1790 1138 1875 μῆ
1153 1816 1202 1865 τις

200 1883 376 1961 ἑπιτάττει;
397 1885 505 1970 μῆτις
526 1886 670 1965 κελεύεις
690 1887 736 1973 μη’
750 1913 799 1967 τις
818 1887 1134 1972 άπειλεῖδεσπότης;
1155 1884 1201 1970 μή
1247 1905 1250 1911 ’

199 1988 247 2060 τίς
263 2007 303 2067 με
325 1990 392 2048 τῶν
413 1984 612 2070 κακούργων
632 1987 806 2071 διέφυγεν;
828 1984 890 2053 ούιι
911 1982 954 2051 άν
972 1995 1084 2061 είποις.
1118 1979 1201 2049 άλλά

200 2082 309 2148 πάντα
326 2081 458 2167 εἰρήνης
471 2080 573 2168 μεστά
590 2085 644 2150 καὶ
664 2082 785 2160 πάντες
799 2088 832 2151 ολ
846 2084 942 2169 νόμοι
958 2084 1011 2149 καὶ
1028 2085 1201 2162 ἐλευθερία

201 2179 308 2266 σαφῆς
324 2184 377 2247 καὶ
390 2185 591 2266 δημοκρατία
604 2183 737 2267 βέβαιος
754 2184 807 2249 καὶ
825 2181 923 2267 γάμοι
938 2178 1132 2267 άνύβριστοι
1147 2176 1201 2243 καὶ

200 2283 313 2355 παῖδες
330 2278 435 2356 άδεεῖς
444 2280 498 2345 καὶ
512 2282 677 2362 παρθένοι
689 2276 847 2364 ἀσφαλεῖς
858 2281 913 2346 καί
927 2276 1125 2365 ἑορτάζουσα
1140 2271 1200 2359 τῆν

121 2420 127 2431 -
199 2373 319 2459 κοινῆν
334 2372 520 2461 εότυχίανῆ
535 2376 638 2454 πόλις.
661 2383 708 2453 τίς
720 2370 783 2445 ούν
800 2376 817 2444 ὁ
833 2377 962 2445 τούτων
978 2372 1137 2443 ἁπάντων
1149 2381 1201 2439 αί-

199 2497 283 2549 τιος;
304 2477 352 2549 τίς
368 2469 386 2538 ὁ
406 2474 515 2541 ἐκεῖνα
531 2475 592 2559 μὲν
610 2476 756 2559 παύσας,
780 2473 820 2541 τά
837 2474 871 2542 δὲ
891 2475 1151 2561 παρεσχημένος;
1174 2476 1203 2537 εί

198 2570 264 2655 γάρ
278 2577 326 2648 τίς
342 2573 409 2637 ἐστι
424 2571 487 2656 πρὸ
505 2574 586 2658 ἐμοῦ
602 2581 762 2659 τιμᾶσθαι
779 2577 919 2655 δίκαιος,
941 2577 1126 2657 παραχωρῶ
1141 2575 1201 2635 τοῦ

198 2671 319 2754 γε’ρως,
340 2671 504 2755 ἐξίσταμαι
515 2676 571 2755 τῆς
582 2675 716 2755 δωρεάς.
739 2676 768 2737 εἰ
778 2670 813 2737 δὲ
824 2669 926 2759 μόνος
938 2670 1000 2755 ἐγὼ
1012 2670 1120 2735 πάντα
1133 2671 1201 2734 διε-

199 2767 375 2852 πραξάμην
386 2773 534 2852 τολμῶν,
546 2768 770 2853 κινδυνεύων,
783 2766 903 2854 άνιύν,
919 2766 1085 2852 α’ναιρῶν,
1100 2763 1202 2833 κολά-

200 2873 280 2951 ζων,
303 2865 346 2933 δι’
364 2865 518 2952 άλλῆλων
531 2866 794 2952 τιμωρούμενος,
818 2874 852 2934 τί
867 2892 934 2953 μου
954 2865 1143 2953 διαβάλλεις
1161 2860 1201 2930 τά

198 2965 458 3050 κατορθωματας
478 2971 512 3034 τί
524 2969 575 3033 δαλ
593 2964 771 3051 ιἰχάριστον
782 2965 864 3050 πρός
874 2991 915 3050 με
929 2962 988 3032 τόν
1005 2967 1112 3049 δῆμον
1127 2986 1223 3051 ποιχ

180 3079 244 3150 ,εἷς
261 3063 363 3143 είναι;
394 3070 442 3132 ll.
463 3062 515 3132 Οὐ
534 3062 598 3150 γάρ
613 3061 719 3131 αὐτὸν
737 3065 921 3151 ἐφόνευσας
940 3060 1000 3129 τόν
1016 3061 1201 3142 τύραννον·

198 3159 216 3227 ὁ
233 3163 269 3229 δὲ
280 3162 382 3247 νόμος
397 3161 655 3251 τυραννοκτόνῳ
670 3165 783 3229 δίδωσι
799 3160 860 3247 τῆν
874 3160 1014 3247 δωρεάν.
1038 3162 1204 3243 Διαφέρει

199 3261 250 3343 δέ,
269 3264 341 3327 είπέ
354 3285 427 3345 μοι,
449 3256 515 3344 τίῆ
535 3256 640 3326 αὐτόν
655 3255 821 3344 άνελεῖνῆ
841 3266 902 3326 τοῦ
921 3259 1074 3327 θανάτου
1091 3282 1202 3342 παρα-

198 3371 287 3441 σχεῖν
300 3356 362 3444 τὴν
377 3364 502 3437 αἰτίανς
526 3355 590 3442 ἐγω
606 3356 668 3443 μὲν
682 3355 745 3441 γάρ
763 3353 863 3423 οὐδὲν
877 3353 981 3442 οἶμαι
1007 3353 1089 3423 ἀλλά
1102 3362 1201 3422 τοῦτο
