2575 3842
189 207 250 270 τοι
529 208 848 288 [Λουαικαοαη

189 393 273 446 κους
285 370 386 453 κρύος
396 395 430 436 τε
442 372 496 436 καί
506 369 637 447 θάλπος
649 366 711 436 οὐκ
722 366 903 454 άνασχετὸν
914 371 1115 454 διέφθειρεν.
1139 363 1205 435 ἐπί

189 479 273 532 τοῖσι
295 463 335 550 δὴ
350 463 409 532 τὸν
424 472 491 533 Δία
516 463 762 550 ἀγανακτέοντα
781 475 897 554 βαλεῖν
919 473 1082 552 πρηστῆρι
1104 467 1194 532 Φαέ-

189 572 297 628 θοντα
318 563 460 651 μεγάλω.
492 563 637 630 πεσόντα
657 566 697 629 δέ
715 589 773 647 μιν
787 567 824 630 αί
841 561 981 647 άδελφαὶ
998 569 1193 647 περιστᾶσαι

189 659 314 735 πένθος
328 660 411 743 μέγα
426 662 573 745 ἐποίεον,
590 666 662 727 ἔστι
673 663 873 746 μετέβαλλον
883 657 925 726 τά
939 664 1043 746 είδεα,
1060 660 1115 727 καὶ
1127 664 1194 725 νῦν

191 761 275 822 είσιν
292 764 432 841 αίγειροι
452 760 506 824 καὶ
521 753 558 824 τὸ
580 755 742 841 ἤλεκτρον
757 753 808 822 ἐπ’
825 754 931 847 αὐτέφ
948 757 1098 842 δάκρυον
1113 776 1195 822 στα-

191 852 340 920 λάουσιν.
354 851 414 938 οὐχ
424 853 511 921 οὕτω
520 861 623 921 ταῦτα
633 856 761 938 ἐγένετο
772 851 851 921 οὐδὲ
860 852 955 920 ὁσιον
965 850 1111 920 αὐτέοισι
1121 859 1194 918 πεί-

190 959 333 1035 θεσθαι,
356 949 434 1018 οὐδὲ
445 948 570 1029 Ἠέλιος
583 955 684 1017 παῖδα
702 952 893 1035 ἐποιήσατο,
912 948 990 1016 οὐδὲ
1006 947 1023 1017 ὁ
1038 963 1115 1028 παῖς
1130 945 1194 1014 αὐ-

189 1051 251 1138 τέῳ
268 1047 426 1119 ἀπέθανε.
460 1057 510 1119 20.
526 1054 660 1135 λέγουσι
681 1051 717 1116 δὲ
739 1051 793 1116 καὶ
813 1046 1064 1138 άλλαἝλληνες
1087 1044 1193 1114 πολλὰ

190 1147 369 1233 μυθώδεα,
385 1162 491 1217 τοῖσιν
506 1147 569 1234 έγώ
587 1146 629 1215 οὐ
642 1148 730 1232 μάλα
746 1173 777 1214 τι
792 1152 960 1231 πείθομαι.
989 1152 1055 1222 κῶς
1069 1141 1134 1230 γάρ
1152 1142 1194 1228 δὴ

190 1242 285 1311 ὁσιον
300 1252 472 1314 πιστεῦσαι
487 1251 589 1314 παῖδα
603 1253 742 1332 Αἰνείην
758 1253 815 1331 τῆς
825 1243 1019 1330 Ἀφροδίτης
1033 1245 1194 1329 γενέσθαι

188 1344 243 1410 καὶ
260 1340 343 1420 Λιὸς
364 1349 465 1410 Μίνω
489 1333 670 1428 καὶἍρεος
691 1341 902 1428 Ἀσκάλαφον
923 1343 977 1408 καί
994 1338 1195 1406 Αὐτόλυκον

184 1435 325 1522 Ἑρμέω
346 1436 419 1506 άλλ’
439 1432 532 1506 οὗτοι
553 1441 688 1518 ἕκαστος
702 1438 830 1507 αὐτέων
852 1441 1026 1524 θεοφιλέες
1040 1440 1193 1522 ἐγένοντο

189 1536 243 1600 καὶ
259 1542 351 1618 σφίσι
366 1539 574 1620 γενομένοισι
586 1542 631 1626 τῷ
643 1539 705 1621 μὲν
716 1535 736 1622 ἡ
749 1534 940 1621 Ἀφροδίτη,
956 1541 1003 1623 τῷ
1015 1536 1052 1600 δέ
1067 1531 1193 1617 ὁΖεύς,

190 1639 236 1719 τῷ
250 1632 286 1697 δὲ
307 1629 438 1716 δ”Αρης
452 1634 653 1718 ἐπέβλεψαν·
682 1630 797 1700 ὁκόσοι
811 1630 876 1716 γάρ
897 1629 938 1716 δὴ
958 1628 1193 1713 άνθρωποισιν

119 1743 170 1796 369
192 1731 229 1795 ἐν
242 1735 283 1815 τῇ
299 1737 398 1816 γενεῇ
411 1731 514 1818 ταάτη
529 1736 853 1816 οίκοδεσποτέουσιυ,
875 1723 969 1797 οὗτοι
983 1727 1068 1806 ὁκως
1083 1728 1195 1802 τοκέες

193 1828 343 1892 ἑωυτοῖσι
359 1827 468 1894 πάντα
484 1837 574 1897 ίκελα
591 1831 776 1896 έκτελέουσι
791 1829 846 1895 καὶ
865 1827 969 1912 χρόην
989 1827 1044 1892 καί
1057 1819 1192 1908 μορφὴν

190 1926 244 1990 καί
259 1929 338 2007 έργα
354 1927 406 1992 καὶ
430 1930 598 2013 διανοίην,
619 1929 675 1995 καὶ
694 1926 847 2013 βασιλεὺς
863 1927 924 2010 μὲν
944 1921 961 1989 ὁ
977 1929 1095 1998 Μίνως
1110 1918 1192 1997 Διὸς
1287 1957 1288 1964 1

188 2020 389 2107 ἡγεομένου,
411 2021 511 2103 καλός
529 2028 563 2092 δὲ
582 2030 715 2109 Αίνείης
731 2021 924 2108 Ἀφροδίτης
945 2019 1103 2108 βουλήσει
1121 2019 1192 2101 έγέ-

189 2146 264 2187 νετο
272 2170 282 2204 ,
299 2125 439 2206 κλέπτης
453 2121 489 2188 δὲ
502 2120 711 2204 Αὐτόλυκος,
726 2118 746 2205 ἡ
760 2123 798 2186 δέ
808 2123 842 2187 οί
854 2115 1011 2202 κλεπτικὴ
1023 2119 1055 2194 έξ
1065 2113 1193 2199 Ἑρμέω

189 2215 332 2284 άπίκετο.
367 2223 417 2285 21.
437 2217 478 2286 οὐ
493 2221 555 2305 μὲν
568 2212 617 2286 οὐν
631 2215 710 2285 οὐδὲ
723 2214 784 2283 τὸν
794 2216 930 2300 Κρόνον
945 2210 1059 2288 ὁΖεύς
1074 2215 1195 2294 ἔδησεν

191 2313 268 2380 οὐδὲ
285 2318 317 2391 ές
336 2316 510 2402 Τάρταρον
525 2324 661 2402 ἔρριψεν
676 2312 754 2382 οὐδὲ
769 2310 809 2379 τά
830 2311 913 2380 άλλα
928 2310 1067 2397 ἐμήσατο
1089 2306 1195 2375 ὁκόσα

190 2409 366 2494 άνθρωποι
387 2420 594 2499 νομίζουσιν,
615 2411 699 2481 άλλά
718 2413 853 2497 φέρεται
867 2406 931 2494 γάρ
946 2407 964 2474 ὁ
979 2408 1111 2491 Κρόνος
1131 2404 1196 2491 τὴν
1286 2432 1287 2489 ,

189 2513 251 2586 ἔξω
268 2507 378 2593 φορὴν
391 2510 517 2579 πολλὸν
532 2510 588 2578 ὐπ’
606 2509 719 2597 ἡμέων
733 2515 791 2577 καί
802 2513 835 2576 οί
849 2506 967 2591 νωθρή
981 2504 1049 2591 τεὴ
1065 2512 1196 2590 κίνησις

188 2608 242 2672 καί
264 2603 305 2671 οὐ
325 2609 435 2694 ῥηιδίη
456 2624 539 2676 τοῖσι
563 2608 776 2692 ἀνθρώποισι
796 2604 961 2690 ὁρέεσθαι.
997 2602 1048 2671 διὸ
1071 2603 1113 2688 δή
1135 2629 1196 2688 μιν

190 2703 323 2770 ἑστάναι
331 2708 486 2789 λέγουσιν
498 2705 582 2785 ὁκως
593 2701 831 2791 πεπεδημένον.
849 2702 885 2772 τὸ
897 2706 933 2772 δὲ
943 2705 1051 2792 βάθος
1060 2699 1098 2768 τὸ
1110 2708 1196 2769 πολ-

188 2799 250 2868 λὸυ
265 2809 325 2868 τοῦ
339 2800 437 2890 ἠέρος
457 2805 625 2887 Τάρταρος
640 2807 800 2872 καλέεται.
828 2809 878 2870 22.
895 2803 1036 2887 μάλιστα
1057 2800 1090 2867 δῗ
1106 2806 1143 2866 ἔκ
1158 2825 1196 2866 τε

191 2901 330 2986 Ομήρου
346 2909 406 2970 τοῦ
422 2908 563 2991 ποιητέω
579 2907 633 2973 καὶ
654 2912 723 2971 τῶν
737 2901 894 2971 Ἡσιόδου
910 2905 1015 2970 έπέων
1029 2903 1136 2987 μάθοι
1150 2899 1191 2966 άι

187 3025 236 3076 τις
249 2999 290 3065 τά
306 3000 407 3068 πάλαι
421 3017 489 3081 τοίς
503 3001 781 3087 ἀστρολογέουσιν
796 2999 1042 3088 ὁμοφωνέοντα.
1066 2992 1137 3066 εὖτ’
1149 2994 1196 3064 άν

188 3096 224 3163 δὲ
239 3094 300 3182 τὴν
315 3098 429 3184 σειρὴν
449 3108 509 3168 τοῦ
525 3098 607 3178 Διὸς
628 3099 809 3186 άπηγέηται
831 3104 886 3167 καί
904 3106 965 3166 τοῦ
982 3097 1112 3167 Ἠελίου
1135 3094 1195 3173 τὰς

187 3193 285 3283 βόας,
300 3194 339 3262 τά
356 3195 396 3282 δη
412 3196 475 3281 έγοὸ
492 3197 600 3283 ἤματα
615 3197 699 3266 εἶναι
716 3199 962 3284 συμβάλλομαι,
985 3199 1039 3264 καὶ
1054 3194 1113 3273 τάς
1129 3194 1194 3261 πό-

187 3302 259 3369 λιας
273 3290 330 3372 τάς
345 3296 381 3360 έν
392 3301 432 3382 τῇ
446 3292 558 3362 άσπίδι
564 3294 747 3381 Ἥφαιστος
761 3297 935 3381 ἐποιήσατο
949 3297 1003 3362 καί
1018 3292 1078 3360 τὸν
1090 3292 1195 3378 χορόν

189 3391 242 3454 καὶ
263 3386 323 3473 τὴν
344 3389 465 3476 ἀλωήν.
496 3389 536 3457 τά
559 3392 705 3481 μὲνγὰρ
732 3391 836 3461 ὁκόσα
858 3395 890 3470 ἐς
909 3391 971 3478 τὴν
993 3391 1194 3477 Ἀφροδίτην
