2575 3842
293 199 412 255 ΠΕΡΙ
433 197 528 254 ΤΗΣ
545 196 908 255 ΑΣΤΡΟΛΟΓΙΗΣ.
1043 197 1106 260 1⁹³

96 357 203 445 αὐτέφ
216 359 269 425 καί
281 363 341 424 τοῦ
353 354 468 442 Ἄρεος
480 351 541 440 τήν
551 361 700 440 μοιχείην
711 359 858 424 λέλεκται
876 361 930 425 καὶ
947 357 986 425 τά
998 363 1106 443 ε’μφα·

95 458 157 522 νέα
173 454 235 522 οὐκ
257 454 404 523 άλλοθεν
425 448 446 537 ή
462 455 498 519 ἐκ
517 457 615 538 τήσδε
636 459 693 537 τῆς
707 460 825 538 σοφίης
840 458 1060 541 πεποιημένα·
1083 452 1104 540 ή

95 551 162 637 γάρ
174 552 214 638 δὴ
226 546 273 620 άν
286 552 477 638 Ἀφροδίτης
486 552 540 617 καὶ
549 557 609 616 τοῦ
617 549 731 632 ’Ἀρεος
741 549 924 637 ὁμοδρομίη
934 551 996 636 τήν
1004 550 1106 637 Ὁμή-

97 677 161 734 ρου
182 648 301 736 άοιδήν
324 647 555 738 ἀπεργάζεται·
590 649 626 714 ἐν
647 646 777 715 ἄλλοισι
800 648 836 714 δὲ
852 653 943 716 ἔπεσι
959 646 999 714 τά
1024 654 1103 732 ἔργα
1123 658 1174 712 37⁰

98 748 240 814 έκάστου
254 745 383 814 αὐτέων
399 750 574 828 διωρίσατο
591 752 630 832 τῇ
644 741 821 832 Ἀφροδίτη
836 747 898 829 μὲν
916 745 1030 828 είπύν,

182 842 265 912 άλλά
280 844 323 910 σύ
339 842 373 929 γ’
391 843 565 930 ίμερόεντα
579 844 733 927 μετέρχεο
751 848 830 927 ἔργα
845 841 978 927 γάμοιο·

97 940 137 1007 τά
153 944 190 1009 δὲ
207 947 268 1008 τού
283 942 441 1026 πολέμου,

181 1048 284 1106 ταῦτα
302 1036 333 1105 δ’
343 1037 438 1125 ’Ἀρηι
452 1045 525 1128 θοῷ
542 1041 597 1106 καὶ
609 1037 736 1124 Ἀθήνη
751 1038 858 1104 πάντα
876 1038 1019 1123 μελήσει.

97 1144 146 1205 23.
164 1135 248 1220 άπερ
261 1142 295 1204 οί
306 1139 439 1204 παλαιοὶ
454 1136 581 1213 ίδόντες
592 1136 734 1222 μάλιστα
746 1144 943 1225 μαντηίησιν
956 1140 1106 1222 ἐχρέοντο

97 1237 152 1302 καὶ
176 1231 216 1300 οὐ
236 1234 406 1319 πάρεργον
433 1230 556 1319 αὐτίην
578 1237 763 1318 ἐποιέοντο,
791 1232 865 1301 ἀλλ’
888 1233 965 1301 οὐτε
989 1236 1106 1312 πόλιας

98 1331 217 1422 ᾤκιζον
229 1328 306 1397 οὐτε
316 1339 422 1417 τείχεα
433 1332 692 1418 περιεβάλλοντο
706 1331 783 1398 οὐτε
794 1333 922 1417 φόνους
931 1331 1105 1417 ἐργάζοντο

97 1426 174 1496 οὐτε
190 1443 349 1512 γυναῖκας
360 1430 519 1516 ἐγάμεον,
535 1433 614 1513 πρὶν
622 1425 670 1496 Ιάν
681 1427 722 1516 δή
734 1428 823 1514 παρά
836 1430 989 1514 μάντεων
1002 1428 1106 1497 άκοῦ-

97 1545 153 1592 σαι
175 1526 309 1592 ἕκαστα·
343 1529 396 1594 καὶ
417 1525 481 1611 γάρ
503 1525 543 1612 δή
563 1525 603 1594 τά
624 1527 768 1612 μαντήια
790 1525 937 1595 αὐτέοισι
960 1525 1022 1594 οὐκ
1045 1532 1106 1606 ἔξω

98 1621 313 1709 άστρολογίης
327 1617 389 1710 ήν,
406 1621 489 1693 άλλά
505 1623 595 1710 παρά
608 1625 671 1710 μὲν
681 1633 845 1710 Δελφοῖσι
860 1631 1028 1713 παρθένος
1042 1632 1105 1710 ἔχει

96 1716 159 1806 τήν
180 1725 385 1804 προφητείην
406 1720 578 1808 σύμβολον
594 1729 652 1806 τῆς
672 1726 845 1806 παρθένου
862 1729 920 1808 τής
937 1721 1104 1808 οὐρανίης,

97 1820 152 1885 καὶ
167 1815 301 1902 δράκων
315 1814 382 1882 ’ὑπὸ
401 1824 446 1905 τῷ
463 1822 594 1902 τρίποδι
610 1821 809 1903 φθέγγεται,
832 1817 883 1884 ότι
899 1823 953 1887 καὶ
970 1824 1005 1886 ἐν
1020 1835 1104 1887 τοῖσι

97 1914 248 1996 άστροισι
265 1915 400 1998 δράκων
412 1922 581 2001 φαίνεται,
599 1917 654 1982 καὶ
668 1918 704 1981 ἐν
715 1916 881 2000 Διδύμοις
893 1918 930 1982 δὲ
943 1919 1105 2002 μαντήιον

97 2019 160 2078 τοῦ
179 2009 401 2097 Ἀπόλλωνος,
425 2015 496 2098 ἐμοὶ
517 2016 641 2096 δοκέει,
667 2015 832 2078 καὶτοῦτο
848 2015 885 2078 ἐκ
901 2018 967 2077 τῶν
984 2010 1106 2096 ήερίων

98 2109 262 2192 Διδύμων
284 2105 486 2193 ὀνομάζεται.
518 2115 569 2177 24.
588 2107 676 2175 οὕτω
691 2107 727 2175 δὲ
745 2106 889 2175 αὐτέοισι
906 2114 1014 2192 χρῆμα
1032 2110 1106 2191 ίρό-

96 2232 197 2273 τατον
215 2203 235 2290 ἡ
255 2207 447 2292 μαντοσύνη
469 2208 616 2292 ἐδόκεεν,
642 2204 725 2273 ύστε
744 2203 785 2290 δή
800 2202 977 2282 Ὀδυσσεύς
993 2203 1103 2288 ἐπειδή

99 2310 199 2388 ἔκαμε
216 2304 457 2390 πλανεόμενος,
474 2305 634 2390 ἐθελήσας
649 2302 781 2388 άτρεκὲς
796 2301 937 2370 άκούσαι
952 2305 1105 2386 περὶτῶν

98 2404 225 2468 ἑωυτοῦ
239 2401 440 2486 πρηγμάτων
453 2405 485 2481 ἐς
495 2400 555 2470 τόν
567 2401 680 2488 Ἀίδην
691 2401 836 2486 άπίκετο,
852 2399 913 2468 οὐκ
924 2400 1038 2488 ,,όφρα
1049 2405 1103 2489 ίδη
1122 2411 1171 2468 371

98 2502 219 2576 νέκυας
234 2499 288 2565 καὶ
300 2496 440 2587 άτερπέα
450 2507 601 2587 χῶρον,“
617 2497 692 2567 ἀλλ’
710 2506 755 2578 είς
769 2500 890 2584 λόγους
902 2502 1015 2567 ἐλθεῖν
1030 2507 1105 2566 Τει-

98 2601 192 2681 ρεσίη
207 2597 408 2680 ἐπιθυμέων.
433 2600 488 2664 καὶ
503 2595 613 2683 ἐπειδή
629 2601 662 2676 ἐς
676 2596 736 2666 τόν
752 2604 863 2683 χῶρον
877 2589 999 2682 ἦλθεν,
1018 2602 1105 2664 ἔνθα

99 2698 132 2759 οί
143 2699 251 2778 Κίρκη
269 2695 429 2779 ἐσήμηνε,
454 2699 508 2762 καὶ
524 2701 646 2775 ἔσκαψε
667 2693 727 2763 τόν
741 2696 875 2783 βόθρον
894 2697 947 2760 καὶ
964 2694 1003 2759 τά
1018 2700 1104 2777 μήλα

99 2795 236 2874 ἔσφαξε,
251 2798 384 2859 πολλῶν
395 2794 527 2860 νεκύων
539 2795 749 2879 παρεόντων,
765 2797 802 2861 έν
813 2808 897 2861 τοῖσι
907 2795 962 2860 καί
973 2799 1029 2876 της
1041 2818 1097 2876 μη-

98 2887 176 2974 τρός
191 2897 248 2973 τῆς
264 2891 405 2973 ἑωυτοῦ,
427 2898 488 2957 τοῦ
505 2895 642 2976 αἵματος
656 2906 745 2958 πιεῖν
760 2890 948 2959 ἐθελόντων
965 2884 1005 2954 οὐ
1020 2887 1086 2970 πρό

98 3010 199 3070 τερον
213 2982 342 3071 άπήκεν
357 2984 468 3054 οὐδενὶ
490 2988 567 3055 οὐδὲ
583 2986 683 3075 αὐτέη
699 2995 738 3076 τή
758 2996 872 3074 μητρί,
894 2989 973 3071 πρὶν
990 2993 1102 3072 Τειρε-

99 3087 176 3166 σίην
192 3084 379 3168 γεύσασθαι
394 3088 448 3151 καὶ
469 3084 689 3169 ἐξαναγκάσαι
704 3090 808 3152 είπεῖν
825 3089 859 3150 οί
873 3083 909 3150 τό
926 3083 1104 3168 μαντήιον·

97 3185 151 3250 καὶ
178 3180 332 3266 άνέσχετο
360 3187 525 3264 διψῶσαν,
542 3183 649 3269 ὁρέων
674 3191 731 3271 τῆς
762 3180 884 3268 μητρός
909 3179 970 3267 τήν
995 3177 1102 3263 σκιήν.

97 3285 148 3348 ’25.
164 3283 457 3366 Λακεδαιμονίοισι
473 3283 717 3367 δὲΛυκοῦργος
732 3280 792 3366 τήν
807 3285 979 3365 πολιτηίην
994 3282 1108 3341 πᾶσαν

181 3404 286 3444 mcum.
309 3389 332 3443 ΙΙ
901 3414 904 3419 <
928 3382 967 3444 13
