2575 3842
388 203 599 272 νοΞΑΡεΣ
618 212 646 262 ιι
668 208 826 266 mm.
1045 170 1108 270 εει

97 367 218 446 αὐτοῖς.
242 369 297 434 καὶ
307 363 346 434 τά
358 367 420 452 μὲν
435 363 540 433 πολλά
553 371 587 432 τί
595 365 638 431 ἀν
649 392 698 443 τις
710 368 816 452 λέγοι,
833 375 1006 454 τρικυμίας
1017 367 1110 446 τινάς

97 469 151 535 καὶ
168 473 362 552 στροβίλους
378 468 432 533 καί
443 465 583 549 χαλάζας
594 467 648 532 καὶ
663 463 746 533 ἀλλα
758 464 821 532 ὅσοι
834 473 994 552 χειμῶνος
1005 466 1109 546 κακά;

98 568 166 632 ἐπεὶ
184 565 220 631 δέ
242 561 306 649 ήδη
322 570 409 647 σφοῖς
430 559 513 629 κατά
531 560 593 648 τήν
609 563 794 630 Ζάκυνθον
816 563 900 631 εἶναι
924 562 989 631 ἀπό
1011 571 1110 649 ψιλής

98 672 154 750 τῆς
169 668 302 747 κεραίας
317 664 493 746 πλέοντας,
511 667 557 728 ἔτι
573 664 628 730 καὶ
648 670 784 745 σπείρας
800 660 895 740 τινάς
909 665 1108 748 έπισυρομέ-
1127 673 1179 728 528

98 787 195 846 νους,
218 757 262 838 ὡς
276 756 313 826 τό
331 761 452 846 ῥόθιον
474 762 685 846 ἐπιδέχεσθαι
699 767 756 846 τής
777 759 897 848 ὁρμῆς,
920 764 994 848 περὶ
1010 766 1111 847 μέσας

98 860 221 936 νύκτας
238 853 310 926 οἷον
321 860 358 925 ἐν
372 860 520 950 τοσούτω
536 861 626 950 σάλφ
643 859 869 928 ναυτιάσαντα
885 858 946 927 τόν
956 859 1109 945 Δάμωνα

98 972 187 1044 ε’μεῖν
209 957 417 1043 ἐγκεκυφότα
439 964 485 1036 είς
506 956 568 1044 τήν
591 958 777 1024 θάλατταν
811 956 894 1042 εἶτα,
921 956 1028 1044 οἶμαι,
1052 964 1110 1042 τής

100 1053 182 1132 νεώς
194 1052 383 1141 βιαιότερον
395 1057 427 1132 ἐς
439 1051 456 1121 δ
468 1055 625 1141 ἐκεκύφει
637 1058 736 1141 μέρος
746 1058 969 1141 ἐπικλιθείσης
982 1059 1109 1122 καὶτοῦ

100 1152 246 1236 κύματος
261 1151 538 1235 συναπώσαντος,
555 1157 707 1222 ἐκπεσεῖν
722 1152 827 1220 αὐτόν
842 1156 894 1221 ἐπὶ
910 1152 1062 1240 κεφαλήν
1077 1156 1110 1231 ἐς

99 1247 134 1316 τὸ
152 1252 309 1334 πέλαγος,
331 1246 410 1316 οὐδὲ
427 1249 560 1336 γυμνόν
581 1249 641 1318 τόν
656 1250 797 1335 ἀθλιον,
823 1250 866 1330 ὡς
886 1248 930 1318 ἀν
951 1254 1003 1319 καὶ
1025 1255 1109 1340 ρἠἶον

100 1347 267 1414 δύνασθαι
281 1362 368 1416 νεῖν·
401 1347 507 1428 εύθύς
527 1343 590 1417 ούν
608 1357 694 1438 βοάν
714 1351 921 1436 πνιγόμενον
937 1352 991 1416 καλ
1013 1349 1110 1436 μόγις

99 1443 219 1513 ἑαυτόν
236 1443 439 1533 ὑπερέχοντα
456 1455 516 1515 τοῦ
537 1449 717 1526 κλύδωνος.
752 1454 803 1516 20.
826 1447 886 1515 τόν
903 1450 938 1517 δέ
953 1447 1109 1517 Εύθύδι-

99 1571 175 1630 κον,
195 1541 240 1622 ὥς
254 1543 378 1631 ήκουσε
394 1561 557 1632 -τυχεῖν
571 1547 607 1614 δέ
623 1544 756 1631 γυμνόν
770 1549 806 1614 έν
823 1553 863 1635 τῇ
878 1545 959 1635 εύνή
974 1544 1055 1613 όντα
1069 1587 1109 1596 -

98 1645 191 1726 ῥῖψαι
205 1640 325 1708 έα-υτόν
341 1649 387 1720 είς
399 1641 461 1730 τήν
472 1646 644 1712 θάλατταν
655 1647 711 1713 καὶ
721 1645 952 1732 καταλαβόντα
963 1643 1024 1713 τόν
1034 1644 1110 1713 Λά-

102 1764 193 1827 μωνα
219 1737 282 1824 ήδη
306 1737 560 1827 ἀπαγορεύοντα
583 1783 620 1794 -
647 1750 829 1828 φαίνεσθαι
848 1742 913 1830 γάρ
942 1746 994 1811 ἐπὶ
1021 1739 1108 1810 πολύ

99 1842 201 1902 ταῦτα
217 1845 272 1921 τῆς
287 1838 429 1923 σελήνης
442 1841 772 1926 καταλαμπούσης-
788 1842 1108 1928 συμπαρανήχεσθαι

98 1936 152 2001 καὶ
164 1941 416 2020 συγκουφίζειν·
436 1945 523 2021 σφοῖς
536 1936 571 2004 δέ
583 1939 761 2022 ἐπιθυμεῖν
771 1939 833 2022 μὲν
845 1935 956 2015 αὐτοῖς
967 1945 1108 2024 βοηθεῖν

99 2032 153 2098 καὶ
171 2032 273 2099 ἐλεεῖν
288 2030 351 2119 τήν
368 2031 550 2119 συμφορὰν
565 2040 633 2100 τῶν
652 2031 803 2117 ἀνδρῶν,
829 2031 872 2119 μή
888 2034 1057 2100 δύνασθαι
1073 2036 1109 2100 δὲ

98 2129 229 2219 μεγάλφ
240 2138 286 2219 τῷ
294 2130 458 2218 πνεύματι
468 2133 729 2217 ἐλαυνομένους·
745 2130 833 2217 πλήν
843 2133 951 2199 έκεῖνά
963 2157 1000 2217 γε
1010 2139 1108 2216 ποιή-
1127 2149 1179 2202 529

98 2246 169 2313 σαι,
197 2229 341 2312 φελλούς
362 2257 396 2298 τε
422 2229 488 2318 γάρ
509 2227 655 2310 πολλούς
677 2231 812 2316 ἀφεῖναι
833 2228 945 2308 αὐτοῖς
967 2232 1022 2297 καὶ
1043 2235 1111 2296 τῶν

98 2331 228 2392 κοντῶν
247 2354 356 2412 τινας,
381 2326 424 2407 ὡς
439 2333 490 2397 ἐπὶ
506 2329 635 2396 τούτων
652 2326 890 2415 ἀπονήξαιντο,
913 2337 945 2395 εί
960 2353 1027 2395 τινι
1048 2324 1110 2393 αύ-

97 2431 165 2490 των
180 2426 405 2513 περιτύχοιεν,
433 2432 487 2497 καὶ
509 2431 601 2507 τέλος
621 2429 676 2495 καὶ
696 2426 759 2514 τήν
780 2426 983 2515 ἀποβάθραν
1004 2423 1110 2512 αὐτήν

98 2519 139 2587 ού
157 2522 281 2608 μικράν
297 2519 413 2594 ούσαν.
443 2529 607 2614 ἐννόησον
624 2533 741 2594 τοίνυν
758 2525 842 2610 πρός
858 2533 968 2611 θεῶν,
990 2525 1110 2612 ήντινα

98 2619 142 2686 ἀν
157 2643 206 2700 τις
221 2621 325 2710 ἀλλην
347 2628 505 2706 ἐπίδειξιν
528 2629 721 2705 ἐπιδείξαιτο
739 2616 872 2704 εύνοίας
893 2627 1110 2711 βεβαιοτέραν

99 2717 183 2802 πρός
198 2718 305 2804 ἀνδρα
324 2731 425 2807 φίλον
439 2727 476 2792 έν
491 2728 586 2793 νυκτὶ
601 2722 783 2790 ἐκπεσόντα
798 2725 830 2800 ές
845 2725 986 2807 πέλαγος
1002 2721 1109 2799 οὕτως

97 2815 307 2904 ἠγριωμένον
327 2818 349 2907 ή
374 2825 582 2910 κοινωνήσας
604 2828 665 2888 τοῦ
691 2822 863 2902 θανάτου;
895 2827 954 2888 καί
974 2847 1030 2906 μοι
1054 2819 1107 2886 ἐπ’

98 2915 287 3003 ὀφθαλμοῖν
297 2923 378 3007 λαβὲ
389 2919 450 3007 τήν
462 2923 686 2990 ἐπανάστασιν
695 2927 764 2987 τῶν
774 2919 944 3005 κυμάτων,
959 2917 1018 2985 τὸν
1029 2912 1110 3004 ήχον

97 3022 158 3084 τοῦ
178 3014 300 3096 ὕδατος
327 3023 569 3106 ἐπικλωμένου,
595 3017 655 3086 τόν
675 3015 789 3104 ἀφρόν
812 3023 1022 3103 περιζέοντα,
1048 3015 1111 3103 τήν

97 3117 220 3204 νύκτα,
238 3115 300 3204 τήν
314 3116 525 3206 ἀπόγνωσιν,
545 3117 612 3186 εἶτα
624 3116 896 3202 ἀποπνιγόμενον
910 3118 1039 3184 ἐκεῖνον
1053 3118 1109 3183 καλ

98 3217 194 3303 μόγις
214 3215 449 3287 ἀνάκύπτοντα
465 3221 520 3286 καὶ
536 3215 595 3296 τάς
609 3231 720 3304 χεῖρας
735 3213 895 3301 ὀρέγοντα
917 3222 962 3303 τῷ
979 3216 1107 3304 ἑταίρω,

98 3315 157 3386 τόν
172 3319 208 3386 δὲ
222 3321 434 3405 ἐπιπηδῶντα
451 3315 557 3397 εύθύς
573 3320 627 3386 καὶ
641 3318 827 3384 συννέοντα
845 3317 899 3382 καλ
916 3313 1047 3382 δεδιότα
1063 3311 1107 3400 μή

97 3417 327 3505 προαπόληται
344 3416 448 3486 αὐτοῦ
470 3416 487 3485 ό
505 3416 648 3504 Δάμων·
677 3414 766 3484 οὕτω
786 3411 852 3503 γάρ
869 3411 912 3482 ἀν
926 3415 1049 3501 μάθοις
1065 3411 1109 3492 ὡς
