2575 3842
203 216 539 283 ΑΛΕΞΑΝΔΡΟΣ
556 222 583 271 Η
607 218 989 275 ΨΕΥΔΟΜΑΝΤΙΣ.
1034 208 1095 277 135

89 374 331 462 ἐσρνήσεσθαι·
352 377 469 443 πολλαί
486 375 522 443 δέ
536 375 592 441 καλ
607 372 735 459 ηὔχουν
754 376 920 441 τετοκέναι
937 369 1015 456 παρ’
1034 368 1096 438 αὖ·

89 482 169 558 τοῦ,
186 476 289 540 καλοί
303 471 422 558 ἀνδρες
438 473 690 558 ἐπεμαρτύρουν
708 469 758 539 ὅτι
773 470 883 557 ἀληθή
900 474 1063 557 λέγουσιν.

176 575 227 639 43.
250 568 374 637 Ἑθέλω
396 572 435 636 δέ
453 588 505 635 σοι
528 571 583 637 καὶ
607 569 766 655 διάλογον
788 570 1011 655 διηγήσασθαι
1036 573 1096 633 τοῦ

90 669 272 745 Γλύκωνος
294 669 348 734 καί
374 667 591 749 Σακέρδωτός
615 693 723 751 τινος,
752 673 877 733 Τιανοῦ
899 663 1095 751 ἀνθρώπου,

91 763 211 833 ὁποίου
237 762 328 841 τινὸς
355 762 416 849 τήν
440 763 595 850 σόυεσιυ,
620 773 693 852 είση
713 761 777 831 ἀπὸ
804 772 871 831 τῶν
892 763 1094 848 ἐρωτήσεων.

92 860 245 947 ἀνέγνων
257 860 292 928 δὲ
301 858 405 927 αὐτόν
416 876 549 946 χρυσοῖς
559 862 729 947 γράμμασι
740 866 969 950 γεγραμμένον
981 864 1017 929 ἐν
1030 865 1096 948 Τίῳ
1114 871 1166 925 ῖ49

93 964 132 1027 ἐν
146 965 187 1047 τῇ
200 965 262 1026 τοῦ
277 960 493 1039 Σακέρδωτος
507 963 602 1048 οίκίῳ.
625 960 709 1027 Εἰπὲ
728 960 793 1045 γάρ
809 986 881 1046 μοι,
900 966 980 1045 ἐφη,
1001 952 1027 1025 τό
1043 961 1098 1023 δέ-

94 1078 200 1123 σποτα
215 1056 374 1139 Γλύκων,
395 1060 443 1133 τίς
459 1054 500 1132 εἶ;
527 1054 627 1141 Ἐγώ,
643 1050 666 1141 ή
682 1056 713 1123 δ’
734 1056 787 1142 ός,
807 1056 1000 1142 Ἀσκληπιὸς
1015 1058 1097 1132 νέος.

93 1153 211 1231 ’Ἁλλος
227 1150 307 1234 παρ’
322 1150 520 1220 ἐκεῖνοντὸν
530 1153 711 1239 πρότερον;
737 1162 806 1231 πῶς
821 1160 941 1240 λέγειςς
976 1150 1098 1221 0130&-

93 1277 148 1335 μις
167 1248 311 1317 ἀκοῦσαί
322 1269 360 1315 σε
379 1248 478 1315 τοῦτό
492 1274 539 1334 γε.
572 1251 669 1317 Πόσα
686 1251 721 1318 δὲ
734 1248 814 1335 ἡμῖν
829 1255 883 1336 ἐτη
901 1263 1099 1335 παραμενεῖς

94 1350 316 1436 χρησμῳδωνς
349 1352 469 1430 Τρίτον
486 1344 570 1429 πρὸς
589 1362 657 1425 τοῖς
673 1354 796 1432 χιλίοις.
828 1345 909 1415 Εἶτα
929 1362 989 1415 ποῖ
1000 1372 1099 1433 μετα-

94 1445 217 1530 στήσης
236 1443 286 1521 Ἐς
298 1442 431 1528 Βάκτρα
447 1445 501 1510 καὶ
514 1442 576 1529 τήν
591 1447 662 1511 ἐκεῖ
672 1451 750 1530 γῆν·
774 1449 826 1511 δεῖ
836 1442 901 1530 γάρ
913 1441 1098 1511 ἀπολαῦσαι

94 1537 239 1617 καὶτοὺς
252 1540 443 1626 βαρβάρους
455 1544 514 1625 τῆς
527 1544 699 1627 ἐπιδημίας
712 1548 769 1627 τῆς
780 1545 867 1627 ἐμής.
900 1538 948 1607 Τά
965 1536 996 1607 δ’
1016 1538 1099 1606 ἀλλα

95 1638 292 1723 χρηστήρια,
317 1634 355 1703 τό
371 1639 408 1703 ἐν
421 1637 586 1721 Διδύμοις
605 1639 661 1705 καὶ
680 1637 717 1705 τὸ
740 1641 776 1705 ἐν
791 1638 913 1728 Κλάρῳ
933 1641 988 1705 καί
1004 1636 1040 1704 τὸ
1063 1638 1099 1702 ἐν

96 1744 243 1820 Δελφοῖς
255 1739 302 1801 ἔτι
313 1754 376 1801 σου
386 1733 446 1801 τδν
456 1734 652 1820 προπάτορα
663 1740 727 1821 ἐχει
737 1732 797 1802 τόν
810 1733 968 1820 Ἀπόλλω,
983 1730 1004 1820 ή
1016 1748 1099 1814 φευ-

96 1838 163 1910 δεῖς
179 1837 263 1904 είσιν
279 1835 314 1899 οί
325 1837 391 1897 νῦν
404 1834 615 1909 ἐκπίπτοντες
629 1832 699 1899 ἐκεῖ
708 1841 851 1918 χρησμοί
856 1864 865 1914 ;
887 1834 986 1919 Μηδὲ
1000 1838 1098 1898 τοῦτο

96 1929 258 2016 ἐθελήσης
273 1929 409 1995 είδέναι·
431 1927 472 1994 οὐ
485 1925 551 2012 γάρ
562 1930 669 2013 θέμις.
690 1926 770 2013 Ἐγω
782 1930 818 1996 δὲ
829 1937 877 2009 τίς
892 1936 1007 2014 ἔσομαι
1019 1924 1098 2013 μετά

96 2027 156 2095 τόν
170 2035 236 2093 νῦν
246 2033 337 2112 βίον;
358 2026 525 2111 Κάμηλος,
542 2023 610 2091 εἶτα
621 2027 731 2111 ἵππος,
751 2024 818 2093 εἶτα
829 2024 915 2111 ἀνήρ
930 2022 1035 2108 σοφδς
1046 2024 1100 2088 καὶ

96 2124 270 2209 προφήτης
280 2120 322 2190 οὐ
338 2131 441 2209 μείων
452 2120 679 2206 Ἀλεξάνδρου.
701 2130 839 2191 τοιαῦτα
854 2124 915 2208 μὲν
930 2118 1100 2189 ὁΓλόκων

97 2230 143 2312 τῷ
158 2223 351 2306 Σακέρδωτι
365 2225 527 2306 διελέχθη.
555 2222 607 2288 ἐπὶ
620 2224 705 2289 τέλει
720 2224 756 2289 δὲ
772 2218 921 2307 χρησμόν
939 2224 1100 2303 ἔμμετρον

97 2322 281 2406 ἐφθέγξατο
296 2317 391 2398 είδάς
405 2316 509 2386 αὐτὸν
521 2324 655 2407 Λεπίδῳ
671 2322 802 2403 ἑταῖρον
816 2317 913 2386 ὅντα·

140 2415 200 2503 Μή
213 2425 337 2485 πείθου
351 2424 499 2507 Λεπίδῳ,
516 2421 589 2485 ἐπεί
601 2422 635 2485 οί
647 2416 770 2503 λυγρὸς
785 2415 871 2495 οἶτος
886 2412 1009 2501 ὀπηδεῖ.

97 2517 190 2585 πάνυ
213 2513 279 2601 γάρ
302 2518 419 2583 ἐδεδίει
442 2514 502 2583 τόν
528 2510 744 2599 Ἐπίκουρον,
775 2512 819 2593 ὡς
844 2528 1024 2600 προεῖπον,
1056 2510 1100 2590 όίς

96 2641 172 2683 τινα
186 2611 377 2697 ἀντίτεχνον
390 2615 445 2681 καὶ
456 2610 692 2699 ἀντισοφιστὴν
704 2619 761 2698 τῆς
775 2620 974 2698 μαγγανείας
985 2608 1098 2677 αὐτοῦ.

96 2716 149 2779 44.
166 2714 224 2777 ἕνα
238 2718 323 2795 γοῦν
334 2736 409 2779 τινα
419 2718 487 2779 των
498 2708 732 2795 Ἐπικουρείων
742 2710 949 2795 τολμήσαντα
964 2710 1019 2775 καὶ
1033 2712 1101 2773 διε·
1119 2722 1170 2774 ῖῖο

97 2813 227 2895 λε’γχειν
238 2808 342 2876 αὐτόν
353 2812 405 2878 ἐπλ
418 2817 552 2878 πολλῶν
565 2815 633 2876 τῶν
648 2808 826 2890 παρόντων
841 2809 873 2884 ἐς
887 2811 1048 2873 κίνδυνον
1061 2800 1100 2869 οό

97 2905 221 2994 μικρόν
235 2911 448 2994 κατέστησεν·
469 2905 486 2974 ὁ
503 2903 642 2993 μὲνγὰρ
658 2902 858 2989 προσελθων
873 2909 963 2989 ἔλεγε
976 2902 1101 2987 μεγάλη

97 3014 138 3092 τῇ
153 3011 267 3093 φωνή,
283 3003 337 3073 Σά
348 3007 484 3091 μέντοι,
508 2999 535 3072 ὦ
549 3004 756 3085 Ἀλέξανδρε,
778 2999 839 3067 τόν
853 3006 945 3067 δεῖνα
959 3006 1102 3082 Παφλα-
1155 2996 1158 3003 “

98 3104 183 3188 γόνα
200 3116 424 3188 προσαγαγεῖν
443 3105 570 3180 οίκέτας
584 3097 689 3166 αὐτοῦ
709 3104 755 3187 τῷ
770 3093 945 3186 ἡγουμένῳ
964 3102 1020 3180 τῆς
1033 3101 1101 3162 Γα·

98 3206 211 3278 λατίας
229 3198 291 3286 τήν
306 3201 359 3269 ἐπὶ
377 3200 516 3290 θανάτῳ
538 3198 713 3275 ἀνέπεισας
734 3194 776 3275 ὡς
799 3192 1021 3273 ἀπεκτονότας
1043 3191 1101 3260 τόν

98 3297 177 3367 υίδυ
187 3296 293 3365 αὐτοῦ
302 3300 338 3365 ἐν
349 3296 576 3387 Ἀλεξανδρείῳ
587 3295 843 3381 παιδευόμενον,
855 3290 872 3360 ὁ
885 3293 921 3361 δὲ
930 3298 1102 3369 νεανίσκος

98 3399 154 3464 καὶ
171 3402 209 3484 ζῇ
219 3398 275 3463 καὶ
290 3394 520 3481 ἐπανελήλυθε
531 3402 596 3475 ζῶν
609 3392 690 3479 μετά
705 3391 766 3479 τήν
779 3398 999 3460 τεόν-οἰκετων
1010 3388 1103 3458 ἀπή-
