2575 3842
528 197 620 255 ΕΡΩ
631 199 729 254 ΤΕΣ.
980 206 986 213 ”
1072 197 1133 260 235

126 382 178 434 τες
198 353 336 422 εὔνοιαν
350 353 425 440 όίχρι
440 361 498 441 τῆς
515 353 621 441 ἀκμῆς
642 354 771 423 πλαστὰ
788 354 827 423 τὰ
842 365 903 425 τοῦ
914 368 1025 444 φιλείν
1039 361 1133 445 πύθη

125 452 368 538 προβόλλεσθε,
383 453 442 519 τόν
455 451 487 518 δ’
500 450 798 538 ούράνιονἜρωτα
808 463 1077 539 προσκυνοῦντες
1088 462 1134 534 είς

124 556 228 634 γήρας
238 545 302 616 ἀπὸ
313 553 441 616 παίδων
450 552 567 636 βέβαια
580 565 704 635 τηρείτε
715 548 876 635 τὰπάθη·
890 565 958 630 τοῖς
967 550 1033 638 γὰρ
1045 552 1132 620 οὕτω

126 655 285 732 φιλοῦσιν
301 646 435 735 ἥδιστος
451 651 512 735 μέν
530 647 547 715 δ
566 655 627 716 τοῦ
643 655 700 734 ζῆν
720 651 840 735 χρόνος
856 649 1013 736 οὐδεμιᾶς
1027 649 1131 736 ἀπρε-
1151 663 1202 716 453

126 754 210 824 ποῦς
228 747 449 832 συνειδήσεως
464 746 708 833 παροικούσης,
723 747 868 834 ἀοίδιμοι
881 750 918 816 δέ
929 748 1010 835 μετὰ
1022 748 1134 817 θοίνα-

126 869 186 909 τον
201 849 247 920 είς
262 843 388 922 πάντας
400 845 576 928 ἐκφοιτῦσι
588 843 756 930 κληδόνες.
781 850 811 911 εί
821 846 856 911 δέ
871 848 925 911 δεί
934 846 1133 930 φιλοσόφων

125 942 219 1006 παισὶ
239 940 425 1027 πιστεύειν,
450 937 552 1026 αίθήρ
569 939 651 1025 μετὰ
664 947 728 1027 γήν
749 943 914 1027 ἐκδέχεται
931 939 1010 1020 τούς
1029 949 1132 1008 ταῦτα

127 1041 323 1121 ζηλοῦντας·
346 1043 392 1115 είς
403 1037 438 1105 δέ
450 1035 609 1123 ἀμείνονα
622 1043 698 1124 βίον
709 1034 940 1117 ἀποθανόντες
954 1044 1064 1123 ἐχουσι
1076 1045 1133 1123 τῆς

126 1131 245 1218 ἀρετῆς
262 1137 359 1218 γέρας
376 1131 412 1200 τὸ
432 1133 618 1219 ἀφθαρτον.

210 1236 260 1296 50.
292 1237 436 1298 Τοιαῦτα
454 1237 514 1299 τοῦ
534 1235 800 1312 Καλλικρατίδου
821 1233 954 1319 σφόδρα
971 1239 1132 1309 νεανικῶς

127 1331 460 1414 σεμνολογήσαμένου
469 1331 635 1411 Χαρικλέα
647 1325 709 1412 μὲν
720 1330 756 1394 ἐκ
767 1331 927 1413 δευτέρου
937 1332 1047 1414 λέγειν
1058 1353 1133 1395 πει-

127 1426 281 1509 ρωμενου
298 1427 450 1511 ἐπέσχον·
475 1423 544 1509 όόρα
558 1422 623 1510 γὰρ
638 1418 683 1510 ἦν
703 1426 754 1492 ἐπὶ
770 1433 857 1492 ναῦν
870 1430 1025 1494 κατιέναι.
1055 1431 1131 1493 δεο-

125 1526 238 1609 μένων
254 1520 284 1590 δ’
303 1519 324 1590 δ’
342 1549 373 1590 τι
389 1529 553 1608 φρονοίην
574 1519 831 1608 ἀποφήνασθαι,
855 1520 900 1589 δι’
918 1521 1034 1609 ὀλίγου
1053 1520 1132 1600 τούς

127 1622 284 1706 ἑκατέρου
295 1621 416 1708 λόγους
426 1617 707 1705 ἀριθμησοῖμενος,
727 1617 799 1686 Ούκ
811 1623 843 1699 ἐξ
855 1618 1018 1706 ὑπογύου,
1035 1628 1130 1706 φημί,

126 1721 180 1786 καὶ
191 1721 470 1804 παρημελημένως
482 1713 573 1802 ὑμίν,
586 1709 612 1781 ἀ
624 1717 756 1802 ἑταῖροι,
769 1714 809 1782 τὰ
821 1724 888 1783 τῶν
900 1717 1011 1802 λόγων
1023 1723 1131 1784 ἔοικεν

126 1815 395 1900 ἀπεσχεδιάσθαι,
407 1819 582 1900 διηνεκοῦς
592 1812 628 1879 δὲ
639 1816 693 1880 καὶ
704 1811 745 1899 νή
756 1813 814 1882 Δί’
826 1815 1012 1900 ἐρρωμένης
1023 1839 1130 1899 φρον-

128 1918 215 1990 τίδος
237 1915 358 1998 ἐναργῆ
373 1910 467 1979 ταῦτ’
484 1912 573 1980 ἐστὶν
590 1919 681 1995 ίχνη·
710 1907 829 1995 σχεδὸν
845 1908 909 1997 γάρ
924 1908 1025 1978 ούδέν
1041 1913 1130 1977 ἐστιν

128 2008 146 2076 ό
166 2035 198 2075 τι
217 2018 285 2076 τῶν
304 2013 446 2076 λεκτέων
463 2013 566 2076 εἰπεῖν
582 2009 681 2095 ἑτέρῳ
696 2007 864 2074 δύνασθαι
878 2007 1054 2093 παρήκατε.
1077 2009 1133 2073 καὶ

127 2105 230 2192 πολλή
247 2107 308 2192 μὲν
324 2105 426 2192 ἡτῶν
440 2104 643 2192 πραγμάτων
658 2107 825 2190 ἐμπειρία,
841 2111 962 2171 πλείων
977 2102 1009 2170 δ’
1026 2102 1046 2188 ή
1063 2110 1131 2171 των

125 2205 237 2290 λόγων
253 2205 416 2290 δεινότης,
442 2203 519 2272 ὥστ’
536 2210 640 2291 ἔγωγε
658 2199 701 2269 δν
722 2201 897 2288 εὐξαίμην,
923 2211 1013 2284 είπερ
1030 2195 1074 2287 ήν
1094 2203 1132 2267 ἐν

125 2307 276 2390 δυνατῷ,
301 2305 460 2388 γενέσθαι
474 2307 669 2391 Θηραμένης
683 2304 808 2378 ἐκεῖνος
828 2298 1055 2384 δΙίόθορνος,
1082 2296 1127 2365 ἵν’
1148 2322 1199 2376 454

126 2401 227 2487 ἄμφω
249 2401 458 2486 νενικηκότες
485 2403 518 2479 ἐξ
547 2410 622 2468 ίσου
643 2404 813 2487 βαδίζοιτε.
848 2397 936 2484 πλήν
955 2399 1131 2486 ἐπειδήπερ

124 2497 264 2584 ἀνήσειν
281 2495 342 2565 οὐκ
363 2502 488 2566 ἐοίκατε
511 2503 565 2567 καί
582 2497 682 2577 αὐτὸς
706 2500 803 2590 ἐντῷ
824 2495 944 2584 μεταξύ
967 2507 1040 2588 πλῷ
1057 2499 1132 2583 περὶ

125 2605 192 2664 τῶν
205 2593 316 2663 αύτῦν
327 2594 368 2663 ού
377 2599 512 2681 κέκρικα
524 2602 739 2686 διοχλείσθαι,
753 2597 790 2667 τὸ
802 2599 944 2686 μάλιστα
957 2596 1131 2685 παραστάν

126 2695 212 2763 είναί
221 2722 276 2781 μοι
286 2699 415 2762 δίκαιον
426 2693 675 2781 ἀποφανοῦμαι.
691 2704 740 2766 51.
754 2697 855 2784 γάμοι
864 2698 925 2782 μὲν
936 2696 1131 2783 ἀνθρώποις

125 2796 286 2881 βιωφελές
298 2800 432 2879 πρᾶγμα
442 2793 681 2881 καὶμακάριον,
692 2793 817 2863 ὁπόταν
829 2795 1041 2880 εῦτυχῦνται,
1052 2819 1131 2861 παι-

125 2891 242 2971 δικούς
260 2891 292 2960 δ’
307 2898 446 2977 ἔρωτας,
465 2890 538 2958 ὅσοι
553 2898 665 2977 φιλίας
679 2889 765 2977 ἁγνοὶ
779 2896 889 2959 δίκαια
904 2899 1129 2978 προμυῦνται,

123 2992 230 3078 μόνης
244 2997 444 3076 φιλοσοφίας
459 2995 558 3076 ἔργον
575 2987 729 3076 ἡγοῦμαι.
760 2986 812 3054 διὸ
828 2985 868 3072 δή
889 2992 1054 3073 γαμητέον
1069 2989 1128 3074 μὲν

124 3087 238 3170 ἅπασι,
251 3091 483 3172 παιδεραστεῖν
494 3088 530 3155 δὲ
544 3092 691 3173 ἐφείσθω
703 3086 819 3171 μόνοις
829 3100 897 3163 τοῖς
907 3102 1040 3172 σοφοῖς·
1054 3086 1130 3175 ήκι-

124 3207 185 3252 στα
202 3184 267 3270 γαρ
285 3187 322 3252 ἐν
336 3189 489 3271 γυναιξὶν
503 3184 684 3272 ὁλόκληρος
698 3181 797 3270 ἀρετή
814 3181 942 3268 φύεται.
965 3188 1019 3253 καὶ
1030 3186 1073 3253 σύ
1085 3190 1129 3274 δ’,

124 3277 151 3352 ἀ
163 3291 351 3371 Χαρίκλεις,
367 3286 470 3371 μηδὲν
485 3283 665 3372 ἀχθεσθῇς,
681 3289 711 3351 εί
718 3297 788 3360 ταῖς
800 3281 956 3369 Ἀθήναις
970 3282 990 3371 ἡ
1004 3291 1131 3369 Κόριν-

122 3392 187 3462 θος
203 3386 288 3464 είξει.
318 3388 368 3450 52.
385 3380 476 3468 κάγύ
491 3386 553 3470 μὲν
574 3381 632 3450 ὑπ’
651 3387 765 3460 αίδοῦς
786 3383 941 3474 συντόμφ
962 3385 1050 3476 λόγῳ
1069 3383 1131 3472 τήν
