2575 3842
403 202 613 270 ΤΟΞΑΡΙΣ
631 211 660 261 Η
683 207 840 268 ΦΙΛΙΑ.
1060 207 1121 269 291

112 373 259 453 δασμοῦ,
284 363 324 432 ὃν
345 368 380 431 οί
392 364 603 447 Βοσπορανοὶ
625 359 675 429 άελ
697 365 854 448 φέροντες
871 363 951 452 ἡμῖν
964 366 1038 434 τότε
1058 363 1122 454 ἤδη

113 472 223 552 τρίτον
240 471 328 549 μῆνα
344 458 546 559 ὑπερήμεροι
570 462 774 545 ἐγεγένηντο.
805 463 842 528 ἐν
861 469 905 553 τῷ
921 467 1044 555 δείπνῳ
1059 458 1123 532 οὖν

112 559 195 632 ίδων
209 558 270 647 τῆν
280 565 436 639 Μαζαίαν
451 558 598 644 μεγάλην
612 560 667 626 καὶ
681 558 788 644 καλὴν
799 565 973 645 παρθένον
988 562 1053 648 ἤρα
1068 565 1123 631 καί

113 659 268 746 πονήρως
285 656 356 743 εἶχε.
381 654 420 725 τά
438 656 499 742 μὲν
514 649 578 722 οὖν
593 659 668 739 περί
684 663 753 724 τεόν
770 658 889 742 φόρων
904 662 1122 746 διεπέπρακτο

114 760 175 846 ἤδη
190 759 245 826 καὶ
259 755 469 842 ἐχρημάτιζεν
485 752 575 842 αύτῷ
590 751 607 820 ὁ
623 752 781 841 βασιλεὺς
796 758 850 824 καὶ
864 762 967 825 είστία
981 756 1045 844 ἤδη
1060 754 1123 824 αύ-

112 853 172 924 τὸν
186 853 401 938 ἀποπέμπων.
431 857 510 930 ἔθος
531 854 570 919 δέ
584 854 675 919 ἐστιν
692 854 729 919 ἐν
741 854 922 946 Βοσπόρῳ,
944 854 1022 934 τούς
1036 881 1123 940 μνη-

112 961 233 1040 στῆρας
247 954 299 1019 ἐπὶ
310 960 356 1042 τῷ
367 956 490 1041 δείπνῳ
502 955 605 1017 αἰτεῖν
616 947 674 1027 τάς
684 950 787 1033 κόρας
800 953 854 1019 καὶ
864 956 985 1038 λέγειν,
1002 956 1123 1030 οἵτινες

113 1050 206 1128 ὅντες
220 1047 349 1130 άξιοῦσι
370 1052 614 1134 καταδεχθῆναι
632 1048 684 1114 ἐπὶ
704 1044 765 1115 τόν
784 1049 904 1134 γάμον.
933 1053 988 1118 καὶ
1005 1048 1045 1136 δὴ
1068 1049 1124 1116 καλ

112 1145 186 1214 τότε
208 1152 324 1232 ἔτυχον
345 1148 443 1235 ἐντῷ
466 1149 588 1234 δείπνῳ
609 1145 727 1212 πολλοὶ
742 1154 927 1232 μνηστῆρες
948 1146 1122 1232 παρόντες,

112 1251 257 1332 βασιλεῖς
273 1245 327 1312 καὶ
344 1246 508 1331 βασιλέων
523 1249 648 1330 παῖδες,
666 1247 720 1312 καὶ
738 1238 948 1332 Τιγραπάτης
962 1241 1006 1333 ἦν
1020 1244 1038 1313 ὁ
1050 1254 1122 1316 Λα-

115 1347 178 1421 ζῶν
195 1342 360 1428 δυνάστης
380 1343 434 1410 καὶ
453 1339 657 1428 Ἀδύρμαχος
678 1340 695 1409 ὁ
715 1351 920 1429 Μαχλυηνῆς
940 1342 1052 1429 άρχων
1068 1346 1123 1410 καὶ

112 1439 206 1509 ἄλλοι
221 1447 346 1508 πολλοί.
370 1444 422 1508 δεῖ
431 1440 466 1507 δὲ
478 1447 545 1507 τῶν
555 1440 756 1526 μνηστήρων
770 1443 911 1508 ἕκαστον
923 1446 1123 1526 προσαγγεί-

113 1548 218 1606 λαυτα
238 1538 376 1622 ἑαυτόν,
398 1537 482 1606 διότι
499 1538 789 1624 μνηστευσόμενος
804 1535 894 1624 ἥκει,
921 1543 1070 1606 δειπνεῖν
1087 1539 1125 1603 ἐν

114 1651 181 1713 τοῖς
197 1633 310 1712 ἄλλοις
322 1641 559 1720 κατακείμενον
575 1632 629 1719 ἐφ’
644 1633 799 1721 ἡσυχίας·
822 1633 906 1703 ἐπάν
917 1635 953 1703 δὲ
964 1635 1124 1702 παύσων-

113 1759 165 1799 ται
181 1736 411 1816 δειπνοῦντες,
430 1732 609 1817 αἰτήσαντα
625 1734 752 1818 φιάλην
770 1736 953 1801 ἐπισπεῖσαι
968 1731 1051 1802 κατά
1066 1740 1125 1819 τῆς

113 1831 272 1916 τραπέζης
282 1831 336 1895 καλ
351 1831 597 1915 μνηστεύεσθαι
608 1826 670 1916 τῆν
684 1836 786 1898 παῖδα
800 1831 907 1900 πολλά
918 1835 1122 1901 ἐπαινοῦντα
1141 1846 1193 1900 552

114 1926 252 2010 ἑαυτόν,
280 1923 324 2004 ὥς
344 1952 392 2005 τις
414 1923 434 2012 ἢ
454 1929 574 2011 γέυους
594 1922 616 2012 ἢ
638 1927 788 1994 πλούτου
807 1924 829 2013 ῆ
852 1928 1026 2014 δυνάμεως
1049 1935 1122 2015 ἔχει.

113 2029 164 2092 45.
182 2030 317 2091 πολλῶν
337 2018 402 2091 ούν
425 2022 507 2092 κατά
524 2025 622 2093 τόνδε
639 2021 700 2091 τόν
719 2023 826 2108 νόμον
841 2025 1051 2092 σπεισάντων
1070 2027 1126 2093 καὶ

115 2121 323 2208 αἰτησάντων
334 2124 389 2190 καλ
404 2129 572 2210 βασιλείας
584 2125 638 2190 καὶ
650 2120 818 2200 πλούτους
832 2125 1125 2208 καταριθμησαμέ-

113 2248 183 2289 νων
207 2213 393 2301 τελευταῖος
414 2221 431 2289 ὁ
455 2219 662 2307 Ἀρσακόμας
678 2219 813 2306 αἰτήσας
835 2218 897 2304 τῆν
918 2221 1043 2306 φιάλην
1062 2219 1124 2287 οὐκ

114 2316 362 2400 ἔσπεισεν-ού
373 2318 438 2406 γάρ
449 2324 528 2398 ἐθος
538 2317 619 2406 ἡμῖν
629 2322 736 2405 ἐκχεῖν
745 2315 805 2386 τὸν
815 2315 918 2400 οἶνον,
930 2315 1014 2387 άλλά
1025 2316 1123 2406 ύβρις

114 2418 198 2488 εἶναι
215 2425 309 2488 δοκεῖ
322 2427 421 2490 τοῦτο
442 2426 488 2499 είς
505 2418 565 2487 τὸν
582 2420 718 2488 θεόν-
734 2415 821 2485 πιών
836 2416 872 2484 δὲ
892 2415 1029 2503 ἀμυστί,
1052 2417 1123 2495 Δός

113 2545 186 2604 μοι,
204 2516 312 2604 εἶπεν,
331 2511 358 2585 ύ
374 2525 530 2605 βασιλεῦ,
547 2516 608 2606 τὴν
622 2518 794 2602 θυγατέρα
809 2536 872 2583 σου
888 2522 1044 2597 Μαζαίαν
1058 2542 1123 2602 γυ-

114 2631 212 2684 ναῖκα
233 2622 319 2702 ἔχειν
340 2615 427 2685 πολύ
450 2619 701 2708 ἐπιτηδειοτέρῳ
721 2616 851 2684 τούτων
868 2614 940 2683 όντι
961 2613 1069 2683 ὁπόσα
1083 2640 1122 2701 γε

114 2718 165 2782 ἐπὶ
176 2721 222 2803 τῷ
234 2714 367 2804 πλούτῳ
380 2718 510 2794 καὶτοῖς
520 2716 670 2803 κτήμασι.
686 2722 748 2783 τοῦ
759 2714 795 2782 δὲ
806 2713 1021 2798 Λευκάνορος
1032 2725 1123 2781 θαν-

115 2813 281 2898 μάσαντος
299 2853 334 2862 -—
352 2810 510 2898 ἠπίστατο
531 2813 594 2899 γάρ
616 2816 741 2898 πένητα
761 2809 821 2878 τὸν
843 2809 1052 2897 Ἀρσακόμαν
1068 2813 1123 2878 καὶ

2 2991 3 3000 ¹
115 2916 266 2978 Σκυθῶν
281 2917 349 2977 των
362 2918 497 2978 πολλῶν
510 2951 553 2963 -
567 2913 621 2979 καί
637 2910 816 2995 ἐρομένου,
832 2910 930 2976 Πόσα
949 2911 984 2977 δὲ
998 2909 1124 2996 βοσκή-

2 3021 4 3036 “
113 3035 199 3097 ματα
219 3004 240 3094 ῆ
257 3008 361 3086 πόσας
380 3006 505 3095 ἁμάξας
525 3016 624 3094 ἔχεις,
654 3001 905 3093 άἈρσακόμα;
935 3016 1038 3075 ταῦτα
1058 3006 1123 3093 γάρ
1194 3041 1198 3052 ’
1233 2998 1239 3006 ’

113 3107 207 3195 ὑμεῖς
221 3117 408 3177 πλουτεῖτε·
433 3104 522 3175 Ἀλλ’
537 3106 598 3192 ούχ
615 3105 757 3193 ἁμάξας,
775 3110 856 3191 ἐφη,
873 3111 936 3191 ἔχω
952 3105 1032 3174 οὐδὲ
1047 3103 1125 3191 άγέ-

113 3217 188 3292 λας,
206 3203 279 3274 ἀλλ’
300 3211 364 3274 είσί
380 3233 437 3293 μοι
454 3207 515 3274 δύο
537 3214 629 3291 φίλοι
650 3207 745 3274 καλοὶ
763 3206 817 3273 καλ
831 3202 956 3291 ἀγαθοί
976 3199 1041 3273 οἷοι
1062 3202 1124 3272 ούκ

114 3304 202 3395 άλλῳ
217 3312 377 3372 Σκυθῶν.
414 3305 488 3373 τότε
508 3307 570 3392 μὲν
590 3298 654 3374 οὖν
669 3303 834 3390 ἐγελάσθη
854 3305 907 3370 ἐπὶ
921 3304 1052 3381 τούτοις
1069 3306 1123 3372 καὶ

114 3405 285 3491 παρώφθη
301 3407 354 3472 καὶ
370 3405 511 3490 μεθύειν
528 3409 649 3486 ἔδοξεν.
674 3407 783 3472 ἔωθεν
796 3401 831 3472 δὲ
847 3406 1042 3554 προχῳβελς
1056 3409 1123 3471 τῶν
