2575 3842
166 155 230 218 374
513 159 811 216 AOYKIANOY

254 324 348 386 TIM.
370 314 484 400 Είταῆ
498 322 581 392 ναῦς
597 316 660 398 μὲν
674 313 737 382 οῦκ
754 322 845 384 ἔπλει
860 315 904 402 μῆ
922 322 1185 405 κυβερνωμένη,

165 414 203 484 τό
221 416 257 482 δὲ
277 414 358 482 ὅλον
378 421 476 480 τοῦτο
494 409 723 499 ἀκυβέρνητον
743 425 806 482 οίει
826 418 882 483 καὶ
903 413 1185 502 ἀνηγεμόνευτον

166 516 348 599 φέρεσθαις

249 617 375 678 zm
398 602 451 678 Εῦ
471 635 525 693 γε,
553 608 743 693 Τιμόκλεις,
766 616 869 676 ταῦτα
888 613 943 676 καὶ
963 593 1110 694 ἰσχυρῶς
1135 618 1183 698 τῷ

166 713 412 794 παραδείγματι.

250 808 301 872 47.
319 811 431 870 ΔΑΜ.
449 801 547 888 Ἀλλ’,
561 797 834 888 ὦδεοφιλέστατε
847 805 1029 890 Τιμόκλεις,
1040 803 1103 871 τὸν
1114 805 1182 889 μὲν

168 900 378 989 κυβερνήτην
393 903 522 967 ἐκεῖνον
541 898 624 979 εἶδες
640 895 685 966 ἀν
701 899 753 967 ἀεὶ
767 899 808 966 τά
828 903 1039 986 ξυμφέροντα
1060 903 1180 966 ἐπινο-

167 1009 271 1067 οῦντα
285 1001 340 1066 καὶ
359 996 424 1084 πρὸ
445 1005 565 1084 καιροῦ
580 996 915 1083 παρασκευαζόμενον
937 1000 992 1064 καὶ
1007 997 1178 1081 προστάτ-

166 1124 266 1166 τοντα
278 1111 346 1173 τοῖς
357 1096 509 1181 ναύταις,
526 1094 715 1173 ἀλυσιτελὲς
725 1093 851 1163 δὲοῦδὲ
862 1093 1101 1180 ἀλογονοῦδὲν
1112 1094 1180 1179 εἶχέ
1261 1078 1263 1103 '

166 1220 197 1261 τι
212 1193 233 1280 ῆ
247 1204 347 1277 ναῦς,
363 1191 383 1260 δ’
397 1192 442 1280 μῆ
454 1193 616 1280 χρήσιμον
631 1190 764 1271 πάντως
777 1196 833 1260 καὶ
844 1190 1028 1278 ἀναγκαῖον
1037 1186 1081 1278 ῆν
1092 1191 1178 1278 πρὸς

98 1311 148 1364 695
168 1290 230 1376 τῆν
245 1297 418 1358 ναυτιλίαν
433 1289 559 1368 αῦτοῖς·
582 1288 600 1356 ὁ
617 1292 654 1357 δὲ
666 1289 725 1368 σός
736 1283 833 1368 οὗτος
845 1290 1067 1378 κυβερνήτης,
1085 1287 1127 1356 δν
1138 1297 1178 1376 τῆ

166 1389 293 1476 μεγάλη
313 1389 416 1474 ταῦτη
436 1395 495 1472 νηῖ
519 1388 697 1472 ἐφεστάναι
720 1385 837 1473 ἀξιοῖς,
863 1392 919 1456 καὶ
939 1393 974 1456 οί
992 1393 1176 1468 ξυνναῦται

167 1485 272 1554 αὐτοῦ
287 1490 324 1552 ἓν
342 1485 443 1551 οὐδὲν
457 1483 604 1569 εὐλόγως
613 1483 693 1552 οὐδὲ
703 1484 786 1552 κατά
797 1483 859 1571 τῆν
872 1484 968 1565 ἀξίαν
979 1484 1171 1554 διατάττου·

167 1603 237 1665 σιν,
253 1579 324 1647 ἀλλ’
339 1579 357 1647 ὁ
369 1579 430 1664 μὲν
441 1581 621 1665 πρότονος,
638 1586 669 1649 εί
676 1584 786 1667 τύχοι,
800 1584 833 1660 ές
845 1579 908 1667 τῆν
918 1583 1077 1667 πρύμναν
1089 1581 1157 1647 ἀπο

166 1683 310 1759 τέταται,
328 1683 362 1744 οί
373 1677 474 1756 πόδες
483 1679 519 1745 δὲ
534 1683 566 1757 ἐς
580 1677 642 1765 τῆν
653 1689 793 1770 πρῷραν
803 1678 1003 1766 ἀμφότεροι·
1026 1682 1083 1746 καὶ
1091 1705 1175 1764 χρυ-

166 1789 223 1842 σαῖ
235 1776 296 1860 μὲν
310 1781 346 1842 αι’
358 1773 502 1862 ἀγκυραι
517 1779 637 1860 ἐνίοτε,
653 1773 670 1844 ὁ
684 1783 839 1862 χηνίσκος
850 1777 886 1845 δὲ
896 1781 1104 1863 μολυβδοῦς,
1119 1801 1174 1841 και

165 1873 205 1942 τά
222 1875 285 1959 μὲν
298 1873 413 1960 ῦφαλα
424 1877 639 1963 κατάγραφα,
654 1874 694 1943 τά
706 1874 739 1944 δ’
751 1882 849 1957 ἔξαλα
859 1885 916 1964 τῆς
930 1875 1014 1954 νεώς
1025 1877 1173 1961 ἄμορφα.

165 1978 215 2040 48.
234 1974 289 2040 καὶ
303 1970 414 2040 αὐτῶν
429 1973 465 2041 δὲ
474 1981 542 2040 τῶν
556 1981 690 2042 ναυτῶν
701 1977 785 2052 ίδοις
799 1971 843 2041 ἀν
856 1973 917 2042 τὸν
927 1975 989 2059 μὲν
999 1971 1107 2060 άργδν
1118 1977 1174 2042 καὶ

165 2072 304 2158 ἀτεχνον
320 2077 374 2140 καὶ
389 2072 534 2159 ἀτολμον
548 2073 631 2158 πρὸς
644 2073 684 2141 τά
706 2080 787 2160 ἔργα
801 2079 988 2161 διμοιρίτην
1001 2070 1024 2159 ῆ
1043 2099 1172 2159 τριμοι-

166 2179 276 2258 ρίτην,
292 2172 352 2241 τόν
370 2173 405 2240 δὲ
419 2180 713 2259 κατακολυμβῆσαί
725 2200 760 2240 τε
775 2171 890 2242 δεινόν
902 2176 958 2240 καὶ
974 2175 1027 2240 ἐπὶ
1038 2170 1100 2259 τῆν
1115 2199 1171 2239 κε-

95 2293 147 2348 696
166 2275 264 2355 ραίαν
280 2268 489 2355 ἀναπηδῆσαι
503 2271 621 2359 ῥᾴδιον
636 2274 691 2338 καί
706 2272 815 2339 εἰδότα
829 2279 897 2339 τῶν
909 2278 1078 2357 χρησίμων
1093 2271 1172 2337 ἕκα-
1261 2330 1262 2341 2

164 2387 240 2450 στα,
257 2369 364 2451 μόνον
377 2374 498 2436 τοῦτον
512 2366 644 2438 ἀντλεῖν
660 2372 963 2456 προστεταγμένον·
984 2368 1025 2436 τὰ
1039 2367 1072 2436 δ’
1086 2367 1171 2436 αὐτά
1261 2360 1262 2367 ¹

163 2467 218 2531 καὶ
239 2468 276 2531 ἐν
297 2481 363 2542 τοῖς
379 2468 564 2552 ἐπιβάταις,
587 2476 764 2553 μαστιγίαν
782 2473 844 2553 μέν
858 2494 933 2535 τινα
954 2471 990 2535 ἐν
1009 2472 1170 2556 προεδρίᾳ

162 2559 252 2646 παρά
262 2559 321 2628 τὸν
331 2564 540 2649 κυβερνήτην
549 2567 745 2651 καθήμενον
754 2567 1105 2652 καλδεραπενόμενον,
1116 2572 1169 2634 καί
1261 2642 1263 2645 ,

163 2660 267 2729 άλλον
281 2666 432 2728 κίναιδον
449 2659 471 2748 ῆ
486 2673 690 2750 πατραλοίαν
704 2661 726 2750 ῆ
745 2665 923 2750 ἱερόσυλον
937 2663 1168 2750 ῦπερτιμόμε-
1261 2670 1263 2679 ’

162 2786 225 2826 νον
236 2763 290 2827 καὶ
300 2758 340 2827 τά
352 2759 437 2843 άκρα
447 2770 504 2847 τῆς
514 2760 599 2842 νεός
608 2764 841 2849 κατειληφότα,
857 2770 1028 2848 χαρίεντας
1039 2766 1075 2831 δὲ
1086 2773 1155 2831 πολ-

161 2856 242 2937 λοῦς
263 2863 298 2926 ἐν
318 2867 412 2949 μυχῷ
426 2867 487 2926 τοῦ
506 2863 658 2946 σκάφους
679 2866 1011 2948 στενοχωρουμένους
1026 2865 1082 2929 καί
1101 2860 1165 2929 ῦπδ

161 2967 229 3025 τῶν
251 2958 334 3045 πρὸς
358 2959 521 3045 ἀλήθειαν
544 2961 708 3046 χειρόνων
727 2963 970 3046 πατουμένους·
1004 2960 1167 3045 ἐννόησον

159 3064 245 3144 γοῦν
265 3055 355 3134 ὅπως
375 3059 436 3142 μὲν
452 3059 634 3144 Σωκράτης
654 3062 710 3126 καὶ
732 3059 929 3145 Ἀριστείδης
952 3066 1092 3126 ἔπλευσε
1113 3060 1166 3126 καί

161 3161 320 3236 Φωκίων,
339 3153 418 3221 οῦδὲ
432 3155 472 3221 τά
488 3154 610 3240 ἀλφιτα
626 3161 745 3242 διαρκῆ
760 3163 890 3242 ἔχοντες
901 3156 981 3224 οῦδὲ
996 3156 1165 3223 ἀποτεῖναι

159 3246 239 3325 τοῦς
258 3252 363 3328 πόδας
384 3254 568 3336 δυνάμενοι
590 3256 643 3321 ε’πὶ
662 3262 801 3339 γυμνῶν
821 3263 889 3321 τῶν
911 3258 1058 3321 σανίδων
1075 3254 1163 3336 παρὰ

88 3355 140 3410 697
158 3340 220 3407 τὸν
235 3343 373 3430 άντλον,
389 3351 426 3414 ἐν
437 3349 528 3428 ὅσοις
539 3353 575 3418 δὲ
586 3351 727 3436 ἀγαθοῖς
738 3359 882 3430 Καλλίας
892 3354 947 3418 καὶ
955 3354 1099 3428 Μειδίας
1111 3353 1163 3417 καί
