2575 3842
171 147 233 212 342
530 146 831 206 AOYKIANOT

103 323 155 379 ⁶³2
174 305 367 392 ἀνθρώπων
378 306 551 391 τιμώντων
565 302 600 372 τὸ
614 308 754 392 βέλτιον.
776 310 882 371 καίτοι
898 313 930 371 εῖ
937 330 985 382 τις
1001 311 1075 370 τῶν
1085 324 1199 390 σοφι-

173 412 261 472 στῶν
275 407 412 472 ἐκείνων
423 411 551 488 παρήν,
566 401 655 488 ἤρετ’
670 401 712 468 ἀν
727 425 764 469 σε
779 399 859 469 καθ’
873 401 935 469 ὅτι
950 409 1111 490 βελτίους
1128 402 1198 488 φής

173 499 252 580 τοὺς
267 503 381 584 θεούς,
396 503 451 569 καὶ
461 508 563 568 ταῦτα
575 498 783 585 ὁμοδούλους
793 507 861 567 τῶν
872 498 1071 587 ἀνθρώπων
1086 499 1196 576 ὄντας

174 603 228 670 καὶ
250 597 316 667 ὑπὸ
339 614 408 678 ταῖς
433 596 546 676 αὐταῖς
563 602 752 675 δεσποίναις
773 612 843 676 ταῖς
859 604 1005 683 Μοίραις
1024 601 1194 682 ταττομέ-

174 724 264 777 νους.
288 695 329 764 οά
344 693 408 782 γὰρ
422 694 603 781 ἀποχρήσει
621 692 731 772 αὐτοῖς
746 693 783 761 τὸ
804 693 998 773 ἀθανάτους
1013 693 1122 779 εἶναι,
1149 692 1192 772 ὡς
1273 731 1275 793 ρ

175 794 219 863 δι’
239 793 319 864 αάτό
339 793 496 880 ἀμείνους
517 797 644 859 δοκεῖν·
674 792 743 860 ἐπεὶ
763 793 862 860 τοῦτο’
877 819 916 879 γε
936 799 1053 880 μακρῷ
1069 790 1191 876 χεῖρόν

173 897 279 975 ἐστιν,
296 901 362 977 εῖγε
377 889 455 970 τούς
469 891 530 976 μὲν
545 885 609 957 κάν
627 888 644 955 ὁ
660 890 807 966 θάνατος
824 892 857 967 ἐς
871 893 1069 973 ἐλευθερίαν
1084 887 1190 972 ἀφεί-

173 999 264 1073 λετο,
287 987 367 1074 ὑμῖν
384 988 419 1056 δὲ
440 992 473 1068 ἐς
487 987 626 1072 ἀπειρον
643 991 789 1055 ἐκπίπτει
803 987 840 1055 τὸ
855 995 989 1073 πρᾶγμα
1005 988 1061 1054 καί
1076 985 1189 1064 ἀίδιος
1273 992 1274 997 ’

174 1085 194 1174 ή
210 1091 343 1155 δουλεία
357 1092 503 1172 γίγνεται
519 1084 584 1153 ὑπό
603 1093 719 1175 μακρῷ
732 1093 779 1176 τῷ
793 1094 874 1176 λίνῳ
889 1087 1108 1171 στρεφομένη.

257 1189 286 1253 8.
310 1192 435 1252 ΖΕΥΣ.
456 1183 559 1270 Ἀλλ’,
583 1176 789 1269 ἀΚυνίσκε,
814 1181 851 1251 τὸ
875 1182 983 1252 ἀΐδιον
1004 1190 1104 1250 τοῦτο
1129 1186 1186 1250 καὶ

174 1280 313 1366 ἀπειρου
329 1280 488 1368 εὔδαιμον
503 1279 583 1368 ήμῖν
597 1284 665 1349 ἐστι
680 1284 734 1349 καί
745 1285 782 1350 ἐν
796 1280 921 1349 ἀπασιν
935 1279 1078 1366 ἀγαθοῖς
1088 1277 1183 1366 ἡμεῖς

174 1385 322 1466 βιοῦμεν.
1114 1407 1118 1414 ·

258 1484 361 1544 KYN.
379 1475 450 1562 Οὐχ
460 1475 612 1561 ἀπαντες,
626 1473 739 1562 ὦΖεῦ,
754 1477 837 1547 ἀλλά
850 1479 1019 1562 διώρισται
1031 1478 1088 1544 καί
1097 1472 1179 1555 παρ’

175 1572 255 1659 ὑμῖν
275 1571 311 1639 τὸ
333 1580 468 1658 πρᾶγμα
484 1574 538 1642 καὶ
554 1573 658 1660 πολλή
681 1573 803 1662 ταραχή
822 1583 944 1644 ἔνεστι·
973 1573 1015 1642 σι)
1036 1575 1098 1658 μὲν
1115 1572 1181 1669 γάρ

175 1669 359 1754 εὐδαίμων,
381 1667 537 1755 βασιλεὺς
551 1668 615 1756 γάρ
632 1674 688 1738 καὶ
705 1672 847 1740 δύνασαι
862 1673 1018 1740 ἀνασπᾶν
1035 1669 1098 1756 τήν
1116 1677 1179 1755 γῆν

174 1767 229 1835 καὶ
246 1763 307 1851 τήν
328 1765 499 1835 θάλατταν
519 1766 630 1853 ὥσπερ
652 1767 786 1854 ίμονιάν
803 1777 934 1849 καθείς·
963 1767 980 1836 ὁ
997 1766 1178 1853 Ἥφαιστος
1267 1652 1275 1887 1

176 1865 212 1931 δὲ
226 1864 330 1949 χωλός
344 1867 411 1932 ε’στι
429 1868 483 1932 καὶ
499 1865 668 1952 βάναυσός
684 1893 731 1944 τις
745 1871 799 1935 καὶ
815 1875 953 1952 πυρίτης
967 1863 1028 1951 τήν
1043 1867 1177 1949 τέχνην·

175 1958 191 2028 ὁ
207 1960 412 2048 Προμηθεὺς
431 1963 466 2031 δὲ
488 1965 542 2031 καὶ
558 1963 824 2052 ἀνεσκολοπίσθη
841 1970 928 2034 ποτέ.
956 1967 1015 2033 τὸν
1033 1961 1098 2048 γὰρ
1114 1987 1176 2029 πα·
1273 1940 1275 1997 ἀ

174 2061 251 2146 ιε’ρα
263 2079 325 2126 σου
340 2067 372 2127 τί
381 2055 424 2127 ἀν
439 2062 566 2146 λέγοιμι
580 2061 725 2147 πεδήτην
737 2069 783 2130 ἔτι
798 2069 833 2130 ἐν
847 2070 892 2154 τῷ
906 2062 1065 2149 Ταρτάρῳ
1079 2057 1177 2137 ὄντας

175 2159 228 2226 καὶ
245 2162 324 2244 ἐρᾶν
339 2158 374 2226 δὲ
394 2155 480 2245 ὑμᾶς
500 2181 582 2245 φασι
599 2161 653 2228 καὶ
673 2163 914 2245 τιτρώσκεσθαι
935 2163 989 2226 καὶ
1004 2157 1178 2225 δουλεύειν

105 2269 156 2325 633
176 2258 280 2322 ἐνίοτε
296 2255 386 2341 παρὰ
402 2271 469 2336 τοῖς
485 2255 694 2343 ἀνθρώποις,
719 2258 830 2346 ὥσπερ
844 2257 956 2344 ἀμέλει
970 2258 1027 2325 καὶ
1038 2253 1098 2322 τδν
1116 2253 1179 2320 σὸν

175 2350 324 2437 ἀδελφὸν
339 2353 427 2438 παρά
443 2364 490 2444 τῷ
502 2360 708 2442 Λαομέδοντι
723 2359 778 2425 καὶ
791 2356 880 2443 παρά
895 2365 940 2445 τῷ
957 2355 1104 2444 Ἀδμήτςο
1118 2351 1177 2420 τὸν

170 2449 371 2517 Ἀπόλλωνα.
394 2460 498 2519 ταῦτα
510 2456 549 2521 δέ
556 2480 611 2540 μοι
627 2453 669 2522 οὐ
680 2455 772 2521 πάνν
786 2453 966 2540 εὐδαίμονα
979 2458 1084 2536 δοκεῖ,
1101 2449 1166 2520 ἀλλ

175 2551 320 2614 ἐοίκασιν
331 2545 426 2633 ὑμῶν
439 2554 472 2617 οί
481 2552 543 2635 μέν
553 2577 640 2629 τινες
653 2549 798 2637 εὐτυχεῖς
809 2556 908 2620 τεκαὶ
921 2550 1070 2636 εὔμοιροι
1082 2548 1175 2633 εἶναι,

174 2648 208 2712 οί
220 2642 252 2712 δ’
271 2649 427 2732 ἔμπαλιν·
449 2650 491 2715 ἐῶ
506 2645 570 2734 γάρ
582 2652 707 2736 λέγειν,
723 2650 773 2719 ὅτι
788 2653 842 2718 καὶ
853 2650 1055 2737 ληστεάεσθε
1066 2646 1175 2730 ὥσπερ

173 2741 265 2831 ἡμεῖς
282 2747 336 2812 καὶ
352 2755 578 2832 περισυλᾶσθε
595 2746 660 2817 ὑπὸ
678 2756 744 2816 τῶν
759 2749 943 2835 ἱεροσύλων
955 2748 1009 2814 καὶ
1022 2750 1058 2814 ἐκ
1071 2755 1176 2813 πλον-

173 2843 344 2910 σιιοτάτων
357 2849 549 2914 πενέστατοι
563 2850 599 2914 ἐν
616 2846 735 2934 ἀκαρεῖ
749 2855 922 2933 γίγνεσθε·
944 2845 1060 2912 πολλοὶ
1076 2846 1176 2911 δὲκαὶ

173 2943 472 3029 κατεχωνεύθησαν
487 2943 550 3031 ήδη
566 2942 718 3032 χρυσοῖή
733 2945 878 3032 ἀργυροῖ
891 2945 999 3028 ὅντες,
1016 2939 1065 3021 οἷς
1079 2949 1175 3011 τοῦτο

173 3041 306 3125 εἵμαρτο
323 3041 458 3127 δηλαδή.
574 3121 578 3132 ¹

255 3143 284 3204 9.
306 3146 432 3206 zm.
446 3138 560 3229 Ὁρᾷςς
583 3148 686 3208 ταῦτα
697 3139 761 3228 ήδη
773 3139 962 3228 ὑβριστικά,
979 3133 1173 3225 ὦΚννίσκε,

171 3236 252 3322 φής·
276 3243 334 3304 καί
346 3245 401 3305 σοί
413 3265 492 3306 ποτε
507 3241 724 3326 μεταμελήσει
740 3236 860 3306 αὐτῶν.

255 3342 358 3402 KYN.
381 3341 520 3422 Φείδου,
547 3329 573 3404 ἀ
594 3345 678 3422 Ζεῦ,
704 3345 771 3404 τῶν
792 3333 938 3404 ἀπειλῶν
961 3335 1056 3416 είδάις
1076 3335 1174 3405 οὐδέν
1259 3399 1275 3422 .
