2575 3842
185 92 247 154 266
544 92 850 150 AOYKIANOP

1273 184 1279 221 λ

183 275 241 334 μιν
258 246 365 335 αύτην
381 249 653 335 ἀποσυλήσαντες
664 248 789 338 ᾤχοντο
800 247 1045 336 ἀποπλέοντες,
1063 277 1206 336 καταγε-
1277 246 1278 261 ’

184 346 344 426 λύσαντες
365 355 426 416 τοῦ
442 354 561 414 κοινοῦ
581 355 650 415 τῶν
664 355 827 415 Σκυθῶν.
861 345 945 414 ὥστε
966 353 997 415 εί
1020 345 1080 414 διά
1104 354 1204 414 ταῦτα

115 458 167 512 510
185 452 299 532 τιμᾶτε
323 445 401 524 τοὺς
428 445 570 530 ἀνδρας,
598 442 661 512 ούκ
682 439 726 511 ἀν
743 446 909 531 φθάνοιτε
933 443 1087 523 πολλούς
1114 446 1204 532 ὁμοί-

184 570 243 622 ους
268 541 379 621 αὐτοῖς
403 543 667 629 ἐξεργασάμενοι.
703 545 758 608 καὶ
781 539 988 610 τούντεῦθεν
1018 541 1123 610 αὐτοὶ
1145 542 1202 629 ἤδη

183 640 267 726 πρὸς
282 639 322 709 τά
338 639 461 711 παλαιοὶ
474 655 642 725 σκοπεῖτε,
659 646 689 708 εί
701 647 810 718 καλῶς
822 645 887 726 ἔχει
901 637 983 726 ύμῖν
994 640 1151 719 πολλούς
1163 647 1203 717 εἰς
1277 680 1279 683 -

183 737 246 825 την
260 745 418 806 Σκυθίαν
432 735 583 823 Ὀρέστας
600 741 654 806 καὶ
668 739 827 816 Πυλάδας
844 744 1026 823 καταίρειν.
1052 741 1131 823 ἐμοὶ
1146 741 1202 823 μὲν

183 834 248 924 γάρ
267 840 391 903 δοκεῖτε
412 836 546 921 τάχιστα
567 832 611 903 ἀν
627 834 735 914 ούτως
760 836 889 922 ἀσεβεῖς
909 834 1003 902 αύτολ
1027 838 1088 904 καὶ
1107 836 1202 903 ἀθεοι

183 938 343 1021 γενέσθαι
360 941 428 1001 τῶν
445 941 649 1019 περιλοίπων
663 941 756 1001 θεῶν
773 931 834 1002 τὸν
855 931 959 1001 αύτδν
972 933 1108 1018 τρόπον
1126 932 1202 1018 ύμῖν
1276 970 1279 1017 f

185 1035 220 1100 έκ
232 1039 289 1118 τῆς
299 1031 408 1119 χώρας
419 1028 720 1110 ἀποξενωθέντων·
737 1029 807 1116 εἶτ’,
824 1030 925 1118 οἶμαι,
942 1029 1017 1099 ἀντὶ
1025 1039 1100 1098 τῶν
1111 1040 1201 1099 θεῶν

184 1127 343 1197 ἁπάντων
363 1128 441 1207 τοὺς
465 1127 516 1197 ἐπ’
540 1133 687 1218 ἐξαγωγῇ
704 1127 816 1197 αὐτῶν
834 1129 978 1216 ἥκοντας
999 1129 1135 1214 ἀνδρας
1151 1135 1201 1198 έκ-

182 1229 334 1296 θειάσετε
349 1229 403 1296 καλ
417 1228 603 1313 ἱεροσύλοις
615 1226 712 1315 ὑμῶν
724 1229 847 1296 θύσετε
859 1226 902 1307 ὡς
913 1238 1015 1306 θεοῖς.
1040 1235 1073 1296 3.
1093 1235 1128 1296 εί
1139 1227 1199 1314 γάρ

182 1325 226 1413 μὴ
242 1326 315 1393 ἀντὶ
328 1325 457 1392 τούτων
469 1323 624 1412 Ὀρέστην
637 1329 692 1394 καί
705 1327 868 1411 Πυλάδην
878 1333 1008 1412 τιμᾶτε,
1024 1323 1104 1393 ἀλλ’
1120 1327 1198 1406 εἰπέ,
1277 1324 1278 1363 4

182 1432 216 1492 τί
228 1422 320 1506 ἀλλο,
338 1416 365 1488 ἀ
380 1421 519 1508 Τόξαρι,
536 1422 670 1509 ἀγαθὸν
681 1422 768 1511 ὑμᾶς
780 1424 988 1509 εἰργάσαντο,
1005 1420 1090 1491 ἀνθ’
1106 1422 1198 1505 ὅτου,

183 1523 284 1590 πάλαι
305 1517 346 1586 ού
360 1518 464 1598 θεούς
486 1519 569 1588 εἶναι
584 1522 822 1601 δικαιώσαντες
838 1520 977 1606 αύτούς,
999 1520 1124 1588 νῦντὸ
1143 1527 1198 1605 ε’μ-

183 1626 284 1686 ιταλιν
295 1616 463 1699 θύσαντες
474 1617 587 1697 αὐτοῖς
599 1618 703 1699 θεούς
713 1629 909 1723 ηενομίκατε
918 1623 972 1689 καὶ
981 1625 1118 1705 ἱερείοις
1129 1618 1197 1688 ὀλί-
1277 1624 1278 1627 ’

182 1741 246 1803 γον
262 1718 332 1783 δεῖν
351 1716 426 1784 τότε
446 1721 639 1805 γενομένοις
661 1724 763 1806 ίερεῖα
779 1727 844 1786 νῦν
859 1717 1058 1804 προσάγετες
1082 1727 1194 1803 γελοῖε

180 1812 245 1903 γάρ
261 1810 305 1882 ἀν
320 1825 424 1885 ταῦτα
439 1818 546 1900 δόξειε
560 1821 614 1888 καὶ
629 1817 811 1888 ὑπεναντία
826 1833 893 1895 τοῖς
908 1816 1019 1884 πάλαι.
1277 1810 1278 1825 ’

269 1921 363 1993 ΤΟΞ.
388 1920 452 1986 Καὶ
474 1927 577 1987 ταῦτα
599 1923 677 2006 μέν,
702 1910 729 1986 εδ
748 1918 949 2004 Μνήσιππε,
971 1928 1110 2000 γενναῖα
1129 1921 1194 1980 τῶν

181 2013 316 2104 ἀνδρῶν
333 2021 487 2101 ἐκείνων,
510 2017 531 2084 ά
551 2022 731 2095 κατέλεξας.
760 2013 796 2082 τδ
815 2014 881 2100 γάρ
901 2015 964 2082 δύο
986 2011 1084 2088 ὄντας
1105 2009 1193 2076 οὕτω

182 2119 265 2201 μέγα
289 2117 440 2202 τόλμημα
459 2123 618 2199 τολμῆσαι
641 2115 697 2177 καὶ
718 2117 882 2175 τοσοῦτον
908 2109 974 2179 ἀπὸ
996 2118 1053 2196 τῆς
1079 2106 1192 2175 αὐτῶν
1277 2196 1278 2199 ¹

183 2213 375 2298 ἀπάραντας
387 2218 563 2281 ἐκπλεῦσαι
582 2215 627 2283 είς
641 2205 701 2270 τὸν
714 2202 849 2266 Πόντον
864 2202 1047 2288 ἀπείρατον
1065 2213 1113 2274 ἔτι
1127 2220 1193 2282 τοῖς

182 2310 337 2394 Ἕλλησιν
352 2308 432 2375 ὄντα
451 2304 539 2388 πλὴν
554 2303 673 2387 μόνων7
689 2304 757 2366 τῶν
773 2295 826 2363 έπὶ
845 2302 903 2380 τῆς
916 2295 1057 2382 Ἀργοῦς
1077 2307 1111 2383 ἐς
1132 2302 1192 2390 τὴν
1270 2357 1279 2377 ,

180 2411 325 2489 Κολχίδα
346 2401 636 2486 στρατευσάντων,
659 2395 703 2485 μη
725 2396 992 2481 καταπλαγέντας
1008 2403 1091 2485 μήτε
1115 2402 1191 2480 τοὺς

180 2503 313 2591 μύθους
333 2497 412 2577 τούς
429 2496 480 2566 ἐπ’
503 2494 593 2589 αύτῷ
615 2496 696 2586 μήτε
711 2496 773 2584 τὴν
794 2500 1019 2583 προσηγορίαν
1036 2508 1191 2570 καταδεί-

180 2621 317 2682 σαντας,
333 2595 384 2664 ότι
398 2596 515 2678 ἀξενος
529 2599 692 2684 ἐκαλεῖτο,
717 2593 787 2682 οἷα,
810 2595 915 2682 οἶμαι,
936 2592 1061 2681 ἀγρίων
1076 2601 1190 2667 ἐθνῶν

179 2695 461 2783 περιοικούντων,
491 2698 545 2766 καί
566 2696 680 2784 ἐπειδὴ
706 2696 874 2781 ἑάλωσαν,
902 2692 1008 2773 οὕτως
1028 2691 1189 2779 ἀνδρείως

11 2829 15 2886 η
110 2817 158 2870 511
179 2794 369 2883 χρήσασθαι
385 2803 430 2885 τῷ
447 2796 615 2883 πράγματι
632 2795 744 2884 καὶμὴ
761 2793 929 2881 ἀγαπῆσαι
944 2801 974 2862 εί
988 2793 1247 2903 διαρεύξονεχ

16 2900 23 2984 λ,
178 2922 233 2963 ται
244 2893 362 2982 μόνον,
376 2891 460 2964 ἀλλά
472 2900 765 2983 τιμωρησαμένους
775 2892 835 2962 τὸν
846 2895 982 2980 βασιλέα
993 2900 1050 2978 τῆς
1061 2890 1187 2980 ὕβρεως
1261 2895 1279 2955 'l

21 2987 22 2992 ἵ
179 2997 233 3065 καὶ
251 2991 311 3081 τὴν
324 2993 480 3082 ’Ἁρτεμιν
498 2995 728 3083 ἀναλαβόντας
749 2992 974 3076 ἀποπλεύσαι,
996 3001 1066 3071 πῶς
1086 3001 1185 3061 ταῦτα

179 3093 220 3165 ού
235 3093 414 3180 θαυμαστά
435 3099 489 3164 καὶ
506 3102 601 3174 θείας
622 3092 713 3170 τινὸς
728 3101 821 3178 τιμῆς
842 3090 917 3170 ἀξια
934 3088 1023 3175 παρά
1041 3090 1183 3177 πάντων,

179 3194 300 3264 ὁπόσοι
315 3192 438 3280 ἀρετὴν
450 3197 661 3274 ἐπαινοῦσινς
681 3191 764 3277 ἀτάρ
780 3189 822 3259 ού
834 3200 937 3258 ταῦτα
948 3190 1041 3277 ἡμεῖς
1055 3191 1183 3284 Ὀρέστη

179 3296 233 3362 καὶ
247 3295 390 3379 Πυλάδη
405 3292 572 3370 ἐνιδόντες
586 3291 715 3379 ἥρωσιν
729 3288 842 3366 αύτοῖς
856 3289 1023 3374 χρώμεθα.
