2575 3842
46 153 48 158 ⁸
163 187 205 250 οε
519 189 821 248 Λουκικαου

163 348 295 433 ταχθεὶς
305 344 392 416 πολύ
402 343 562 432 μᾶλλονή
575 344 630 414 ότε
642 352 706 427 ζῶν
717 348 769 415 ἐπὶ
778 352 893 436 Δηλίφ
906 347 1050 434 ἐμάχετο.
1067 366 1155 435 προσ

165 446 287 514 ιόυτων
300 443 365 532 γάρ
380 453 448 512 τῶν
463 452 630 530 πολεμίων
652 442 715 512 ούκ
736 450 840 531 ἔφυγε
856 447 913 514 κοιλ
933 443 969 511 τό
991 445 1173 532 πρόσωπον

164 541 324 626 ἄτρεπτος
333 536 392 629 ἦν·
405 540 453 628 ἐφ’
465 538 514 620 οἷς
526 545 579 610 καὶ
589 539 733 629 ὕστερον
743 545 883 630 ἐξῃρέθη
894 541 983 632 αύτῷ
994 540 1172 628 ἀριστεῖον,

163 642 264 720 καλός
278 667 313 708 τε
327 643 384 709 καὶ
394 643 544 726 μέγιστος
555 639 755 724 παράδεισος
770 643 806 707 έν
817 647 862 730 τῷ
874 647 1070 731 προαστείῳ,
1086 645 1173 708 ἔνθα

162 741 218 808 καλ
239 745 417 824 συγκαλῶν
433 737 512 816 τούς
537 739 686 824 ἑταίρους
707 741 870 822 διελέγετο
890 743 1172 825 Νεκρακαδημίαν

97 851 146 904 [λλ
164 835 225 904 τόν
246 837 350 905 τόπον
372 835 654 922 προσαγορεύσας.
691 841 741 904 24,
768 834 990 922 συλλαβόντες
1013 829 1076 903 ούν
1093 833 1172 914 τούς

163 936 401 1020 νενικημένους
416 935 471 1002 καὶ
487 933 647 1019 δήσαντες
658 926 760 1011 αὖθις
770 931 970 1018 ἀπέπεμψαν
983 938 1030 1001 έτι
1043 941 1172 1019 μᾶλλον

163 1036 487 1118 κολασθησομένους.
501 1037 623 1119 ἔγραψε
634 1032 669 1100 δὲ
678 1033 734 1100 καὶ
744 1030 870 1117 ταύτην
878 1029 942 1117 τήν
950 1030 1059 1117 μάχην
1066 1028 1172 1115 Ὅμη-

164 1156 222 1216 ρος
240 1131 295 1198 καὶ
317 1128 451 1197 ἀπιόντι
472 1154 529 1215 μοι
546 1134 649 1197 ἔδωκε
663 1127 703 1198 τὰ
718 1136 830 1216 βιβλία
847 1135 992 1215 κομίζειν
1005 1142 1073 1206 τοῖς
1087 1124 1170 1213 παρ’

162 1227 243 1312 ἡμῖν
259 1225 469 1312 ἀνθρώποις·
497 1225 570 1297 ἀλλ’
587 1227 731 1314 ὕστερον
745 1229 799 1296 καὶ
814 1236 918 1295 ταῦτα
928 1225 1009 1313 μετά
1029 1235 1097 1294 τῶν
1111 1225 1171 1293 ἀλ-

164 1333 233 1392 λων
250 1323 475 1412 ἀπωλέσαμεν.
497 1320 541 1411 ήν
554 1325 589 1394 δὲ
603 1324 623 1412 ή
639 1323 721 1412 ἀρχή
738 1333 799 1394 τοῦ
814 1326 994 1413 ποιήματος
1007 1323 1103 1412 κύτη,

205 1429 270 1490 νῦν
286 1427 324 1491 δέ
338 1450 394 1509 μοι
411 1430 544 1508 ἔννεπε,
563 1431 704 1509 Μοῦσα,
719 1423 828 1511 μάχην
843 1421 974 1491 νεκύων
990 1421 1120 1509 ήρῶων.

163 1521 238 1588 τότε
253 1518 284 1588 δ’
302 1513 365 1588 ούν
381 1521 531 1607 κυάμους
545 1523 744 1608 ἑψήσαντες,
761 1521 873 1610 ῶσπερ
890 1520 971 1608 παρ’
982 1519 1094 1599 αύτοῖς
1109 1521 1171 1589 νό-

163 1644 224 1703 μος
245 1615 380 1686 έπειδάν
395 1616 456 1686 τόν
470 1620 617 1705 πόλεμον
639 1621 917 1705 κατορθώσωσιν,
944 1625 1112 1688 εἱστιῶντο
1129 1617 1170 1686 τὰ

165 1718 309 1784 ἐπινίκια
325 1719 379 1784 καὶ
402 1713 520 1801 ἑορτήν
534 1717 684 1802 μεγάλην
697 1711 799 1804 ήγον·
827 1719 930 1805 μόνος
945 1721 981 1788 δὲ
994 1717 1113 1805 ταύτης
1128 1715 1170 1787 ού

163 1828 287 1900 μετεῖχε
303 1813 527 1900 Πυθαγόρας,
553 1812 626 1882 ἀλλ’
650 1814 761 1894 ἀσιτος
777 1817 893 1902 πόρρω
911 1818 1083 1895 ἐκαθέζετο
1103 1842 1170 1901 μυ-

163 1911 362 1996 σαττόμενος
376 1908 438 1998 τήν
452 1918 697 1998 κυαμοφαγίαν.

247 2013 297 2076 25.
310 2006 397 2094 Ἤδη
414 2011 449 2078 δὲ
462 2017 579 2096 μηνῶν
600 2013 633 2090 ἓξ
649 2011 898 2097 διεληλυθότων
914 2013 989 2096 περὶ
1002 2017 1169 2096 μεσοῦντα

162 2108 221 2176 τὸν
237 2110 382 2195 ἕβδομον
397 2113 541 2195 νεώτεροι
552 2115 729 2176 συνίστατο
744 2108 934 2196 πράγματα·
958 2104 1167 2192 ὁΚινύραςό

161 2216 223 2276 τού
231 2207 433 2292 Σκινθάρου
443 2223 519 2286 παῖς
528 2211 629 2293 μέγας
639 2233 674 2275 τε
685 2203 734 2275 ῶν
745 2209 800 2276 καὶ
810 2204 911 2286 καλός
920 2207 985 2294 ήρα
996 2207 1049 2274 ε’πλ
1060 2202 1169 2273 πολύν

161 2307 284 2392 χρόνον
295 2305 359 2392 ήδη
373 2313 429 2391 τῆς
437 2304 585 2390 Ἑλένης,
601 2307 656 2373 καὶ
670 2304 754 2391 αύτη
766 2309 802 2374 δὲ
816 2304 878 2374 ούκ
894 2303 1025 2392 ἀφανής
1041 2299 1085 2392 ήν
1095 2307 1168 2372 έπι-

162 2411 228 2480 υῶς
238 2399 398 2487 ἀγαπῶσα
408 2401 468 2469 τόν
478 2410 671 2470 νεανίσκον·
686 2406 844 2484 πολλάκις
855 2411 940 2490 γοῦν
950 2406 1006 2472 καὶ
1015 2407 1167 2472 διένευον

161 2497 315 2585 ἀλλήλοις
326 2502 363 2568 έν
373 2507 419 2590 τῷ
430 2509 603 2592 συμποσίω
615 2504 671 2571 καλ
684 2503 874 2588 προύπινον
885 2506 940 2571 καὶ
950 2504 1048 2590 μόνοι
1060 2507 1167 2585 ἐξανι-

161 2596 317 2683 στάμενοι
338 2600 529 2667 ἐπλανῶντο
550 2602 626 2688 περὶ
646 2600 708 2688 τήν
731 2599 827 2688 ύλην.
858 2604 914 2671 καί
934 2602 976 2690 δή
996 2628 1077 2670 ποτε
1098 2600 1166 2669 ύπδ

159 2704 222 2766 τοῦ
242 2701 362 2782 ἔρωτος
381 2701 437 2768 καί
456 2706 513 2786 τῆς
533 2697 716 2787 ἀμηχανίας
737 2700 959 2786 ἐβουλεύσατο
982 2699 1167 2787 ὁΚινύρας

93 2817 144 2872 123
161 2793 314 2883 ἀρπάσας
337 2793 398 2882 τήν
414 2794 550 2884 Ἑλένην
566 2813 696 2884 φυγεῖν.
721 2799 829 2866 ἐδόκει
845 2798 881 2867 δὲ
897 2796 1035 2887 κάκείνη
1051 2807 1166 2885 ταῦτα,

161 2903 312 2980 οἴχεσθαι
329 2893 487 2975 ἀπιόντας
502 2902 534 2974 ές
545 2923 619 2964 τινα
631 2905 699 2964 τῶν
713 2899 928 2984 ἐπικειμένων
945 2897 1076 2984 νήσων,
1092 2896 1168 2984 ήτοι

161 2997 193 3070 ές
206 2989 268 3076 τήν
283 2989 399 3061 Φελλῶ
412 2990 436 3080 ή
450 2997 482 3075 ές
498 2994 560 3082 τήν
579 2996 782 3081 Τυρόεσσαν.
805 2996 1001 3080 συνωμότας
1016 2997 1052 3064 δέ
1063 2996 1166 3064 πάλαι

161 3092 428 3178 προσειλήφεσαν
438 3108 524 3178 τρεῖς
534 3101 602 3162 τῶν
616 3096 756 3181 ἑταίρων
766 3101 835 3163 τῶν
846 3097 934 3180 ἐμῶν
944 3093 1023 3173 τούς
1033 3105 1166 3182 θρασυ-

161 3189 356 3279 τάτους.“τῷ
371 3195 483 3278 μέντοι
498 3194 596 3280 πατρὶ
610 3201 712 3260 ταῦτα
729 3191 791 3260 ούκ
802 3193 983 3279 ἐμήνυσεν·
1006 3191 1166 3280 ήπίστατο

160 3285 224 3372 γάρ
242 3286 301 3356 ὑπ’
314 3289 419 3358 αύτού
433 3293 722 3378 κωλυθησόμενος.
738 3289 783 3370 ῶς
794 3291 947 3359 δὲέδόκει
957 3289 1079 3377 αὐτοῖς,
1095 3292 1166 3357 έτέ·

160 3392 244 3453 λουν
257 3385 319 3475 τήν
335 3390 526 3476 ἐπιβουλήν.
550 3393 604 3458 καὶ
618 3387 730 3477 ἐπειδή
746 3388 808 3470 νύξ
824 3393 953 3476 ἐγένετο
970 3431 1005 3442 -
1024 3387 1088 3476 έγῶ
1103 3389 1166 3474 μὲν
