2575 3842
386 188 715 247 ΗΜΩΝΑΚΤΟΣ
734 188 860 247 ΒΙΟΣ.
1048 182 1112 248 199

98 359 170 430 λίας
184 347 290 419 αύτοῦ
311 351 365 418 καλ
388 347 530 433 μάλιστα
549 351 618 411 τών
638 349 676 412 ἐν
690 343 805 424 αύταίς
821 353 932 433 μελών
946 344 984 414 τό
999 349 1110 414 ἐπικε-

99 453 288 536 κλασμένον
303 447 436 533 σφόδρα
454 441 497 522 ώς
514 442 652 529 όγεννές
667 448 722 511 καὶ
732 459 927 529 γυναικεῖον
942 447 997 512 καλ
1011 453 1111 530 φιλο-

99 555 204 636 σοφία
225 546 344 632 ἥκιστα
372 548 517 628 πρέπον,
546 540 745 628 προσελθών
769 539 880 626 ἠρώτα
902 539 962 608 τόν
984 542 1111 626 Δημώ-

100 671 221 730 νακτα,
237 651 285 722 τίς
301 639 349 711 τόν
363 641 514 728 χλευάζοι
529 639 568 707 τὰ
581 638 701 707 αὐτοῦ·
716 639 931 724 Ἄνθρωπος,
949 645 1030 723 ἔφη,
1048 638 1110 704 οὐκ

102 741 290 827 εὐαπάτητα
307 747 391 826 ἔχων
405 738 444 806 τὰ
459 732 534 805 ώτα.
558 741 751 823 ἐγκειμένου
762 737 798 805 δέ
809 745 870 805 τοῦ
882 743 1044 822 σοφιστοῦ
1056 739 1109 802 καλ

102 845 307 926 ἐρωτῶντος,
332 845 406 906 τίνα
425 838 460 904 δὲ
481 839 535 904 καὶ
553 836 672 921 ἐφόδια
693 842 794 921 ἔχων,
821 828 1049 921 ώΔημώναξ,
1074 837 1108 899 ἐκ

102 944 236 1016 παιδιᾶς
254 944 299 1015 είς
313 943 517 1023 φιλοσοφίαν
534 931 640 1020 ήκεις;
655 935 799 1020 ’Όρχεις,
818 941 892 1020 ἐφη.
923 939 972 1001 13.
992 931 1109 1000 ἄλλοτε

102 1039 140 1104 δέ
152 1061 231 1103 ποτε
243 1033 260 1102 ὁ
273 1033 373 1112 αὐτὸς
386 1029 586 1119 προσελθών
601 1030 712 1118 ἠρώτα
728 1030 788 1100 τόν
798 1033 1020 1118 Δημώνακτα,
1035 1039 1109 1098 τίνα

103 1138 233 1220 αἵρεσιν
248 1131 424 1212 ἀσπάζεται
440 1139 568 1217 μᾶλλον
583 1133 620 1198 ἐν
635 1139 834 1219 φιλοσοφίᾳ·
865 1129 882 1197 ὁ
899 1134 951 1215 δέ,
973 1138 1029 1208 Τίς
1044 1130 1109 1214 γάρ

103 1252 157 1300 σοι
170 1230 261 1298 εἶπεν
276 1229 326 1298 ὅτι
339 1236 530 1315 φιλοσοφεῖς
553 1232 608 1296 καλ
618 1226 729 1294 ἀπιών
739 1227 802 1314 ἤδη
814 1227 894 1309 παρ’
906 1226 1011 1294 αὐτοῦ
1022 1228 1111 1311 μα’λα

103 1328 168 1416 ἠδῦ
183 1332 331 1415 ἐγέλασε·
353 1334 415 1394 τοῦ
426 1329 462 1394 δὲ
473 1326 714 1412 ἐρωτήσαντος,
729 1323 782 1410 ἐφ’
797 1324 862 1415 ότφ
872 1333 970 1414 γελᾷ,
986 1328 1111 1403 ἐκεῖνος

103 1436 184 1514 ἔφη,
206 1424 346 1494 Γελοῖόν
360 1451 416 1509 μοι
433 1422 517 1491 εἶναι
532 1428 661 1503 ἔδοξεν,
683 1431 714 1490 εί
731 1422 775 1490 σύ
793 1422 859 1490 ιἰπό
875 1431 935 1490 τοῦ
951 1424 1111 1508 πώγωνος

103 1525 206 1605 ἀξιοῖς
220 1531 396 1606 κρίνεσθαι
408 1521 487 1600 τοῦς
500 1528 770 1606 φιλοσοφοῦντας
781 1520 881 1601 αὐτὸς
891 1521 1036 1607 πώγωνα
1048 1520 1110 1588 ούκ

104 1631 197 1708 ἔχων.
222 1627 271 1690 14.
287 1627 348 1688 τοῦ
360 1620 396 1687 δὲ
407 1624 577 1687 Σιδωνίου
594 1618 674 1685 ποτὲ
688 1627 849 1705 σοφιστοῦ
863 1618 1042 1706 Ἀθήνησιν
1054 1616 1111 1684 εύ·

105 1726 323 1806 δοκιμοῦντος
331 1721 384 1786 καὶ
394 1720 548 1802 λέγοντος
558 1714 642 1800 ὑπὲρ
653 1714 759 1782 αὑτοῦ
769 1716 907 1785 ἔπαινόν
916 1743 992 1785 τινα
1002 1723 1111 1783 τοιοῦ-

102 1845 177 1902 τον,
201 1815 252 1885 ὅτι
274 1817 380 1901 πόσης
403 1819 602 1899 φιλοσοφίας
616 1822 808 1898 πεπείραται
826 1853 864 1866 -—
881 1813 923 1881 ού
944 1829 1054 1899 χεῖρον
1075 1813 1111 1880 δὲ

102 1915 187 1984 αὐτοὶ
205 1922 310 1984 είπελν
325 1913 346 1982 δι’
361 1921 489 2000 ἔλεγεν·
516 1911 591 1980 Ἐὰν
610 1911 832 1998 Ἀριστοτέλης
846 1938 886 1998 με
905 1921 989 2001 καλή
1006 1916 1057 1980 ἐπὶ
1073 1911 1109 1980 τό

103 2016 265 2096 Λύκειον,
280 2014 418 2097 ἕψομαι·
440 2007 484 2078 όν
500 2011 643 2079 Πλάτων
660 2013 712 2078 ἐπὶ
726 2010 788 2096 τήν
801 2010 1016 2103 Ἀκαδημίαν,
1032 2009 1112 2096 ἄφί-

103 2117 214 2198 ξομαι·
238 2108 282 2178 όν
297 2111 432 2197 Ζήνων,
450 2113 501 2178 ἐπὶ
515 2118 554 2196 τῇ
569 2117 710 2198 Ποικίλῃ
726 2116 902 2194 διατρίψω·
930 2106 974 2176 τίν
989 2117 1112 2177 Πυθα-

102 2212 205 2297 γόρας
225 2217 325 2296 καλῇ,
349 2210 566 2295 σιωπήσομαι.
600 2207 746 2285 ἀναστὰς
767 2200 830 2275 οὖν
851 2213 888 2276 ἐκ
910 2213 1021 2294 μέσων
1042 2216 1110 2276 τῶν
1128 2226 1179 2281 38η

103 2308 344 2395 ἀκροωμένων,
362 2301 486 2390 Οὗτος,
503 2314 567 2393 ἐφη
579 2306 771 2389 προσειπών
781 2306 818 2375 τό
831 2307 954 2394 ὄνομα,
971 2318 1066 2376 καλεῖ
1075 2329 1112 2375 σε

102 2409 316 2493 Πυθαγόρας.
353 2413 402 2474 15.
423 2407 592 2484 Πύθωνος
612 2410 652 2473 δέ
669 2431 758 2483 τινος
779 2414 846 2473 τών
863 2410 900 2474 ἐν
914 2411 1111 2495 Μακεδονία

104 2504 312 2592 εὐπαρύφων
327 2512 507 2573 νεανίσκου
525 2503 650 2589 ώραίου
665 2507 920 2590 ἐρεσχηλοῦντος
934 2504 1039 2573 αὐτόν
1057 2505 1112 2573 καὶ

103 2610 337 2687 προτείνοντος
354 2604 506 2689 ἐρώτημά
522 2631 552 2671 τι
572 2599 769 2686 σοφιστικόν
786 2604 841 2669 καί
854 2603 1049 2680 κελεύοντος
1065 2608 1112 2668 εί·

104 2715 179 2767 πελν
193 2707 253 2767 τοῦ
264 2707 490 2786 συλλογισμοῦ
503 2699 563 2788 τήν
573 2703 689 2786 λύσιν,
709 2699 777 2786 Ἕν,
794 2708 868 2786 ἐφη,
882 2700 966 2785 οἶδα,
981 2706 1110 2785 τέκνον,

105 2796 157 2864 ότι
171 2805 328 2881 περαίνει.
352 2797 644 2887 ἀγανακτήσαντος
660 2800 696 2868 δὲ
711 2803 841 2867 ἐκείνου
857 2802 908 2866 ἐπὶ
918 2806 964 2888 τῷ
975 2806 1033 2883 τῆς
1048 2796 1113 2882 ἀμ·

105 2901 259 2981 φιβολίας
285 2897 457 2984 σκώμματι
479 2900 535 2966 καὶ
561 2897 884 2983 συναπειλήσαντος,
913 2895 1040 2963 Αύτίκα
1060 2916 1114 2963 σοι

105 2996 194 3080 μα’λα
210 2992 269 3061 τόν
290 2995 398 3081 ἄνδρα
420 3002 531 3083 δείξω,
556 2994 573 3064 ὁ
596 3001 631 3064 δὲ
647 2995 713 3064 σῦν
727 3001 844 3082 γέλωτι
857 2994 1024 3082 ἠρώτησε,
1048 2996 1114 3061 Καὶ

103 3091 168 3179 γὰρ
182 3091 289 3177 ἄνδρα
307 3100 405 3179 ἔχεως
429 3102 477 3165 16.
494 3097 563 3164 ἐπεὶ
580 3099 620 3163 δέ
632 3122 680 3173 τις
694 3092 843 3180 ἀθλητής
856 3095 1115 3178 καταγελασθεὶς

104 3190 162 3259 ὑπ’
192 3190 318 3276 αὐτοῦ,
353 3193 404 3262 ὅτι
433 3198 558 3280 ἐσδήτα
586 3193 688 3278 ὤφθη
713 3189 862 3279 ἀνθινὴν
887 3191 1115 3279 α’μπεχόμενος

101 3288 355 3378 Ὀλυμπιονίκης
367 3290 430 3378 ών,
450 3292 609 3372 ἐπάταξεν
620 3291 725 3360 αύτδν
738 3299 784 3370 είς
794 3289 856 3377 τήν
867 3290 1019 3378 κεφαλήν
1031 3298 1115 3381 λίθω

102 3391 158 3458 καὶ
175 3386 255 3477 αἷμα
278 3392 397 3479 ἐρρύη,
420 3396 453 3459 οί
467 3394 529 3478 μὲν
551 3390 715 3476 παρόντες
727 3388 941 3479 ἠγανάκτουν
955 3389 998 3470 ώς
1017 3388 1117 3470 αὐτὸς
