2575 3842
333 195 569 254 ΑΛΗΘΟΥΣ
589 195 827 254 ΙΣΤΟΡΙΑΣ
853 200 882 255 Β.
1069 194 1110 258 55

106 357 291 440 θάλατταν,
307 359 354 421 ἔτι
370 352 406 420 δέ
421 360 583 438 λειμῶνας
597 355 652 420 καὶ
667 351 750 430 ὐλας
763 357 819 420 καὶ
837 353 938 438 ὄρνεα
955 357 1111 443 μουσικά,

106 453 141 519 τὰ
162 451 226 538 μὲν
248 454 301 519 ἐπὶ
320 459 388 518 τῶν
403 449 529 538 ήῖόνων
551 449 692 540 ᾅδοντα,
718 448 825 518 πολλά
845 452 882 520 δὲ
901 457 956 522 καὶ
976 457 1111 521 ἐπὶτῶν

105 551 253 618 κλύδων’
269 546 334 635 ἀήρ
344 575 381 614 τε
394 554 521 632 κοῦφος
529 549 583 616 καί
596 545 742 625 εὔπνους
753 553 960 635 περιεκέχυτο
972 550 1034 637 τήν
1045 553 1112 637 χω’-

106 671 184 728 ραν·
214 648 270 714 καί
290 640 392 728 αὖραι
413 647 452 712 δέ
463 670 551 723 τινες
566 641 674 730 ἡδεῖαι
695 649 912 713 διαπνέουσαι
926 643 1032 732 η’ρέμα
1048 646 1110 732 τήν

17 758 19 850 Ξ
105 742 191 828 ὐλην
205 742 415 825 διεσάλευον,
434 741 517 810 ὥστε
530 745 585 810 καί
596 740 662 808 ἀπό
675 751 742 809 των
756 744 889 811 κλάδων
900 746 1110 829 κινουμένων

104 837 231 926 τερπνά
241 843 296 908 καὶ
306 847 429 925 συνεχῆ
439 843 520 926 μέλη
531 838 745 924 ἀπεσυρίζετο
757 841 885 908 ἐοικότα
895 857 962 920 τοῖς
973 838 1020 908 ἐπ’
1032 844 1110 924 ἐρη-

105 946 181 1025 μίας
202 936 369 1025 αὐλήμασι
388 945 457 1005 τῶν
477 946 628 1024 πλαγίων
651 937 774 1007 αὐλῶν.
808 942 863 1008 καί
884 937 1026 1027 μήνκαὶ
1048 939 1110 1026 βοή

104 1037 288 1123 σύμμικτος
301 1033 442 1122 ήκούετο
452 1034 598 1120 ἀθρους,
616 1033 657 1102 οὐ
671 1038 888 1123 θορυβώδης,
903 1035 975 1106 ἀλλ’
989 1040 1043 1104 οἵα
1054 1039 1110 1122 γε’-

104 1132 189 1202 νοιτ’
202 1130 246 1200 ἀν
255 1135 291 1200 ἐν
303 1138 492 1223 συμποσίῳ,
506 1140 574 1200 τῶν
586 1136 649 1219 μλν
659 1131 873 1219 αὐλούντων,
890 1135 1005 1202 τῶνδὲ
1017 1137 1111 1200 ε’παι-

105 1230 275 1314 νούντων,
296 1232 394 1296 ἐνίων
412 1227 448 1296 δέ
462 1230 675 1314 κροτούντων
696 1227 780 1312 πρός
796 1227 902 1298 αὐλόν
915 1228 938 1317 ή
952 1231 1109 1313 κιθάραν.

103 1334 134 1396 6.
151 1327 281 1405 τούτοις
292 1326 394 1394 άπασι
410 1327 611 1412 κηλούμενοι
623 1334 850 1414 κατήχθημεν,
868 1325 1062 1413 ὁρμίσαντες
1074 1327 1110 1394 δὲ
1130 1341 1180 1395 10ss

104 1425 166 1510 τήν
180 1431 268 1492 ναῦν
286 1423 509 1510 ἀπεβαίνομεν
524 1422 584 1491 τόν
595 1431 793 1508 Σκίνθαρον
810 1427 847 1491 ἐν
867 1422 952 1512 αὐτή
970 1426 1025 1492 καί
1047 1425 1109 1490 δύο

104 1530 171 1590 τοῖν
196 1523 334 1604 ἑταίρων
357 1518 584 1598 ἀπολιπόντες.
619 1521 791 1604 προιόντες
814 1523 850 1589 δέ
874 1520 929 1588 διὰ
950 1529 1110 1608 λειμῶνος

106 1617 275 1698 εὐανθοῦς
285 1619 531 1704 ἐντυγχάνομεν
542 1632 610 1696 τοῖς
623 1633 785 1704 φρουροῖς
796 1620 850 1686 καὶ
862 1619 1062 1703 περιπόλοις,
1079 1621 1112 1685 οί

106 1720 142 1785 δὲ
157 1717 317 1802 δήσαντες
326 1713 411 1802 ήμάς
425 1718 571 1803 ῥοδίνοις
582 1717 761 1800 στεφάνοις
772 1757 811 1768 —·
824 1709 922 1795 οὗτος
935 1714 1000 1802 γάρ
1015 1719 1110 1803 μέγι-

104 1834 181 1891 στος
192 1810 272 1898 παρ’
285 1811 397 1892 αὐτοῖς
408 1812 526 1898 δεσμός
535 1815 625 1881 ἐστιν
639 1855 675 1865 -
689 1811 816 1900 ἀνήγου
828 1812 872 1894 ὡς
882 1813 943 1883 τόν
954 1815 1109 1901 ἀρχοντα,

105 1908 185 1996 παρ’
200 1902 248 1977 οἷν
260 1907 300 1996 δή
316 1908 395 1978 καθ’
413 1907 494 1978 ὁδόν
507 1909 698 1997 ἠκούσαμεν
710 1909 754 1988 ως
764 1910 784 1998 ἡ
796 1911 966 2000 μὲννήσος
982 1924 1032 1999 είη
1044 1920 1111 1980 τόν

104 2007 282 2092 Μακάρων
293 2010 624 2094 προσαγορευομένη,
639 2006 740 2092 ἀρχὰς
751 2010 787 2075 δὲ
797 2006 816 2074 ὁ
827 2008 919 2094 Κρής
931 2008 1112 2094 Ῥαδάμαν-

103 2118 181 2184 θυς.
211 2108 266 2173 καὶ
282 2103 321 2191 δή
338 2105 538 2192 ἀναχθέντες
558 2103 601 2184 άς
619 2102 723 2174 αὐτόν
740 2109 776 2174 ἐν
792 2107 881 2185 τάξει
895 2114 963 2174 τῶν
980 2113 1112 2186 δικαζο·

105 2208 218 2292 μένων
231 2208 371 2290 ἔστημεν
385 2205 541 2290 τέταρτοι.
566 2210 594 2274 7.
612 2199 656 2291 ήν
667 2204 704 2273 δὲ
714 2203 734 2289 ἡ
746 2205 807 2292 μὲν
819 2205 932 2291 πρύτη
947 2210 1021 2291 δίκη
1036 2207 1111 2290 περὶ

105 2312 251 2379 Αἴαντος
266 2309 327 2369 τού
345 2309 556 2389 Τελαμῶνος,
580 2311 643 2370 είτε
666 2300 727 2388 χρή
751 2300 855 2369 αὐτόν
874 2318 1024 2371 συνεῖναι
1046 2317 1114 2380 τοῖς

105 2400 234 2489 ἥρωσιν
251 2409 316 2469 είτε
337 2403 392 2469 καί
407 2402 468 2488 μή·
495 2415 707 2486 κατηγορεῖτο
728 2403 765 2470 δὲ
781 2399 887 2469 αὐτού
901 2399 951 2470 ὅτι
972 2404 1113 2489 μεμήνοι

105 2501 160 2567 καί
176 2495 296 2566 ἑαυτὸν
310 2496 501 2566 ἀποκτάνοι.
527 2501 619 2576 τέλος
635 2497 672 2565 δὲ
687 2507 821 2567 πολλιιν
838 2501 1012 2585 ῥηθέντων
1026 2506 1112 2584 ἔγνω

105 2595 124 2664 ὁ
138 2594 387 2682 Ῥαδάμανθυς,
401 2603 467 2663 νῦν
482 2598 544 2682 μὲν
559 2593 663 2662 αὐτόν
678 2596 841 2681 πιόμενον
856 2604 917 2664 τοῦ
933 2598 1111 2684 ἐλλεβόρου

106 2699 342 2781 παραδοθῆναι
366 2693 571 2781 Ἱπποκράτει
591 2703 639 2784 τῷ
658 2696 745 2786 Κρόῳ
767 2703 885 2785 ἰατρῷ,
912 2695 1054 2780 ὕστερον
1076 2697 1113 2762 δὲ

105 2794 373 2880 σωφρονήσαντα
393 2797 539 2880 μετέχειν
557 2799 618 2859 τοῦ
633 2802 830 2878 συμποσίου.
862 2797 892 2860 8.
915 2796 1053 2876 δευτέρα
1075 2791 1111 2858 δὲ
1132 2812 1181 2864 110

105 2884 150 2977 ήν
165 2898 272 2974 κρίσις
286 2890 444 2976 ἐρωτική,
460 2892 593 2976 Θησέως
608 2893 664 2958 καί
676 2891 859 2959 Μενελάου
869 2891 943 2973 περὶ
956 2897 1014 2975 τής
1023 2889 1114 2956 Ἐλέ-

106 3015 167 3075 νης
182 2991 485 3073 διαγωνιζομένων,
506 2989 634 3077 ποτέρῳ
654 2985 714 3073 χρή
734 2985 839 3075 αὐτὴν
856 3000 1035 3054 συνοικεῖν.
1059 2987 1114 3052 καί

106 3083 367 3172 ὁῬαδάμανθυς
382 3089 511 3154 ἐδίκασε
522 3086 688 3174 Μενελάῳ
703 3098 853 3151 συνεῖναι
867 3080 973 3167 αὐτήν
987 3080 1045 3149 ἀτε
1058 3083 1114 3148 καί

106 3189 253 3251 τοσαῦτα
266 3183 450 3269 πονήσαντι
465 3185 520 3250 καί
535 3182 792 3250 κινδυνεύσαντι
807 3186 868 3247 τοῦ
877 3180 989 3266 γάμου
999 3182 1111 3246 ἕνεκα·

105 3284 161 3350 καὶ
181 3280 246 3366 γάρ
263 3273 309 3348 αὐ
328 3288 373 3372 τῷ
394 3290 499 3367 Θησεῖ
515 3281 570 3348 καὶ
589 3279 691 3358 ἀλλας
713 3277 797 3346 εἶναι
818 3290 978 3364 γυναῖκας
998 3276 1059 3362 τήν
1078 3301 1111 3343 τε

103 3375 265 3466 Ἀμαζόνα
276 3380 331 3446 καί
342 3375 400 3456 τάς
410 3385 471 3445 τοῦ
482 3383 620 3455 Μίνωος
630 3377 827 3463 θυγατέρας.
851 3381 880 3443 9.
895 3380 987 3461 τρίτη
1000 3372 1031 3442 δ’
1045 3378 1111 3442 ἐδι·
