2575 3842
338 206 468 263 νωεε
488 205 589 266 ναν
610 208 854 268 Momm.
1036 182 1099 275 τοο

88 382 157 446 τοῖς
167 364 232 453 γάρ
243 378 393 452 ποιηταῖς
405 363 519 450 άγοόνα
529 374 708 450 προθεῖναι
720 365 826 454 αὐτὴν
837 373 912 452 περὶ
922 372 1098 459 ταλάντου,

89 464 180 543 ὅστις
190 460 234 530 δν
243 463 382 549 ἄμεινον
394 464 564 529 ἐπαινέσαι
582 459 756 550 αὐτηςτην
770 465 894 552 κόμην,
910 475 1016 537 καίτοι
1032 496 1100 555 φα-

89 560 196 648 λακρὰ
212 563 392 648 ἐτύγχανεν
408 553 493 628 οὖσα
509 565 563 629 καὶ
585 559 664 629 οὐδὲ
684 561 765 641 όσας
780 562 892 651 ὀλίγας
905 564 963 644 τάς
982 570 1099 655 ἑαυτῆς

88 669 200 749 τρίχας
214 667 343 748 ἔχουσα.
373 661 428 728 καὶ
444 658 533 746 όμως
547 660 636 729 οὕτω
655 667 843 752 διακειμένη
860 665 921 753 την
936 671 1098 754 κεφαλήν,

89 762 247 828 ἁπάντων
266 760 404 828 εἰδότων
419 755 469 824 ότι
486 760 521 825 έκ
537 759 643 826 νόσον
657 769 786 847 μακρᾶς
801 761 838 830 τό
853 773 1007 833 τοιοῦτον
1022 769 1098 833 ε’πε-

89 859 228 943 πόνθει,
249 854 353 944 ἤκουε
366 864 434 923 τεόν
450 858 647 940 καταράτων
662 868 809 945 ποιητῶν
823 858 1024 941 ὑακινθίνας
1038 863 1097 942 τὰς
1114 883 1167 938 487

88 961 200 1040 τρίχας
215 952 316 1040 αὐτῆς
331 952 499 1038 λεγόντοιν
510 955 565 1022 καλ
576 953 699 1033 οὔλους
708 955 801 1035 τινάς
813 959 1004 1045 πλοκάμους
1014 956 1098 1028 άνα-

89 1053 283 1122 πλεκόντων
302 1053 356 1119 καὶ
377 1057 520 1128 σελίνοις
537 1047 615 1129 τούς
632 1057 716 1138 μηδὲ
730 1052 816 1132 ὅλως
836 1053 935 1135 ὄντας
950 1059 1098 1138 είκαζόν-

89 1179 166 1220 των.
189 1157 218 1219 6.
236 1147 396 1216 ἁπάντων
411 1141 475 1214 οὖν
486 1156 553 1215 τῶν
564 1152 728 1217 τοιούτων
738 1156 896 1238 κατεγέλα
910 1161 978 1221 τῶν
993 1181 1098 1237 παρε-

89 1252 219 1338 χόντων
233 1243 357 1324 αὑτοδς
371 1261 439 1324 τοῖς
453 1247 585 1332 κόλαξι,
602 1251 657 1316 καὶ
674 1258 865 1331 προσετίθει
881 1254 918 1318 δὲ
934 1249 985 1318 ὅτι
1002 1249 1046 1338 μὴ
1062 1255 1099 1320 ἐν

89 1352 237 1423 ἐπαίνοις
258 1344 381 1430 μόνον,
409 1342 493 1412 ἀλλὰ
510 1346 565 1412 καλ
585 1346 623 1412 ἐν
641 1362 786 1432 γραφαῖς
800 1345 840 1416 τά
861 1347 960 1435 ὅμοια
982 1351 1099 1417 πολλοὶ

88 1444 336 1514 κολακεύεσθαί
362 1469 398 1510 τε
426 1446 480 1510 καὶ
505 1445 731 1522 ἐξαπατᾶσθαι
755 1450 905 1515 θέλουσι.
945 1454 1098 1534 χαίρουσι

87 1549 191 1630 γοῦν,
213 1546 294 1626 ἐφη,
317 1547 384 1607 τῶν
401 1542 559 1626 γραφέων
574 1542 713 1620 ἐκείνοις
727 1544 887 1630 μάλιστα,
910 1540 1000 1613 οἳάν
1015 1540 1098 1628 πρός

88 1639 125 1710 τό
143 1638 394 1726 εὐμορφότερον
417 1636 540 1717 αὐτοὺς
553 1638 747 1708 εἰκάσωσιν·
778 1638 862 1708 εἶναι
883 1643 923 1710 δέ
935 1669 1044 1727 τινας,
1067 1648 1101 1709 οἳ

88 1742 144 1807 καὶ
166 1737 407 1822 προστάττουσι
428 1751 496 1814 τοῖς
514 1745 673 1823 τεχνίταις
689 1736 711 1824 ἢ
726 1737 864 1824 άφελεῖν
880 1767 912 1807 τι
931 1747 988 1826 τῆς
1005 1736 1099 1828 ῥινός

87 1833 111 1924 ἢ
125 1837 310 1923 μελάντερα
325 1836 523 1920 γράψασθαι
543 1833 583 1900 τά
599 1832 729 1921 ὄμματα
744 1833 765 1922 ἢ
782 1835 803 1905 ό
818 1866 849 1905 τι
869 1833 913 1904 άν
928 1836 1009 1906 άλλο
1025 1840 1098 1906 ἐπι-

87 1935 290 2022 θυμήσωσιν
302 1932 414 2012 αὑτοῖς
424 1947 609 2019 προσεῖναι,
623 1931 691 2000 εἶτα
703 1937 890 2002 λανθάνειν
902 1931 1025 2012 αὐτοὺς
1037 1933 1099 2002 άλ-

89 2041 219 2120 λοτρίας
235 2031 365 2110 είκόνας
377 2037 627 2117 στεφανοῦντας
637 2033 693 2099 καὶ
704 2029 805 2099 οὐδὲν
816 2030 929 2110 αὐτοῖς
942 2035 1095 2109 ἐοικυίας.

89 2137 117 2201 7.
136 2139 238 2200 ταῦτα
251 2133 351 2200 δὲκαὶ
365 2129 405 2199 τά
420 2137 558 2198 τοιαῦτα
573 2134 665 2214 ἐλεγε
679 2127 719 2196 τά
736 2129 799 2215 μέν
813 2127 898 2198 άλλα
913 2132 1097 2198 ἐπαινοῦσα

87 2239 148 2300 τοῦ
168 2232 441 2317 συγγράμματος,
468 2231 506 2295 ἓν
526 2225 563 2294 δέ
583 2233 683 2294 τοῦτο
704 2225 746 2294 οὐ
762 2231 929 2314 φέρουσα,
956 2224 1008 2296 ὅτι
1027 2240 1097 2304 ταῖς

86 2342 182 2409 θεαῖς
198 2327 398 2417 αὐτὴνἭρᾳ
412 2331 467 2395 καὶ
480 2324 657 2414 Ἀφροδίτη
671 2335 821 2404 εἴκασας·
849 2325 934 2409 ὑπὲρ
950 2328 1006 2413 ἐμὲ
1019 2326 1095 2412 γάρ,

87 2435 186 2516 φησί,
208 2435 336 2514 μᾶλλον
356 2425 393 2494 δέ
409 2423 494 2509 ὑπὲρ
516 2423 652 2491 ἅπασαν
673 2422 734 2510 τὴν
750 2421 973 2511 ἀνθρωπίνην
991 2425 1097 2509 φύσιν

86 2528 126 2597 τά
144 2534 290 2595 τοιαῦτα.
314 2525 378 2612 ἐγιδ
391 2528 430 2593 δέ
443 2545 479 2592 σε
494 2523 567 2592 οὐδ’
582 2526 692 2592 ἐκεῖνα
706 2521 840 2611 ἠξίουν,
858 2539 929 2603 ταῖς
937 2521 1097 2611 ἡρωΐναις

87 2635 325 2710 παραθεωρεῖν
340 2651 380 2710 με
396 2625 577 2711 Πηνελόπη
593 2627 649 2690 καὶ
666 2621 785 2709 Ἀρήτη
804 2624 859 2690 καὶ
872 2631 1011 2704 Θεανοῖ,
1037 2619 1097 2707 οὐχ

88 2723 179 2800 ὅπως
193 2731 287 2790 θεῶν
302 2737 372 2799 ταῖς
390 2721 553 2805 ἀρίσταις·
581 2719 714 2806 καὶγὰρ
729 2714 774 2787 αὖ
793 2723 848 2790 καὶ
865 2723 957 2805 τόδε,
983 2721 1096 2802 Πάνυ,

88 2828 170 2907 ἐφη,
193 2818 233 2887 τά
250 2817 334 2904 πρός
355 2817 433 2896 τοὺς
448 2816 552 2896 θεοὺς
572 2819 826 2904 δεισιδαιμόνως
845 2824 901 2887 καὶ
921 2824 1096 2903 ψοφοδεῶς
1113 2834 1166 2888 488

88 2925 161 3006 ἔχω.
191 2921 282 2984 δέδια
297 2923 414 2984 τοίνυν
429 2915 473 3003 μὴ
492 2915 575 2984 κατά
590 2913 651 3002 τὴν
665 2919 889 2984 Κασσιέπειαν
905 2916 989 2984 εἶναι
1011 2916 1098 2994 δόξω

86 3014 148 3087 τόν
156 3023 310 3085 τοιοῦτον
319 3020 458 3083 ἔπαινον
468 3017 685 3102 προσιεμένη
698 3022 803 3082 καίτοι
811 3020 979 3099 Νηρηΐσιν
989 3016 1097 3098 ἐκείνη

87 3111 452 3202 άντεξητάζετο,Ἥραν
468 3115 505 3182 δέ
520 3117 574 3181 καὶ
587 3111 786 3200 ’Λφροδίτην
801 3119 924 3199 ἔσεβεν.
953 3118 982 3180 8.
1003 3110 1096 3197 ὥστε,

88 3209 114 3283 ὦ
131 3224 273 3298 Λυκῖνε,
289 3212 497 3298 μεταγράψαι
512 3233 549 3280 σε
563 3212 603 3280 τά
618 3219 755 3280 τοιαῦτα
772 3213 961 3295 ἐκέλευσεν,
976 3206 998 3296 ἢ
1013 3206 1096 3296 αὐτὴ

87 3315 149 3400 μέν
165 3313 401 3398 μαρτύρασθαι
418 3309 475 3391 τάς
489 3309 573 3390 θεάς
588 3308 631 3390 ὡς
645 3309 791 3396 άκοάσης
805 3306 906 3396 αὐτῆς
917 3311 1096 3396 γέγραφας,

88 3413 125 3480 σὲ
142 3411 177 3478 δὲ
200 3413 323 3480 εἰδέναι
343 3408 393 3479 ότι
414 3408 545 3483 άνιάσέι
563 3409 670 3499 αὐτὴν
689 3410 725 3478 τό
743 3416 875 3498 βιβλίον
892 3408 981 3478 οὕτω
1000 3435 1095 3494 περι-
