2575 3842
330 168 861 230 ΑΠΟΚΗΡΤΤΤΟΜΕΝΟΣ.
1058 167 1098 231 91

90 324 249 405 ἀναξίους
258 334 319 394 τοῦ
331 333 450 413 γένους
461 340 693 413 παραιτεῖσθαι
705 331 952 415 συγκεχώρηται
965 343 1033 405 τοῖς
1044 326 1098 395 ὅτε

89 420 240 507 ἠγνόουν
254 422 553 511 ἀναθρεψαμένοις.
576 432 625 493 10.
643 424 725 492 ὅταν
740 427 776 493 δὲ
790 423 833 511 μῆ
847 424 921 492 κατ’
936 424 1098 511 ἀνάγκην,

89 517 162 586 ἀλλ’
181 516 235 585 ἐπ’
255 523 405 600 ἐξουσίας
426 520 527 601 αύτός
548 551 597 603 τις
616 520 677 609 ἀφ’
699 526 821 589 ἑαυτοῦ
841 526 895 590 καὶ
916 524 1098 608 δοκιμάσας

90 615 260 705 ἀναλάβη,
274 624 323 697 τίς
334 626 381 687 ἐτι
392 619 527 706 μηχανὴ.
537 620 818 707 μεταβάλλεσθαι,
834 615 914 705 ῆτίς
928 625 975 686 ἐτι
985 629 1098 706 χρῆσις

89 711 275 793 ὑπόλοιπος
286 724 346 783 τοῦ
358 719 481 804 νόμους
504 726 586 805 φαίη
596 717 662 805 γάρ
675 714 717 785 ἀν
728 714 811 802 πρὸς
822 720 858 785 σὲ
869 714 887 786 ὁ
899 721 1095 804 νομοθέτης,
1116 730 1164 785 168

89 820 132 880 Ee
145 811 293 899 πονηρὸς
314 807 412 894 οὗτος
430 811 475 902 ῆν
497 820 551 884 καὶ
571 823 631 883 τοῦ
647 814 925 901 ἀποκηρυχθῆναι
940 815 1043 900 ἀξιος,
1067 822 1100 881 τί
1172 877 1181 902 ,

90 909 214 979 παθόν
236 908 424 994 ἀνεκάλειςς
445 920 479 982 τί
491 911 523 981 δ’
541 907 643 990 αὖθις
664 915 825 998 ἐπανῆγες
845 915 878 991 ἐς
894 912 955 999 τῆν
971 919 1096 991 οἰκίανς

89 1014 122 1074 τί
136 1004 169 1073 δ’
186 1013 281 1086 ἔλυες
299 1006 360 1076 τὸν
375 1012 498 1097 νόμους
517 1012 695 1094 ἐλεύθερος
711 1008 776 1095 γάρ
796 1002 888 1095 ἦσθα
904 1013 1034 1078 καὶτοῦ
1051 1006 1095 1095 μὴ

88 1118 196 1172 ποιεῖν
207 1113 310 1174 ταῦτα
322 1107 447 1188 κύριος.
470 1105 511 1174 ού
521 1111 586 1192 γάρ
601 1104 641 1193 δῆ
654 1109 824 1193 ἐντρυφᾶν
836 1128 888 1175 σοι
903 1112 1019 1176 δοτέον
1030 1120 1097 1185 τοῖς

87 1206 207 1290 νόμοις
225 1202 304 1272 οὐδὲ
318 1204 401 1291 πρδς
418 1204 476 1285 τάς
493 1206 554 1285 σάς
568 1203 751 1292 μεταβολάς
765 1207 972 1291 συνάγεσθαι
986 1204 1025 1273 τά
1044 1209 1096 1273 δι-

88 1302 251 1388 καστήρια
268 1301 347 1371 οὐδὲ
367 1304 441 1392 άρτι
457 1308 518 1391 μέν
539 1304 682 1373 λύεσθαι
702 1301 775 1389 άρτι
799 1306 835 1370 δὲ
856 1313 993 1388 κυρίους
1011 1302 1095 1371 εἶναι

87 1401 167 1480 τούς
188 1402 330 1488 νόμους,
363 1406 417 1471 καὶ
439 1402 518 1481 τούς
537 1401 694 1481 δικαστάς
715 1410 887 1488 καθῆσθαι
914 1401 1094 1487 μάρτυρας,

87 1500 270 1585 μᾶλλονδὲ
291 1498 455 1585 ὑπηρέτας
469 1508 537 1567 των
554 1504 605 1567 σοὶ
626 1500 819 1568 δοκούντων
840 1495 894 1565 ὁτὲ
915 1499 976 1583 μὲν
993 1499 1094 1565 κολά-

89 1603 204 1676 ζοντας
219 1594 273 1663 ὁτὲ
288 1597 323 1665 δὲ
335 1598 604 1682 διαλλάττοντας,
620 1596 747 1663 ὁπόταν
758 1616 811 1664 σοι
823 1600 914 1684 δοκῆ.
936 1594 1023 1674 ἅπαξ
1037 1620 1094 1679 γε·

88 1697 266 1779 γέννηκας,
283 1692 370 1773 άπαξ
382 1693 622 1780 ἀνατέτροφας,
639 1692 725 1773 ἀπαξ
735 1696 789 1761 καὶ
800 1691 836 1761 τδ
852 1692 1093 1780 ἀποκηρύττειν

87 1789 163 1858 ἀντὶ
177 1790 308 1857 τούτων
322 1797 419 1877 ἔχεις,
435 1794 490 1860 καὶ
503 1792 593 1875 τότε,
608 1788 651 1877 ῆν
666 1796 800 1868 δικαίως
815 1788 894 1857 αύτδ
912 1805 1021 1858 ποιεῖν
1036 1795 1094 1855 δο-

87 1895 163 1976 κῆς·
181 1885 217 1954 τό
231 1886 261 1954 δ’
274 1885 447 1957 άπαυστον
456 1896 553 1957 τοῦτο
564 1891 618 1955 καὶ
627 1886 738 1954 ἀίδιον
749 1890 803 1955 καὶ
812 1886 899 1955 πολύ
908 1890 963 1955 καὶ
976 1887 1094 1977 ῥηίδιον

10 2071 11 2074 ¹
85 1991 200 2071 μεῖζον
215 1983 279 2071 ἤδη
290 1994 348 2072 τῆς
358 1994 516 2073 πατρικῆς
527 1990 616 2053 ἐστιν
629 1987 788 2063 ἐξουσίας.
811 1990 859 2051 ll.
878 1982 922 2070 μῆ
938 1982 995 2070 δῆ,
1012 1982 1094 2069 πρὸς

85 2082 189 2166 Διός,
213 2075 374 2169 ἀάνδρες
389 2089 554 2167 δικασταί,
579 2081 811 2167 συγχωρήσητε
828 2080 917 2168 αύτῷ
936 2082 1093 2147 ἑκούσιον

84 2179 150 2268 τῆν
163 2178 333 2266 ἀνάληψιν
354 2183 563 2271 πεποιημένῳ
583 2181 639 2247 καὶ
659 2178 796 2246 λύσαντι
810 2176 871 2263 τῆν
890 2184 1016 2263 γνῶσιν
1032 2183 1093 2243 τού

10 2271 11 2280 ³
85 2282 191 2349 πάλαι
208 2284 420 2366 δικαστηρίου
432 2284 486 2349 καὶ
502 2278 712 2364 ἀκυράσαντι
726 2276 787 2363 τῆν
803 2275 908 2364 ὀργῆν
918 2270 1020 2355 αὖθις
1031 2272 1093 2362 τῆν

85 2376 196 2463 αύτῆν
211 2386 371 2464 τιμωρίαν
386 2377 565 2447 ἀνακαλεῖν
581 2380 635 2443 καὶ
652 2378 704 2442 ἐπὶ
716 2371 777 2461 τῆν
788 2378 941 2454 ἐξουσίαν
956 2372 1017 2461 τῆν
1028 2399 1093 2441 πα-

84 2473 207 2563 τρικῆν
218 2473 419 2562 ἀνατρέχειν,
430 2470 470 2563 ῆς
481 2481 601 2562 ἐξωρος
611 2473 674 2560 ἤδη
686 2477 741 2541 καὶ
749 2473 880 2561 ἕωλοςῆ
892 2481 1092 2561 προθεσμία,

85 2577 143 2643 καὶ
162 2574 256 2665 μόνῳ
277 2576 385 2665 τούτῳ
411 2576 535 2658 ἄκυρος
556 2574 610 2642 καὶ
631 2578 964 2660 προδεδαπανημένη·
995 2571 1093 2657 ὁρᾶτε

84 2676 151 2762 γάρ
168 2699 237 2741 που
251 2677 305 2741 καί
320 2676 435 2752 ἐντοῖς
447 2673 558 2750 ἄλλοις
574 2676 795 2758 δικαστηρίοις
811 2671 855 2751 ὡς
871 2670 935 2740 ἀπὸ
951 2672 1014 2758 μέν
1025 2680 1092 2739 τῶν
1111 2692 1160 2747 169

84 2772 198 2862 κλῆρφ
210 2772 381 2857 λαχόντων
394 2778 574 2856 δικαστῶν,
590 2769 634 2857 ῆν
647 2798 696 2849 τις
707 2770 823 2839 ἀδικον
836 2782 942 2856 οἴηται
953 2777 1092 2856 γεγενῆ-

86 2881 168 2938 σθαι
187 2868 248 2955 τὴν
263 2875 389 2955 κρίσιν,
408 2874 543 2937 δίδωσιν
559 2867 578 2937 ὁ
594 2870 697 2954 νόμος
709 2876 754 2949 είς
765 2873 878 2954 ἕτερον
894 2872 1022 2952 ἐφεῖναι
1039 2872 1091 2932 δι-

85 2969 281 3052 καστήριον·
308 2964 353 3054 ῆν
374 2972 414 3036 δέ
424 2994 512 3047 τινες
528 2968 659 3045 ἑκόντες
679 2965 772 3035 αὐτοὶ
787 2969 982 3035 σύνθωνται
996 2970 1091 3031 δικα-

86 3065 166 3145 στάς
186 3069 239 3133 καὶ
262 3068 481 3154 προελόμενοι
503 3070 700 3148 ἐπιτρέψωσι
722 3068 868 3150 διαιτᾶν,
891 3061 1009 3130 ούκέτι.
1041 3056 1090 3139 οἷς

86 3163 150 3250 γάρ
174 3168 250 3250 ἐξῆν
272 3164 355 3251 μηδὲ
373 3166 436 3250 τῆν
450 3163 556 3251 ἀρχὴν
575 3168 744 3251 ἐμμένειν,
768 3169 797 3231 εί
810 3162 949 3238 τούτους
963 3187 1012 3237 τις
1026 3157 1090 3226 αύ-

86 3269 241 3347 θαίρετος
257 3266 379 3346 είλετο,
398 3265 546 3349 στέργειν
561 3266 628 3331 ἐστὶ
639 3268 765 3339 δίκαιος
776 3274 843 3339 τοίς
859 3261 1088 3345 ἐγνωσμένοις.

88 3357 175 3425 οὕτω
190 3357 230 3445 δὴ
251 3362 305 3428 καὶ
327 3361 387 3445 σύ,
415 3357 455 3428 δν
470 3364 545 3447 ἐξῆν
560 3359 674 3447 μηκέτ’
701 3359 966 3448 ἀναλαμβάνειν,
989 3368 1022 3429 εἴ
1038 3379 1091 3426 σοι
