2575 3842
104 739 224 835 ΠῼΣ
254 738 353 807 Am
380 739 657 808 ΙΣΤΟΡΙΑΝ
681 739 1057 808 ΣΥΓΓΡΑΦΕΙΝ.

1092 945 1148 986 ποίει,

159 1030 188 1092 l.
208 1015 438 1141 Ἀβδηρίταις
454 1026 536 1107 φασί
553 1023 749 1109 Λυσιμάχου
765 1021 829 1109 ἤδη
849 987 1141 1111 βασιλεύοντοςηύ

41 1124 229 1207 ἐμπεσεῖν
245 1152 276 1194 τι
291 1123 437 1208 νόσημα,
453 1148 479 1190 ω
468 1114 575 1190 καλὲ
585 1130 722 1207 Φίλων,
739 1130 884 1190 τοιοῦτο·
907 1125 1081 1208 πυρέττειν

40 1242 41 1368 ρ
75 1218 135 1304 μὲν
156 1216 221 1305 γάρ
241 1217 281 1287 τά
299 1225 412 1304 πρώτα
434 1217 640 1304 πανδημεὶ’
619 1244 767 1297 απαντας
787 1216 851 1286 άπδ
872 1228 929 1304 τῆς
949 1220 1081 1305 πρώτης

39 1401 40 1414 ρ
40 1316 180 1397 εὐθύς
197 1321 391 1404 ἐρρωμένως
411 1319 466 1386 καὶ
481 1327 615 1400 λιπαρεῖ
631 1325 678 1408 τῷ
699 1324 848 1408 πυρετῷ,
874 1320 949 1402 περὶ
964 1318 1000 1384 δὲ
1020 1315 1081 1402 την

39 1417 40 1422 ’
77 1417 221 1502 ἑβδόμην
235 1411 610 1536 τοίςμὲναῖμαπολδέκ
623 1419 728 1501 ῥινῶν
741 1419 839 1501 ῥυέν,
857 1413 968 1494 τοίςδ’
983 1414 1116 1497 ίδρώςη

77 1513 324 1599 ἐπιγενόμενος,
347 1510 451 1591 πολύς
467 1515 520 1580 καί
541 1504 655 1596 οὗτος,
678 1509 825 1580 έλυσε
791 1539 850 1580 τον
871 1514 1026 1598 πυρετόν.
1049 1516 1082 1590 ές

75 1618 206 1694 γελοίου
222 1612 260 1676 δέ
274 1636 305 1675 τι
319 1610 430 1686 πάθος
442 1616 591 1694 περιίστα
602 1607 662 1688 τάς
675 1609 810 1695 γνώμας
821 1606 948 1676 αὐτῶν·
971 1607 1080 1676 άπαν-

37 1787 38 1792 ,
75 1733 125 1785 τες
135 1709 200 1793 γὰρ
216 1709 248 1785 ές
261 1712 450 1797 τραγῳδίαν
460 1713 665 1792 παρεκίνουν
680 1710 734 1775 καὶ
748 1713 879 1793 ἰαμβεῖα
891 1707 1080 1792 ἐφθέγγον-

75 1829 110 1870 το
128 1807 184 1872 καὶ
200 1808 284 1890 μέγα
301 1806 425 1892 ἐβόων,
448 1805 589 1890 μάλιστα
606 1807 642 1872 δὲ
662 1803 723 1890 την
737 1801 925 1890 Εὐριπίδου
943 1799 1080 1888 Ἀνδρο-

76 1906 178 1988 μέδαυ
195 1903 390 1992 ἐμονῴδουν
406 1907 461 1971 καὶ
481 1900 543 1988 τὴν
563 1911 624 1970 τοῦ
639 1906 793 1984 Περσέως
812 1905 911 1989 ῥῆσιν
932 1903 969 1968 έν
989 1903 1080 1986 μέρει

76 2000 263 2088 διεξῄεσαν,
289 2003 342 2068 καί
363 1997 462 2086 μεστὴ
486 1993 530 2086 ἦν
555 1997 691 2085 ἡπόλις
713 1996 828 2082 ώχρών
847 1996 1006 2064 ἁπάντων
1026 1999 1080 2063 καὶ

76 2104 203 2166 λεπτών
217 2103 285 2163 τών
301 2099 487 2184 ἑβδομαίων
505 2101 641 2166 ἐκείνων
656 2099 847 2185 τραγῳδεῖν,

200 2191 243 2259 σύ
260 2190 290 2262 δ’
308 2187 442 2263 ώθεών
457 2196 602 2281 τύραννε
616 2192 831 2278 κάνθρώπων
838 2189 954 2276 Ἔρως,

76 2294 127 2360 καὶ
150 2289 190 2360 τά
216 2289 299 2361 άλλα
321 2292 447 2380 μεγάλη
467 2300 507 2380 τῇ
531 2300 628 2380 φωνῇ
654 2289 879 2377 ἀναβοώντων
901 2290 956 2356 καὶ
981 2293 1079 2357 τοῦτο

76 2393 126 2458 ἐπὶ
140 2389 244 2475 πολύ,
265 2388 340 2476 άχρι
357 2388 396 2476 δὴ
412 2389 536 2478 χειμών
550 2393 605 2457 καί
625 2390 727 2475 κρύος
742 2388 777 2456 δὲ
792 2389 876 2474 μέγα
895 2386 1081 2472 γενόμενον

76 2495 196 2562 ἔπαυσε
212 2493 397 2571 ληροῦντας
412 2485 544 2566 αύτούς.
576 2493 684 2555 αίτίαν
700 2490 738 2570 δέ
751 2511 806 2571 μοι
824 2491 918 2553 δοκεῖ
935 2493 995 2553 τοῦ
1010 2512 1081 2554 τοι·

76 2584 177 2672 ούτου
186 2598 367 2668 παρασχεῖν
378 2582 550 2670 Ἀρχέλαος
560 2581 578 2651 ὁ
590 2584 777 2674 τραγῳδός,
792 2581 979 2670 εὐδοκιμῶν
993 2583 1077 2665 τότε,
1097 2599 1115 2652 3

75 2687 254 2764 μεσοῦντος
268 2683 392 2766 θέρους
407 2683 444 2748 έν
455 2689 567 2771 πολλῷ
582 2689 626 2767 τῷ
640 2687 779 2770 φλογμῷ
790 2679 1004 2770 τραγῳδήσας
1017 2675 1079 2753 αύ-

74 2791 139 2856 τοίς
154 2777 215 2861 τὴν
233 2775 472 2865 Ἀνδρομέδαν,
499 2775 697 2864 ώςπυρέξαι
715 2805 751 2846 τε
770 2775 834 2844 άπδ
857 2785 916 2844 τοῦ
930 2779 1078 2857 θεάτρου

75 2873 150 2952 τούς
165 2871 310 2951 πολλούς
326 2877 379 2942 καί
394 2873 600 2956 ἀναστάντας
617 2874 759 2960 ὕστερον
774 2879 806 2954 ές
817 2875 878 2961 τὴν
892 2878 1078 2963 τραγφδίαν

75 2976 365 3056 παρολισθαίνειν,
390 2974 442 3039 ε’πί
456 2970 544 3040 πολύ
563 2974 855 3060 ἐμφιλοχωρούσης
868 2978 925 3056 τῆς
942 2967 1079 3051 Ἀνδρο-

75 3071 171 3152 μέθας
188 3073 227 3154 τῇ
242 3068 354 3188 μνήμη
368 3066 480 3137 αύτών
493 3073 548 3138 καί
563 3097 624 3139 του
610 3075 825 3154 Περσέως”
807 3095 853 3135 ετι
868 3069 932 3134 σύν
950 3094 989 3155 τη
975 3075 1080 3184 Με-

76 3162 227 3251 δούση
192 3190 255 3247 την
271 3165 413 3233 εκάστου
429 3168 568 3254 γνώμην
583 3172 854 3252 περιπετομένου.

156 3267 187 3328 2.
203 3258 261 3338 Ως
272 3286 336 3327 ουν
348 3289 398 3348 εν,
413 3273 532 3351 φασίν,
545 3267 580 3332 έν
581 3268 827 3353 λπαραβαλείν,
843 3259 879 3329 τδ
895 3256 1089 3370 Affi’wffl]

77 3355 136 3427 κδν
150 3363 256 3424 ε”κείνο
253 3359 385 3507 τΙιΙάθος
401 3363 456 3428 καὶ
477 3369 542 3429 νῦν
556 3359 634 3439 τούς
649 3358 795 3440 πολλούς
814 3365 882 3430 τών
897 3354 1089 3512 πὶπαιδευ

156 3465 259 3504 nucum.
