<?xml version="1.0" encoding="UTF-8"?>
<!DOCTYPE html PUBLIC "-//W3C//DTD XHTML 1.0 Transitional//EN"
    "http://www.w3.org/TR/xhtml1/DTD/xhtml1-transitional.dtd">
<html xmlns="http://www.w3.org/1999/xhtml" xml:lang="en" lang="en">
 <head>
  <title>
</title>
<meta http-equiv="Content-Type" content="text/html;charset=utf-8" />
  <meta name='ocr-system' content='tesseract 3.04.00' />
  <meta name='ocr-capabilities' content='ocr_page ocr_carea ocr_par ocr_line ocrx_word'/>
</head>
<body>
  <div class='ocr_page' id='page_1' title='image "./operaadoptimoru00jacogoog/operaadoptimoru00jacogoog_0186.png"; bbox 0 0 2575 3842; ppageno 0'>
   <div class='ocr_carea' id='block_1_1' title="bbox 180 220 1287 303">
    <p class='ocr_par' dir='ltr' id='par_1_1' title="bbox 180 220 1287 303">
     <span class='ocr_line' id='line_1_1' title="bbox 180 220 1287 303; baseline -0.007 -11"><span class='ocrx_word' id='word_1_1' title='bbox 180 230 242 293; x_wconf 84' lang='grc' dir='ltr'><strong><em>ιοο</em></strong></span> <span class='ocrx_word' id='word_1_2' title='bbox 526 231 826 290; x_wconf 73' lang='grc' dir='ltr'><strong><em>Λουκικωον</em></strong></span> <span class='ocrx_word' id='word_1_3' title='bbox 1286 220 1287 303; x_wconf 63' lang='grc' dir='ltr'><strong><em>η</em></strong></span> 
     </span>
    </p>
   </div>
   <div class='ocr_carea' id='block_1_2' title="bbox 107 386 1287 3315">
    <p class='ocr_par' dir='ltr' id='par_1_2' title="bbox 107 386 1287 3315">
     <span class='ocr_line' id='line_1_2' title="bbox 178 386 1190 478; baseline -0.005 -18"><span class='ocrx_word' id='word_1_4' title='bbox 178 398 351 476; x_wconf 81' lang='grc' dir='ltr'><strong><em>Γλαῦκον,</em></strong></span> <span class='ocrx_word' id='word_1_5' title='bbox 369 389 431 478; x_wconf 79' lang='grc' dir='ltr'><strong><em>τὴν</em></strong></span> <span class='ocrx_word' id='word_1_6' title='bbox 448 395 618 458; x_wconf 84' lang='grc' dir='ltr'><strong><em>Πολυΐδου</em></strong></span> <span class='ocrx_word' id='word_1_7' title='bbox 632 388 813 476; x_wconf 78' lang='grc' dir='ltr'><strong><em>μαντικήν,</em></strong></span> <span class='ocrx_word' id='word_1_8' title='bbox 829 386 889 455; x_wconf 83' lang='grc' dir='ltr'><strong><em>τὸν</em></strong></span> <span class='ocrx_word' id='word_1_9' title='bbox 906 390 1020 472; x_wconf 88' lang='grc' dir='ltr'><strong><em>Τάλω,</em></strong></span> <span class='ocrx_word' id='word_1_10' title='bbox 1035 386 1095 455; x_wconf 85' lang='grc' dir='ltr'><strong><em>τόν</em></strong></span> <span class='ocrx_word' id='word_1_11' title='bbox 1108 397 1190 473; x_wconf 83' lang='grc' dir='ltr'><strong><em>χαλ·-</em></strong></span> 
     </span>
     <span class='ocr_line' id='line_1_3' title="bbox 110 482 1190 576; baseline -0.005 -18"><span class='ocrx_word' id='word_1_12' title='bbox 110 503 162 559; x_wconf 75' lang='grc'><strong><em>297</em></strong></span> <span class='ocrx_word' id='word_1_13' title='bbox 181 496 267 555; x_wconf 85' lang='grc' dir='ltr'><strong><em>κοῦν</em></strong></span> <span class='ocrx_word' id='word_1_14' title='bbox 276 497 334 574; x_wconf 81' lang='grc' dir='ltr'><strong><em>τῆς</em></strong></span> <span class='ocrx_word' id='word_1_15' title='bbox 343 489 476 576; x_wconf 82' lang='grc' dir='ltr'><strong><em>Κρήτης</em></strong></span> <span class='ocrx_word' id='word_1_16' title='bbox 487 493 678 570; x_wconf 78' lang='grc' dir='ltr'><strong><em>περίπολον.</em></strong></span> <span class='ocrx_word' id='word_1_17' title='bbox 698 491 748 553; x_wconf 89' lang='grc'><strong>50.</strong></span> <span class='ocrx_word' id='word_1_18' title='bbox 766 482 830 553; x_wconf 84' lang='grc' dir='ltr'><strong><em>κάν</em></strong></span> <span class='ocrx_word' id='word_1_19' title='bbox 842 492 887 564; x_wconf 85' lang='grc' dir='ltr'><strong><em>είς</em></strong></span> <span class='ocrx_word' id='word_1_20' title='bbox 898 492 1062 555; x_wconf 73' lang='grc' dir='ltr'><strong><em>Αἰτωλίαν</em></strong></span> <span class='ocrx_word' id='word_1_21' title='bbox 1073 490 1190 571; x_wconf 87' lang='grc' dir='ltr'><strong><em>μετέλ-</em></strong></span> 
     </span>
     <span class='ocr_line' id='line_1_4' title="bbox 179 582 1187 673; baseline -0.005 -20"><span class='ocrx_word' id='word_1_22' title='bbox 179 596 255 673; x_wconf 86' lang='grc' dir='ltr'><strong><em>θης,</em></strong></span> <span class='ocrx_word' id='word_1_23' title='bbox 270 584 368 655; x_wconf 84' lang='grc' dir='ltr'><strong><em>κάκεί</em></strong></span> <span class='ocrx_word' id='word_1_24' title='bbox 377 584 514 671; x_wconf 79' lang='grc' dir='ltr'><strong><em>πολλάὴ</em></strong></span> <span class='ocrx_word' id='word_1_25' title='bbox 528 584 660 669; x_wconf 79' lang='grc' dir='ltr'><strong><em>ὄρχησις</em></strong></span> <span class='ocrx_word' id='word_1_26' title='bbox 671 584 929 671; x_wconf 79' lang='grc' dir='ltr'><strong><em>καταλαμβάνει,</em></strong></span> <span class='ocrx_word' id='word_1_27' title='bbox 943 582 1005 669; x_wconf 77' lang='grc' dir='ltr'><strong><em>τὴν</em></strong></span> <span class='ocrx_word' id='word_1_28' title='bbox 1017 582 1187 667; x_wconf 91' lang='grc' dir='ltr'><strong><em>Ἀλθαίαν,</em></strong></span> 
     </span>
     <span class='ocr_line' id='line_1_5' title="bbox 179 678 1188 769; baseline -0.004 -19"><span class='ocrx_word' id='word_1_29' title='bbox 179 681 239 750; x_wconf 84' lang='grc' dir='ltr'><strong><em>τόν</em></strong></span> <span class='ocrx_word' id='word_1_30' title='bbox 256 688 471 769; x_wconf 77' lang='grc' dir='ltr'><strong><em>Μελέαγρον,</em></strong></span> <span class='ocrx_word' id='word_1_31' title='bbox 488 680 550 768; x_wconf 81' lang='grc' dir='ltr'><strong><em>τὴν</em></strong></span> <span class='ocrx_word' id='word_1_32' title='bbox 569 681 784 767; x_wconf 78' lang='grc' dir='ltr'><strong><em>Ἀταλάντην,</em></strong></span> <span class='ocrx_word' id='word_1_33' title='bbox 799 678 859 748; x_wconf 89' lang='grc' dir='ltr'><strong><em>τὸν</em></strong></span> <span class='ocrx_word' id='word_1_34' title='bbox 874 681 994 765; x_wconf 91' lang='grc' dir='ltr'><strong><em>δαλόν,</em></strong></span> <span class='ocrx_word' id='word_1_35' title='bbox 1012 683 1067 749; x_wconf 81' lang='grc' dir='ltr'><strong><em>καὶ</em></strong></span> <span class='ocrx_word' id='word_1_36' title='bbox 1083 704 1188 747; x_wconf 86' lang='grc' dir='ltr'><strong><em>ποτα-</em></strong></span> 
     </span>
     <span class='ocr_line' id='line_1_6' title="bbox 180 776 1287 871; baseline -0.004 -24"><span class='ocrx_word' id='word_1_37' title='bbox 180 786 246 867; x_wconf 85' lang='grc' dir='ltr'><strong><em>μοῦ</em></strong></span> <span class='ocrx_word' id='word_1_38' title='bbox 257 778 522 871; x_wconf 81' lang='grc' dir='ltr'><strong><em>καλᾙρακλέους</em></strong></span> <span class='ocrx_word' id='word_1_39' title='bbox 532 780 642 865; x_wconf 87' lang='grc' dir='ltr'><strong><em>πάλην</em></strong></span> <span class='ocrx_word' id='word_1_40' title='bbox 653 779 892 864; x_wconf 83' lang='grc' dir='ltr'><strong><em>καὶΣειρήνωυ</em></strong></span> <span class='ocrx_word' id='word_1_41' title='bbox 901 782 1033 864; x_wconf 89' lang='grc' dir='ltr'><strong><em>γένεσιν</em></strong></span> <span class='ocrx_word' id='word_1_42' title='bbox 1042 781 1097 845; x_wconf 83' lang='grc' dir='ltr'><strong><em>καὶ</em></strong></span> <span class='ocrx_word' id='word_1_43' title='bbox 1107 776 1189 862; x_wconf 67' lang='lat' dir='ltr'><em>&#39;Exc-</em></span> <span class='ocrx_word' id='word_1_44' title='bbox 1286 852 1287 869; x_wconf 20' lang='lat'>2</span> 
     </span>
     <span class='ocr_line' id='line_1_7' title="bbox 179 874 1188 963; baseline -0.002 -20"><span class='ocrx_word' id='word_1_45' title='bbox 179 877 295 945; x_wconf 88' lang='grc' dir='ltr'><strong><em>νάδων</em></strong></span> <span class='ocrx_word' id='word_1_46' title='bbox 316 876 477 945; x_wconf 79' lang='grc' dir='ltr'><strong><em>ἀνάδοσιν</em></strong></span> <span class='ocrx_word' id='word_1_47' title='bbox 494 880 549 945; x_wconf 82' lang='grc' dir='ltr'><strong><em>καὶ</em></strong></span> <span class='ocrx_word' id='word_1_48' title='bbox 563 876 643 963; x_wconf 82' lang='grc' dir='ltr'><strong><em>μετὰ</em></strong></span> <span class='ocrx_word' id='word_1_49' title='bbox 660 876 721 962; x_wconf 81' lang='grc' dir='ltr'><strong><em>τὴν</em></strong></span> <span class='ocrx_word' id='word_1_50' title='bbox 735 883 858 962; x_wconf 89' lang='grc' dir='ltr'><strong><em>μανίαν</em></strong></span> <span class='ocrx_word' id='word_1_51' title='bbox 876 874 1079 962; x_wconf 78' lang='grc' dir='ltr'><strong><em>Ἀλκμέωνος</em></strong></span> <span class='ocrx_word' id='word_1_52' title='bbox 1093 884 1188 959; x_wconf 82' lang='grc' dir='ltr'><strong><em>οίκη-</em></strong></span> 
     </span>
     <span class='ocr_line' id='line_1_8' title="bbox 180 967 1287 1063; baseline -0.005 -18"><span class='ocrx_word' id='word_1_53' title='bbox 180 999 251 1045; x_wconf 89' lang='grc' dir='ltr'><strong><em>σιν·</em></strong></span> <span class='ocrx_word' id='word_1_54' title='bbox 274 976 342 1045; x_wconf 77' lang='grc' dir='ltr'><strong><em>εἶτα</em></strong></span> <span class='ocrx_word' id='word_1_55' title='bbox 357 980 491 1046; x_wconf 85' lang='grc' dir='ltr'><strong><em>Νέσσον</em></strong></span> <span class='ocrx_word' id='word_1_56' title='bbox 505 979 560 1046; x_wconf 85' lang='grc' dir='ltr'><strong><em>καὶ</em></strong></span> <span class='ocrx_word' id='word_1_57' title='bbox 570 982 772 1061; x_wconf 75' lang='grc' dir='ltr'><strong><em>Δηιανείρας</em></strong></span> <span class='ocrx_word' id='word_1_58' title='bbox 787 980 1001 1063; x_wconf 83' lang='grc' dir='ltr'><strong><em>ζηλοτυπίαν,</em></strong></span> <span class='ocrx_word' id='word_1_59' title='bbox 1017 972 1072 1061; x_wconf 78' lang='grc' dir='ltr'><strong><em>ἐφ’</em></strong></span> <span class='ocrx_word' id='word_1_60' title='bbox 1090 967 1112 1062; x_wconf 79' lang='grc' dir='ltr'><strong><em>ἦ</em></strong></span> <span class='ocrx_word' id='word_1_61' title='bbox 1125 974 1188 1059; x_wconf 82' lang='grc' dir='ltr'><strong><em>τὴν</em></strong></span> <span class='ocrx_word' id='word_1_62' title='bbox 1286 1040 1287 1055; x_wconf 55' lang='grc'><strong><em>,</em></strong></span> 
     </span>
     <span class='ocr_line' id='line_1_9' title="bbox 108 1072 1187 1164; baseline -0.008 -17"><span class='ocrx_word' id='word_1_63' title='bbox 108 1142 112 1147; x_wconf 84' lang='grc'><strong>.</strong></span> <span class='ocrx_word' id='word_1_64' title='bbox 180 1077 442 1164; x_wconf 81' lang='grc' dir='ltr'><strong><em>ένΟίτηπυράν.</em></strong></span> <span class='ocrx_word' id='word_1_65' title='bbox 466 1082 516 1145; x_wconf 90' lang='grc'><strong>51.</strong></span> <span class='ocrx_word' id='word_1_66' title='bbox 533 1082 597 1161; x_wconf 80' lang='grc' dir='ltr'><strong><em>ἔχει</em></strong></span> <span class='ocrx_word' id='word_1_67' title='bbox 608 1078 663 1143; x_wconf 81' lang='grc' dir='ltr'><strong><em>καὶ</em></strong></span> <span class='ocrx_word' id='word_1_68' title='bbox 675 1075 790 1164; x_wconf 78' lang='grc' dir='ltr'><strong><em>Θρηίκη</em></strong></span> <span class='ocrx_word' id='word_1_69' title='bbox 801 1072 907 1142; x_wconf 85' lang='grc' dir='ltr'><strong><em>πολλά</em></strong></span> <span class='ocrx_word' id='word_1_70' title='bbox 918 1082 963 1164; x_wconf 76' lang='grc' dir='ltr'><strong><em>τῷ</em></strong></span> <span class='ocrx_word' id='word_1_71' title='bbox 974 1072 1187 1161; x_wconf 78' lang='grc' dir='ltr'><strong><em>ὀρχησομένῳ</em></strong></span> 
     </span>
     <span class='ocr_line' id='line_1_10' title="bbox 179 1165 1287 1273; baseline -0.008 -32"><span class='ocrx_word' id='word_1_72' title='bbox 179 1172 361 1258; x_wconf 88' lang='grc' dir='ltr'><strong><em>άναγκαία,</em></strong></span> <span class='ocrx_word' id='word_1_73' title='bbox 383 1172 443 1240; x_wconf 81' lang='grc' dir='ltr'><strong><em>τόν</em></strong></span> <span class='ocrx_word' id='word_1_74' title='bbox 458 1171 597 1258; x_wconf 82' lang='grc' dir='ltr'><strong><em>Ὀρφέα,</em></strong></span> <span class='ocrx_word' id='word_1_75' title='bbox 614 1170 680 1246; x_wconf 76' lang='grc' dir='ltr'><strong><em>,τόν</em></strong></span> <span class='ocrx_word' id='word_1_76' title='bbox 695 1174 825 1239; x_wconf 84' lang='grc' dir='ltr'><strong><em>ἐκείνου</em></strong></span> <span class='ocrx_word' id='word_1_77' title='bbox 840 1167 1038 1256; x_wconf 86' lang='grc' dir='ltr'><strong><em>σπαραγμόν</em></strong></span> <span class='ocrx_word' id='word_1_78' title='bbox 1056 1170 1111 1237; x_wconf 81' lang='grc' dir='ltr'><strong><em>καὶ</em></strong></span> <span class='ocrx_word' id='word_1_79' title='bbox 1125 1165 1188 1252; x_wconf 79' lang='grc' dir='ltr'><strong><em>τὴν</em></strong></span> <span class='ocrx_word' id='word_1_80' title='bbox 1286 1192 1287 1273; x_wconf 62' lang='grc' dir='ltr'><strong><em>η</em></strong></span> 
     </span>
     <span class='ocr_line' id='line_1_11' title="bbox 141 1264 1287 1357; baseline -0.005 -18"><span class='ocrx_word' id='word_1_81' title='bbox 141 1319 144 1322; x_wconf 96' lang='grc'>-</span> <span class='ocrx_word' id='word_1_82' title='bbox 179 1271 284 1339; x_wconf 81' lang='grc' dir='ltr'><strong><em>λάλον</em></strong></span> <span class='ocrx_word' id='word_1_83' title='bbox 298 1268 402 1337; x_wconf 84' lang='grc' dir='ltr'><strong><em>αὐτοῦ</em></strong></span> <span class='ocrx_word' id='word_1_84' title='bbox 417 1267 569 1356; x_wconf 82' lang='grc' dir='ltr'><strong><em>κεφαλὴν</em></strong></span> <span class='ocrx_word' id='word_1_85' title='bbox 582 1267 643 1354; x_wconf 76' lang='grc' dir='ltr'><strong><em>τὴν</em></strong></span> <span class='ocrx_word' id='word_1_86' title='bbox 655 1272 876 1337; x_wconf 82' lang='grc' dir='ltr'><strong><em>ἐπιπλέουσαν</em></strong></span> <span class='ocrx_word' id='word_1_87' title='bbox 890 1274 929 1355; x_wconf 78' lang='grc' dir='ltr'><strong><em>τῇ</em></strong></span> <span class='ocrx_word' id='word_1_88' title='bbox 940 1267 1042 1357; x_wconf 80' lang='grc' dir='ltr'><strong><em>λύρᾳ,</em></strong></span> <span class='ocrx_word' id='word_1_89' title='bbox 1058 1267 1112 1333; x_wconf 83' lang='grc' dir='ltr'><strong><em>καὶ</em></strong></span> <span class='ocrx_word' id='word_1_90' title='bbox 1125 1264 1187 1331; x_wconf 84' lang='grc' dir='ltr'><strong><em>τὸν</em></strong></span> <span class='ocrx_word' id='word_1_91' title='bbox 1286 1278 1287 1333; x_wconf 64' lang='grc' dir='ltr'><strong>ἓ</strong></span> 
     </span>
     <span class='ocr_line' id='line_1_12' title="bbox 179 1363 1185 1452; baseline -0.008 -18"><span class='ocrx_word' id='word_1_92' title='bbox 179 1363 289 1452; x_wconf 80' lang='grc' dir='ltr'><strong><em>Αἷμον</em></strong></span> <span class='ocrx_word' id='word_1_93' title='bbox 313 1370 367 1433; x_wconf 82' lang='grc' dir='ltr'><strong><em>καὶ</em></strong></span> <span class='ocrx_word' id='word_1_94' title='bbox 389 1366 450 1451; x_wconf 81' lang='grc' dir='ltr'><strong><em>τὴν</em></strong></span> <span class='ocrx_word' id='word_1_95' title='bbox 470 1364 630 1450; x_wconf 80' lang='grc' dir='ltr'><strong><em>Ῥοδόπην</em></strong></span> <span class='ocrx_word' id='word_1_96' title='bbox 651 1369 706 1433; x_wconf 83' lang='grc' dir='ltr'><strong><em>καὶ</em></strong></span> <span class='ocrx_word' id='word_1_97' title='bbox 730 1363 792 1452; x_wconf 82' lang='grc' dir='ltr'><strong><em>τὴν</em></strong></span> <span class='ocrx_word' id='word_1_98' title='bbox 810 1366 1013 1451; x_wconf 78' lang='grc' dir='ltr'><strong><em>Λυκούργου</em></strong></span> <span class='ocrx_word' id='word_1_99' title='bbox 1037 1365 1185 1431; x_wconf 88' lang='grc' dir='ltr'><strong><em>κόλασιν.</em></strong></span> 
     </span>
     <span class='ocr_line' id='line_1_13' title="bbox 179 1456 1186 1548; baseline -0.007 -16"><span class='ocrx_word' id='word_1_100' title='bbox 179 1471 229 1533; x_wconf 77' lang='lat'><strong><em>52.</em></strong></span> <span class='ocrx_word' id='word_1_101' title='bbox 245 1465 300 1531; x_wconf 80' lang='grc' dir='ltr'><strong><em>καὶ</em></strong></span> <span class='ocrx_word' id='word_1_102' title='bbox 313 1470 477 1531; x_wconf 80' lang='grc' dir='ltr'><strong><em>Θεσσαλία</em></strong></span> <span class='ocrx_word' id='word_1_103' title='bbox 490 1466 525 1529; x_wconf 80' lang='grc' dir='ltr'><strong><em>δὲ</em></strong></span> <span class='ocrx_word' id='word_1_104' title='bbox 536 1468 583 1529; x_wconf 88' lang='grc' dir='ltr'><strong><em>έτι</em></strong></span> <span class='ocrx_word' id='word_1_105' title='bbox 594 1470 696 1530; x_wconf 90' lang='grc' dir='ltr'><strong><em>πλείω</em></strong></span> <span class='ocrx_word' id='word_1_106' title='bbox 707 1465 892 1548; x_wconf 84' lang='grc' dir='ltr'><strong><em>παρέχεται,</em></strong></span> <span class='ocrx_word' id='word_1_107' title='bbox 905 1460 964 1529; x_wconf 86' lang='grc' dir='ltr'><strong><em>τόν</em></strong></span> <span class='ocrx_word' id='word_1_108' title='bbox 974 1468 1110 1545; x_wconf 89' lang='grc' dir='ltr'><strong><em>Πελίαν,</em></strong></span> <span class='ocrx_word' id='word_1_109' title='bbox 1126 1456 1186 1526; x_wconf 88' lang='grc' dir='ltr'><strong><em>τδν</em></strong></span> 
     </span>
     <span class='ocr_line' id='line_1_14' title="bbox 109 1557 1188 1646; baseline -0.007 -15"><span class='ocrx_word' id='word_1_110' title='bbox 109 1578 162 1633; x_wconf 74' lang='lat'><strong><em>298</em></strong></span> <span class='ocrx_word' id='word_1_111' title='bbox 177 1559 323 1645; x_wconf 78' lang='grc' dir='ltr'><strong><em>Ἰάσονα,</em></strong></span> <span class='ocrx_word' id='word_1_112' title='bbox 344 1557 605 1646; x_wconf 76' lang='grc' dir='ltr'><strong><em>τὴυἈλκηστιν,</em></strong></span> <span class='ocrx_word' id='word_1_113' title='bbox 626 1557 687 1626; x_wconf 82' lang='grc' dir='ltr'><strong><em>τόν</em></strong></span> <span class='ocrx_word' id='word_1_114' title='bbox 700 1568 767 1627; x_wconf 77' lang='grc' dir='ltr'><strong><em>τῶν</em></strong></span> <span class='ocrx_word' id='word_1_115' title='bbox 783 1559 988 1644; x_wconf 82' lang='grc' dir='ltr'><strong><em>πεντήκοντα</em></strong></span> <span class='ocrx_word' id='word_1_116' title='bbox 1005 1561 1091 1627; x_wconf 88' lang='grc' dir='ltr'><strong><em>νέων</em></strong></span> <span class='ocrx_word' id='word_1_117' title='bbox 1107 1557 1188 1624; x_wconf 88' lang='grc' dir='ltr'><strong><em>στό-</em></strong></span> 
     </span>
     <span class='ocr_line' id='line_1_15' title="bbox 180 1652 1184 1743; baseline -0.005 -18"><span class='ocrx_word' id='word_1_118' title='bbox 180 1668 258 1743; x_wconf 90' lang='grc' dir='ltr'><strong><em>λον,</em></strong></span> <span class='ocrx_word' id='word_1_119' title='bbox 287 1655 349 1742; x_wconf 82' lang='grc' dir='ltr'><strong><em>τὴν</em></strong></span> <span class='ocrx_word' id='word_1_120' title='bbox 369 1654 492 1742; x_wconf 78' lang='grc' dir='ltr'><strong><em>Ἀργώ,</em></strong></span> <span class='ocrx_word' id='word_1_121' title='bbox 519 1654 580 1741; x_wconf 79' lang='grc' dir='ltr'><strong><em>τὴν</em></strong></span> <span class='ocrx_word' id='word_1_122' title='bbox 600 1654 705 1723; x_wconf 90' lang='grc' dir='ltr'><strong><em>λάλον</em></strong></span> <span class='ocrx_word' id='word_1_123' title='bbox 724 1652 825 1741; x_wconf 77' lang='grc' dir='ltr'><strong><em>αὐτῆς</em></strong></span> <span class='ocrx_word' id='word_1_124' title='bbox 845 1656 973 1741; x_wconf 85' lang='grc' dir='ltr'><strong><em>τρόπιν.</em></strong></span> <span class='ocrx_word' id='word_1_125' title='bbox 1011 1661 1061 1723; x_wconf 83' lang='lat'><strong><em>53.</em></strong></span> <span class='ocrx_word' id='word_1_126' title='bbox 1087 1653 1125 1723; x_wconf 84' lang='grc' dir='ltr'><strong><em>τά</em></strong></span> <span class='ocrx_word' id='word_1_127' title='bbox 1149 1657 1184 1721; x_wconf 81' lang='grc' dir='ltr'><strong><em>ἐι</em></strong></span> 
     </span>
     <span class='ocr_line' id='line_1_16' title="bbox 180 1750 1287 1849; baseline -0.005 -25"><span class='ocrx_word' id='word_1_128' title='bbox 180 1755 315 1845; x_wconf 84' lang='grc' dir='ltr'><strong><em>Λήμνφ,</em></strong></span> <span class='ocrx_word' id='word_1_129' title='bbox 332 1752 536 1840; x_wconf 79' lang='grc' dir='ltr'><strong><em>τόυΑίήτην,</em></strong></span> <span class='ocrx_word' id='word_1_130' title='bbox 551 1753 611 1820; x_wconf 81' lang='grc' dir='ltr'><strong><em>τὸν</em></strong></span> <span class='ocrx_word' id='word_1_131' title='bbox 621 1758 772 1839; x_wconf 88' lang='grc' dir='ltr'><strong><em>Μηδείας</em></strong></span> <span class='ocrx_word' id='word_1_132' title='bbox 787 1751 930 1838; x_wconf 80' lang='grc' dir='ltr'><strong><em>ὄνειρον,</em></strong></span> <span class='ocrx_word' id='word_1_133' title='bbox 948 1750 1009 1821; x_wconf 82' lang='grc' dir='ltr'><strong><em>τόν</em></strong></span> <span class='ocrx_word' id='word_1_134' title='bbox 1019 1750 1186 1837; x_wconf 76' lang='grc' dir='ltr'><strong><em>Ἀψύρτου</em></strong></span> <span class='ocrx_word' id='word_1_135' title='bbox 1286 1824 1287 1849; x_wconf 24' lang='lat'>¹</span> 
     </span>
     <span class='ocr_line' id='line_1_17' title="bbox 180 1846 1287 1939; baseline -0.004 -18"><span class='ocrx_word' id='word_1_136' title='bbox 180 1850 378 1939; x_wconf 82' lang='grc' dir='ltr'><strong><em>σπαραγμόν</em></strong></span> <span class='ocrx_word' id='word_1_137' title='bbox 394 1854 450 1919; x_wconf 82' lang='grc' dir='ltr'><strong><em>καὶ</em></strong></span> <span class='ocrx_word' id='word_1_138' title='bbox 466 1851 506 1918; x_wconf 86' lang='grc' dir='ltr'><strong><em>τά</em></strong></span> <span class='ocrx_word' id='word_1_139' title='bbox 523 1854 560 1918; x_wconf 96' lang='grc' dir='ltr'><strong><em>έν</em></strong></span> <span class='ocrx_word' id='word_1_140' title='bbox 575 1857 620 1939; x_wconf 81' lang='grc' dir='ltr'><strong><em>τῷ</em></strong></span> <span class='ocrx_word' id='word_1_141' title='bbox 642 1850 806 1939; x_wconf 77' lang='grc' dir='ltr'><strong><em>παράπλῳ</em></strong></span> <span class='ocrx_word' id='word_1_142' title='bbox 821 1851 1003 1936; x_wconf 87' lang='grc' dir='ltr'><strong><em>γενόμενα,</em></strong></span> <span class='ocrx_word' id='word_1_143' title='bbox 1029 1852 1084 1917; x_wconf 80' lang='grc' dir='ltr'><strong><em>καὶ</em></strong></span> <span class='ocrx_word' id='word_1_144' title='bbox 1103 1846 1184 1935; x_wconf 81' lang='grc' dir='ltr'><strong><em>μετά</em></strong></span> <span class='ocrx_word' id='word_1_145' title='bbox 1286 1852 1287 1895; x_wconf 63' lang='lat'><em>³</em></span> 
     </span>
     <span class='ocr_line' id='line_1_18' title="bbox 178 1942 1185 2035; baseline -0.001 -17"><span class='ocrx_word' id='word_1_146' title='bbox 178 1957 281 2019; x_wconf 84' lang='grc' dir='ltr'><strong><em>ταῦτα</em></strong></span> <span class='ocrx_word' id='word_1_147' title='bbox 296 1948 356 2018; x_wconf 85' lang='grc' dir='ltr'><strong><em>τόν</em></strong></span> <span class='ocrx_word' id='word_1_148' title='bbox 366 1953 600 2035; x_wconf 85' lang='grc' dir='ltr'><strong><em>Πρωτεσίλαον</em></strong></span> <span class='ocrx_word' id='word_1_149' title='bbox 611 1949 667 2015; x_wconf 83' lang='grc' dir='ltr'><strong><em>καλ</em></strong></span> <span class='ocrx_word' id='word_1_150' title='bbox 678 1945 740 2033; x_wconf 79' lang='grc' dir='ltr'><strong><em>την</em></strong></span> <span class='ocrx_word' id='word_1_151' title='bbox 750 1948 972 2035; x_wconf 87' lang='grc' dir='ltr'><strong><em>Λαοδάμειαν.</em></strong></span> <span class='ocrx_word' id='word_1_152' title='bbox 995 1952 1046 2016; x_wconf 88' lang='grc'><strong><em>54.</em></strong></span> <span class='ocrx_word' id='word_1_153' title='bbox 1064 1942 1128 2016; x_wconf 82' lang='grc' dir='ltr'><strong><em>κάν</em></strong></span> <span class='ocrx_word' id='word_1_154' title='bbox 1140 1955 1185 2025; x_wconf 87' lang='grc' dir='ltr'><strong><em>είς</em></strong></span> 
     </span>
     <span class='ocr_line' id='line_1_19' title="bbox 178 2041 1184 2135; baseline -0.006 -18"><span class='ocrx_word' id='word_1_155' title='bbox 178 2047 241 2135; x_wconf 79' lang='grc' dir='ltr'><strong><em>τὴν</em></strong></span> <span class='ocrx_word' id='word_1_156' title='bbox 254 2047 366 2117; x_wconf 90' lang='grc' dir='ltr'><strong><em>Ἀσίαν</em></strong></span> <span class='ocrx_word' id='word_1_157' title='bbox 380 2049 482 2115; x_wconf 86' lang='grc' dir='ltr'><strong><em>πάλιν</em></strong></span> <span class='ocrx_word' id='word_1_158' title='bbox 499 2051 635 2133; x_wconf 75' lang='grc' dir='ltr'><strong><em>διαβῇς,</em></strong></span> <span class='ocrx_word' id='word_1_159' title='bbox 658 2043 764 2112; x_wconf 85' lang='grc' dir='ltr'><strong><em>πολλά</em></strong></span> <span class='ocrx_word' id='word_1_160' title='bbox 779 2041 877 2112; x_wconf 82' lang='grc' dir='ltr'><strong><em>κάκεί</em></strong></span> <span class='ocrx_word' id='word_1_161' title='bbox 889 2044 1054 2132; x_wconf 85' lang='grc' dir='ltr'><strong><em>δράματα·</em></strong></span> <span class='ocrx_word' id='word_1_162' title='bbox 1081 2042 1101 2130; x_wconf 80' lang='grc' dir='ltr'><em>ἡ</em></span> <span class='ocrx_word' id='word_1_163' title='bbox 1119 2043 1184 2131; x_wconf 85' lang='grc' dir='ltr'><strong><em>γὰρ</em></strong></span> 
     </span>
     <span class='ocr_line' id='line_1_20' title="bbox 178 2142 1185 2234; baseline -0.005 -20"><span class='ocrx_word' id='word_1_164' title='bbox 178 2148 294 2234; x_wconf 90' lang='grc' dir='ltr'><strong><em>Σάμος</em></strong></span> <span class='ocrx_word' id='word_1_165' title='bbox 309 2144 415 2223; x_wconf 76' lang='grc' dir='ltr'><strong><em>εὐθὺς</em></strong></span> <span class='ocrx_word' id='word_1_166' title='bbox 429 2147 483 2213; x_wconf 80' lang='grc' dir='ltr'><strong><em>καὶ</em></strong></span> <span class='ocrx_word' id='word_1_167' title='bbox 502 2144 539 2211; x_wconf 84' lang='grc' dir='ltr'><strong><em>τὸ</em></strong></span> <span class='ocrx_word' id='word_1_168' title='bbox 556 2142 795 2226; x_wconf 86' lang='grc' dir='ltr'><strong><em>Πολυκράτους</em></strong></span> <span class='ocrx_word' id='word_1_169' title='bbox 809 2143 920 2220; x_wconf 88' lang='grc' dir='ltr'><strong><em>πάθος</em></strong></span> <span class='ocrx_word' id='word_1_170' title='bbox 933 2144 988 2211; x_wconf 81' lang='grc' dir='ltr'><strong><em>καὶ</em></strong></span> <span class='ocrx_word' id='word_1_171' title='bbox 1003 2149 1059 2228; x_wconf 80' lang='grc' dir='ltr'><strong><em>τῆς</em></strong></span> <span class='ocrx_word' id='word_1_172' title='bbox 1073 2153 1185 2228; x_wconf 88' lang='grc' dir='ltr'><strong><em>θυγα-</em></strong></span> 
     </span>
     <span class='ocr_line' id='line_1_21' title="bbox 178 2237 1183 2329; baseline -0.007 -16"><span class='ocrx_word' id='word_1_173' title='bbox 178 2243 256 2329; x_wconf 83' lang='grc' dir='ltr'><strong><em>τρός</em></strong></span> <span class='ocrx_word' id='word_1_174' title='bbox 271 2244 374 2311; x_wconf 79' lang='grc' dir='ltr'><strong><em>αὐτοῦ</em></strong></span> <span class='ocrx_word' id='word_1_175' title='bbox 389 2244 483 2328; x_wconf 83' lang='grc' dir='ltr'><strong><em>μέχρι</em></strong></span> <span class='ocrx_word' id='word_1_176' title='bbox 497 2247 638 2322; x_wconf 78' lang='grc' dir='ltr'><strong><em>Περσῶν</em></strong></span> <span class='ocrx_word' id='word_1_177' title='bbox 653 2239 780 2325; x_wconf 89' lang='grc' dir='ltr'><strong><em>πλάνη,</em></strong></span> <span class='ocrx_word' id='word_1_178' title='bbox 798 2237 901 2307; x_wconf 77' lang='grc' dir='ltr'><strong><em>καὶτὰ</em></strong></span> <span class='ocrx_word' id='word_1_179' title='bbox 918 2245 965 2307; x_wconf 80' lang='grc' dir='ltr'><strong><em>ἔτι</em></strong></span> <span class='ocrx_word' id='word_1_180' title='bbox 976 2237 1183 2326; x_wconf 80' lang='grc' dir='ltr'><strong><em>ἀρχαιότερα,</em></strong></span> 
     </span>
     <span class='ocr_line' id='line_1_22' title="bbox 177 2335 1184 2428; baseline -0.001 -21"><span class='ocrx_word' id='word_1_181' title='bbox 177 2341 198 2427; x_wconf 81' lang='grc' dir='ltr'><em>ἡ</em></span> <span class='ocrx_word' id='word_1_182' title='bbox 215 2349 276 2407; x_wconf 81' lang='grc' dir='ltr'><strong><em>τοῦ</em></strong></span> <span class='ocrx_word' id='word_1_183' title='bbox 291 2340 463 2407; x_wconf 87' lang='grc' dir='ltr'><strong><em>Ταντάλου</em></strong></span> <span class='ocrx_word' id='word_1_184' title='bbox 479 2345 627 2424; x_wconf 83' lang='grc' dir='ltr'><strong><em>φλυαρία</em></strong></span> <span class='ocrx_word' id='word_1_185' title='bbox 644 2340 699 2405; x_wconf 84' lang='grc' dir='ltr'><strong><em>καλ</em></strong></span> <span class='ocrx_word' id='word_1_186' title='bbox 714 2335 825 2423; x_wconf 78' lang='grc' dir='ltr'><strong><em>ηπαρ’</em></strong></span> <span class='ocrx_word' id='word_1_187' title='bbox 840 2336 928 2428; x_wconf 76' lang='grc' dir='ltr'><strong><em>αὐτῷ</em></strong></span> <span class='ocrx_word' id='word_1_188' title='bbox 938 2346 1031 2405; x_wconf 77' lang='grc' dir='ltr'><strong><em>θεῶν</em></strong></span> <span class='ocrx_word' id='word_1_189' title='bbox 1043 2340 1184 2417; x_wconf 84' lang='grc' dir='ltr'><strong><em>ἑστίασις</em></strong></span> 
     </span>
     <span class='ocr_line' id='line_1_23' title="bbox 178 2428 1181 2523; baseline 0 -18"><span class='ocrx_word' id='word_1_190' title='bbox 178 2440 234 2505; x_wconf 82' lang='grc' dir='ltr'><strong><em>καὶ</em></strong></span> <span class='ocrx_word' id='word_1_191' title='bbox 247 2436 268 2522; x_wconf 81' lang='grc' dir='ltr'><em>ἡ</em></span> <span class='ocrx_word' id='word_1_192' title='bbox 280 2438 430 2513; x_wconf 89' lang='grc' dir='ltr'><strong><em>Πέλοπος</em></strong></span> <span class='ocrx_word' id='word_1_193' title='bbox 444 2442 623 2521; x_wconf 81' lang='grc' dir='ltr'><strong><em>κρεουργία</em></strong></span> <span class='ocrx_word' id='word_1_194' title='bbox 640 2438 696 2504; x_wconf 83' lang='grc' dir='ltr'><strong><em>καὶ</em></strong></span> <span class='ocrx_word' id='word_1_195' title='bbox 710 2433 728 2505; x_wconf 84' lang='grc' dir='ltr'><strong>ὁ</strong></span> <span class='ocrx_word' id='word_1_196' title='bbox 743 2436 956 2522; x_wconf 83' lang='grc' dir='ltr'><strong><em>ἐλεφάντινος</em></strong></span> <span class='ocrx_word' id='word_1_197' title='bbox 967 2428 1054 2523; x_wconf 78' lang='grc' dir='ltr'><strong><em>τόμος</em></strong></span> <span class='ocrx_word' id='word_1_198' title='bbox 1067 2435 1181 2505; x_wconf 81' lang='grc' dir='ltr'><strong><em>αὐτοῦ.</em></strong></span> 
     </span>
     <span class='ocr_line' id='line_1_24' title="bbox 178 2532 1183 2623; baseline -0.001 -20"><span class='ocrx_word' id='word_1_199' title='bbox 178 2541 229 2603; x_wconf 86' lang='grc'><strong>55.</strong></span> <span class='ocrx_word' id='word_1_200' title='bbox 245 2535 301 2601; x_wconf 80' lang='grc' dir='ltr'><strong><em>καὶ</em></strong></span> <span class='ocrx_word' id='word_1_201' title='bbox 317 2536 354 2601; x_wconf 85' lang='grc' dir='ltr'><strong><em>ἐν</em></strong></span> <span class='ocrx_word' id='word_1_202' title='bbox 364 2532 483 2623; x_wconf 79' lang='grc' dir='ltr'><strong><em>Ἰταλίᾳ</em></strong></span> <span class='ocrx_word' id='word_1_203' title='bbox 498 2535 535 2601; x_wconf 74' lang='grc' dir='ltr'><strong><em>δέ</em></strong></span> <span class='ocrx_word' id='word_1_204' title='bbox 551 2532 569 2600; x_wconf 90' lang='grc' dir='ltr'>ὁ</span> <span class='ocrx_word' id='word_1_205' title='bbox 590 2532 763 2617; x_wconf 85' lang='grc' dir='ltr'><strong><em>Ἠριδανὸς</em></strong></span> <span class='ocrx_word' id='word_1_206' title='bbox 778 2537 832 2603; x_wconf 82' lang='grc' dir='ltr'><strong><em>καλ</em></strong></span> <span class='ocrx_word' id='word_1_207' title='bbox 847 2538 993 2603; x_wconf 84' lang='grc' dir='ltr'><strong><em>Φαέθων</em></strong></span> <span class='ocrx_word' id='word_1_208' title='bbox 1009 2539 1063 2604; x_wconf 82' lang='grc' dir='ltr'><strong><em>καὶ</em></strong></span> <span class='ocrx_word' id='word_1_209' title='bbox 1078 2546 1183 2621; x_wconf 88' lang='grc' dir='ltr'><strong><em>αίγει-</em></strong></span> 
     </span>
     <span class='ocr_line' id='line_1_25' title="bbox 179 2630 1287 2721; baseline 0.002 -20"><span class='ocrx_word' id='word_1_210' title='bbox 179 2660 233 2718; x_wconf 93' lang='grc' dir='ltr'><strong><em>ροι</em></strong></span> <span class='ocrx_word' id='word_1_211' title='bbox 244 2630 385 2718; x_wconf 81' lang='grc' dir='ltr'><strong><em>άδελφαλ</em></strong></span> <span class='ocrx_word' id='word_1_212' title='bbox 397 2640 585 2718; x_wconf 83' lang='grc' dir='ltr'><strong><em>θρηνοῦσαι</em></strong></span> <span class='ocrx_word' id='word_1_213' title='bbox 597 2636 652 2702; x_wconf 85' lang='grc' dir='ltr'><strong><em>καὶ</em></strong></span> <span class='ocrx_word' id='word_1_214' title='bbox 661 2632 823 2721; x_wconf 79' lang='grc' dir='ltr'><strong><em>ἤλεκτρον</em></strong></span> <span class='ocrx_word' id='word_1_215' title='bbox 835 2634 1049 2717; x_wconf 82' lang='grc' dir='ltr'><strong><em>δακρύουσαι.</em></strong></span> <span class='ocrx_word' id='word_1_216' title='bbox 1068 2639 1117 2702; x_wconf 86' lang='grc'><strong>56.</strong></span> <span class='ocrx_word' id='word_1_217' title='bbox 1133 2643 1181 2701; x_wconf 84' lang='grc' dir='ltr'><strong><em>ελ·</em></strong></span> <span class='ocrx_word' id='word_1_218' title='bbox 1286 2634 1287 2703; x_wconf 57' lang='grc' dir='ltr'><strong><em>ί</em></strong></span> 
     </span>
     <span class='ocr_line' id='line_1_26' title="bbox 179 2728 1183 2818; baseline -0.001 -18"><span class='ocrx_word' id='word_1_219' title='bbox 179 2755 270 2800; x_wconf 88' lang='grc' dir='ltr'><strong><em>σεται</em></strong></span> <span class='ocrx_word' id='word_1_220' title='bbox 286 2732 322 2799; x_wconf 74' lang='grc' dir='ltr'><strong><em>δὲ</em></strong></span> <span class='ocrx_word' id='word_1_221' title='bbox 338 2730 356 2799; x_wconf 86' lang='grc' dir='ltr'>ὁ</span> <span class='ocrx_word' id='word_1_222' title='bbox 370 2739 520 2809; x_wconf 82' lang='grc' dir='ltr'><strong><em>τοιοῦτος</em></strong></span> <span class='ocrx_word' id='word_1_223' title='bbox 535 2731 660 2811; x_wconf 76' lang='grc' dir='ltr'><strong><em>καὶτὰς</em></strong></span> <span class='ocrx_word' id='word_1_224' title='bbox 675 2731 867 2817; x_wconf 84' lang='grc' dir='ltr'><strong><em>Ἑσπερίδας</em></strong></span> <span class='ocrx_word' id='word_1_225' title='bbox 881 2735 936 2800; x_wconf 77' lang='grc' dir='ltr'><strong><em>καὶ</em></strong></span> <span class='ocrx_word' id='word_1_226' title='bbox 951 2731 1011 2799; x_wconf 87' lang='grc' dir='ltr'><strong><em>τὸν</em></strong></span> <span class='ocrx_word' id='word_1_227' title='bbox 1029 2728 1183 2818; x_wconf 86' lang='grc' dir='ltr'><strong><em>φρουρὸν</em></strong></span> 
     </span>
     <span class='ocr_line' id='line_1_27' title="bbox 107 2827 1182 2918; baseline -0.002 -19"><span class='ocrx_word' id='word_1_228' title='bbox 107 2851 161 2913; x_wconf 68' lang='lat'><strong><em>299</em></strong></span> <span class='ocrx_word' id='word_1_229' title='bbox 179 2839 237 2918; x_wconf 79' lang='grc' dir='ltr'><strong><em>τῆς</em></strong></span> <span class='ocrx_word' id='word_1_230' title='bbox 250 2837 373 2918; x_wconf 79' lang='grc' dir='ltr'><strong><em>χρυσῆς</em></strong></span> <span class='ocrx_word' id='word_1_231' title='bbox 389 2827 521 2915; x_wconf 79' lang='grc' dir='ltr'><strong><em>ὀπώρας</em></strong></span> <span class='ocrx_word' id='word_1_232' title='bbox 537 2832 703 2914; x_wconf 86' lang='grc' dir='ltr'><strong><em>δράκοντα</em></strong></span> <span class='ocrx_word' id='word_1_233' title='bbox 717 2834 772 2899; x_wconf 85' lang='grc' dir='ltr'><strong><em>καὶ</em></strong></span> <span class='ocrx_word' id='word_1_234' title='bbox 785 2830 845 2899; x_wconf 83' lang='grc' dir='ltr'><strong><em>τόν</em></strong></span> <span class='ocrx_word' id='word_1_235' title='bbox 855 2830 1034 2909; x_wconf 75' lang='grc' dir='ltr'><strong><em>’Ἄτλαντος</em></strong></span> <span class='ocrx_word' id='word_1_236' title='bbox 1051 2832 1182 2917; x_wconf 85' lang='grc' dir='ltr'><strong><em>μόχθον</em></strong></span> 
     </span>
     <span class='ocr_line' id='line_1_28' title="bbox 178 2927 1287 3017; baseline -0.002 -18"><span class='ocrx_word' id='word_1_237' title='bbox 178 2928 302 2999; x_wconf 80' lang='grc' dir='ltr'><strong><em>καὶτὸν</em></strong></span> <span class='ocrx_word' id='word_1_238' title='bbox 312 2928 492 3015; x_wconf 90' lang='grc' dir='ltr'><strong><em>Γηρυόνην</em></strong></span> <span class='ocrx_word' id='word_1_239' title='bbox 503 2931 558 2998; x_wconf 81' lang='grc' dir='ltr'><strong><em>καλ</em></strong></span> <span class='ocrx_word' id='word_1_240' title='bbox 568 2927 629 3015; x_wconf 77' lang='grc' dir='ltr'><strong><em>τὴν</em></strong></span> <span class='ocrx_word' id='word_1_241' title='bbox 644 2933 677 3009; x_wconf 82' lang='grc' dir='ltr'><strong><em>ίξ</em></strong></span> <span class='ocrx_word' id='word_1_242' title='bbox 694 2928 865 3017; x_wconf 81' lang='grc' dir='ltr'><strong><em>Ἐρυθείας</em></strong></span> <span class='ocrx_word' id='word_1_243' title='bbox 877 2937 991 2998; x_wconf 79' lang='grc' dir='ltr'><strong><em>ἔλασιν</em></strong></span> <span class='ocrx_word' id='word_1_244' title='bbox 1003 2938 1069 2997; x_wconf 79' lang='grc' dir='ltr'><strong><em>τῶν</em></strong></span> <span class='ocrx_word' id='word_1_245' title='bbox 1080 2938 1181 3017; x_wconf 80' lang='grc' dir='ltr'><strong><em>βοῶν.</em></strong></span> <span class='ocrx_word' id='word_1_246' title='bbox 1285 2984 1287 3011; x_wconf 77' lang='grc'><strong><em>,</em></strong></span> 
     </span>
     <span class='ocr_line' id='line_1_29' title="bbox 177 3026 1183 3116; baseline 0.001 -20"><span class='ocrx_word' id='word_1_247' title='bbox 177 3033 227 3097; x_wconf 88' lang='grc'><strong><em>57.</em></strong></span> <span class='ocrx_word' id='word_1_248' title='bbox 240 3026 302 3095; x_wconf 83' lang='grc' dir='ltr'><strong><em>οάκ</em></strong></span> <span class='ocrx_word' id='word_1_249' title='bbox 311 3026 467 3113; x_wconf 81' lang='grc' dir='ltr'><strong><em>ἀγνοήσει</em></strong></span> <span class='ocrx_word' id='word_1_250' title='bbox 477 3030 513 3094; x_wconf 79' lang='grc' dir='ltr'><strong><em>δὲ</em></strong></span> <span class='ocrx_word' id='word_1_251' title='bbox 523 3030 578 3095; x_wconf 82' lang='grc' dir='ltr'><strong><em>καὶ</em></strong></span> <span class='ocrx_word' id='word_1_252' title='bbox 587 3026 646 3107; x_wconf 88' lang='grc' dir='ltr'><strong><em>τάς</em></strong></span> <span class='ocrx_word' id='word_1_253' title='bbox 656 3027 803 3114; x_wconf 77' lang='grc' dir='ltr'><strong><em>μυθικὰς</em></strong></span> <span class='ocrx_word' id='word_1_254' title='bbox 814 3029 1085 3116; x_wconf 75' lang='grc' dir='ltr'><strong><em>μεταμορφώσεις</em></strong></span> <span class='ocrx_word' id='word_1_255' title='bbox 1094 3028 1183 3097; x_wconf 84' lang='grc' dir='ltr'><strong><em>ἁπά-</em></strong></span> 
     </span>
     <span class='ocr_line' id='line_1_30' title="bbox 177 3123 1183 3216; baseline 0.003 -23"><span class='ocrx_word' id='word_1_256' title='bbox 177 3147 253 3211; x_wconf 90' lang='grc' dir='ltr'><strong><em>σας,</em></strong></span> <span class='ocrx_word' id='word_1_257' title='bbox 280 3124 357 3192; x_wconf 83' lang='grc' dir='ltr'><strong><em>ὅσαι</em></strong></span> <span class='ocrx_word' id='word_1_258' title='bbox 379 3130 425 3203; x_wconf 86' lang='grc' dir='ltr'><strong><em>είς</em></strong></span> <span class='ocrx_word' id='word_1_259' title='bbox 441 3127 563 3209; x_wconf 90' lang='grc' dir='ltr'><strong><em>δένδρα</em></strong></span> <span class='ocrx_word' id='word_1_260' title='bbox 581 3123 603 3213; x_wconf 81' lang='grc' dir='ltr'><em>ἢ</em></span> <span class='ocrx_word' id='word_1_261' title='bbox 622 3134 726 3213; x_wconf 89' lang='grc' dir='ltr'><strong><em>θηρία</em></strong></span> <span class='ocrx_word' id='word_1_262' title='bbox 744 3125 767 3215; x_wconf 78' lang='grc' dir='ltr'><em>ἢ</em></span> <span class='ocrx_word' id='word_1_263' title='bbox 790 3128 892 3215; x_wconf 82' lang='grc' dir='ltr'><strong><em>ὄρνεα</em></strong></span> <span class='ocrx_word' id='word_1_264' title='bbox 913 3128 1108 3216; x_wconf 77' lang='grc' dir='ltr'><strong><em>ἠλλάγησαν</em></strong></span> <span class='ocrx_word' id='word_1_265' title='bbox 1129 3133 1183 3197; x_wconf 83' lang='grc' dir='ltr'><strong><em>καὶ</em></strong></span> 
     </span>
     <span class='ocr_line' id='line_1_31' title="bbox 178 3222 1184 3315; baseline 0.004 -24"><span class='ocrx_word' id='word_1_266' title='bbox 178 3222 255 3291; x_wconf 84' lang='grc' dir='ltr'><strong><em>ὅσαι</em></strong></span> <span class='ocrx_word' id='word_1_267' title='bbox 266 3225 301 3290; x_wconf 85' lang='grc' dir='ltr'><strong><em>ἐκ</em></strong></span> <span class='ocrx_word' id='word_1_268' title='bbox 315 3231 487 3308; x_wconf 82' lang='grc' dir='ltr'><strong><em>γυναικῶν</em></strong></span> <span class='ocrx_word' id='word_1_269' title='bbox 498 3224 618 3310; x_wconf 75' lang='grc' dir='ltr'><strong><em>ἄνδρες</em></strong></span> <span class='ocrx_word' id='word_1_270' title='bbox 632 3230 802 3313; x_wconf 85' lang='grc' dir='ltr'><strong><em>ἐγένοντο,</em></strong></span> <span class='ocrx_word' id='word_1_271' title='bbox 817 3224 877 3294; x_wconf 86' lang='grc' dir='ltr'><strong><em>τόν</em></strong></span> <span class='ocrx_word' id='word_1_272' title='bbox 888 3231 1014 3295; x_wconf 90' lang='grc' dir='ltr'><strong><em>Καινέα</em></strong></span> <span class='ocrx_word' id='word_1_273' title='bbox 1025 3230 1112 3315; x_wconf 89' lang='grc' dir='ltr'><strong><em>λέγω</em></strong></span> <span class='ocrx_word' id='word_1_274' title='bbox 1128 3231 1184 3295; x_wconf 83' lang='grc' dir='ltr'><strong><em>καὶ</em></strong></span> 
     </span>
    </p>
   </div>
   <div class='ocr_carea' id='block_1_3' title="bbox 176 3306 1287 3525">
    <p class='ocr_par' dir='ltr' id='par_1_3' title="bbox 176 3306 1287 3525">
     <span class='ocr_line' id='line_1_32' title="bbox 176 3306 1287 3415; baseline 0.005 -27"><span class='ocrx_word' id='word_1_275' title='bbox 176 3319 237 3388; x_wconf 83' lang='grc' dir='ltr'><strong><em>τόν</em></strong></span> <span class='ocrx_word' id='word_1_276' title='bbox 255 3328 428 3406; x_wconf 89' lang='grc' dir='ltr'><strong><em>Τειρεσίαν</em></strong></span> <span class='ocrx_word' id='word_1_277' title='bbox 443 3325 497 3391; x_wconf 80' lang='grc' dir='ltr'><strong><em>καὶ</em></strong></span> <span class='ocrx_word' id='word_1_278' title='bbox 511 3322 590 3403; x_wconf 79' lang='grc' dir='ltr'><strong><em>τούς</em></strong></span> <span class='ocrx_word' id='word_1_279' title='bbox 603 3324 782 3403; x_wconf 82' lang='grc' dir='ltr'><strong><em>τοιούτους.</em></strong></span> <span class='ocrx_word' id='word_1_280' title='bbox 806 3330 855 3395; x_wconf 88' lang='grc'><strong><em>58.</em></strong></span> <span class='ocrx_word' id='word_1_281' title='bbox 871 3330 926 3393; x_wconf 79' lang='grc' dir='ltr'><strong><em>καί</em></strong></span> <span class='ocrx_word' id='word_1_282' title='bbox 941 3329 977 3393; x_wconf 85' lang='grc' dir='ltr'><strong><em>έν</em></strong></span> <span class='ocrx_word' id='word_1_283' title='bbox 988 3333 1130 3415; x_wconf 88' lang='grc' dir='ltr'><strong><em>Φοινίκη</em></strong></span> <span class='ocrx_word' id='word_1_284' title='bbox 1147 3328 1184 3393; x_wconf 76' lang='grc' dir='ltr'><strong><em>δὲ</em></strong></span> <span class='ocrx_word' id='word_1_285' title='bbox 1286 3306 1287 3325; x_wconf 33' lang='lat'><em>³</em></span> 
     </span>
     <span class='ocr_line' id='line_1_33' title="bbox 177 3417 1287 3525; baseline 0.008 -40"><span class='ocrx_word' id='word_1_286' title='bbox 177 3419 329 3502; x_wconf 87' lang='grc' dir='ltr'><strong><em>Μόρραυ</em></strong></span> <span class='ocrx_word' id='word_1_287' title='bbox 339 3421 393 3485; x_wconf 78' lang='grc' dir='ltr'><strong><em>καὶ</em></strong></span> <span class='ocrx_word' id='word_1_288' title='bbox 402 3417 439 3486; x_wconf 83' lang='grc' dir='ltr'><strong><em>τό</em></strong></span> <span class='ocrx_word' id='word_1_289' title='bbox 451 3417 626 3505; x_wconf 84' lang='grc' dir='ltr'><strong><em>Ἀσσύριον</em></strong></span> <span class='ocrx_word' id='word_1_290' title='bbox 637 3427 743 3491; x_wconf 80' lang='grc' dir='ltr'><strong><em>έκεῖνο</em></strong></span> <span class='ocrx_word' id='word_1_291' title='bbox 755 3426 880 3501; x_wconf 88' lang='grc' dir='ltr'><strong><em>πένθος</em></strong></span> <span class='ocrx_word' id='word_1_292' title='bbox 890 3425 1117 3510; x_wconf 80' lang='grc' dir='ltr'><strong><em>μεριζόμενον,</em></strong></span> <span class='ocrx_word' id='word_1_293' title='bbox 1128 3450 1183 3493; x_wconf 92' lang='grc' dir='ltr'><strong><em>και</em></strong></span> <span class='ocrx_word' id='word_1_294' title='bbox 1286 3508 1287 3525; x_wconf 20' lang='lat'>¹</span> 
     </span>
    </p>
   </div>
   <div class='ocr_carea' id='block_1_4' title="bbox 0 0 1292 3842">
    <p class='ocr_par' dir='ltr' id='par_1_4' title="bbox 0 0 1292 3842">
     <span class='ocr_line' id='line_1_34' title="bbox 0 0 1292 3842; baseline 0 1"><span class='ocrx_word' id='word_1_295' title='bbox 0 0 1292 3842; x_wconf 95' lang='lat' dir='ltr'><strong><em> </em></strong></span> 
     </span>
    </p>
   </div>
  </div>
 </body>
</html>
