2575 3842
136 189 174 226 εει
555 169 792 224 PRAEFATIO.

137 310 193 360 fort.
212 304 238 358 εί
258 309 428 376 μεμνημένοι
446 309 501 360 τάν
521 303 644 372 άρίστων
668 307 791 374 τιμῶμεν
807 299 1010 366 άποδανόντας
1044 324 1067 358 c.
1086 307 1104 360 3
1125 297 1217 362 &wil

136 375 299 441 νενομίκατε
314 395 371 430 cum
390 382 447 430 eod.
465 395 512 445 pro
532 370 618 437 θεοὺς
633 372 709 428 εἶναι
727 375 899 440 νενομίκατε.
956 395 971 428 ο
991 372 1065 428 εἶναι
1084 375 1157 424 micis
1176 376 1217 422 in·

133 446 268 498 clusercm.
297 448 358 498 ibid.
368 448 419 513 τῆς
431 441 538 529 αὑτῶν]
549 446 599 512 τῆς
612 439 704 496 αὑτοῖν
716 449 752 498 id.
777 448 838 498 ibid
849 444 1049 510 διαφευγονται
1061 445 1097 495 ἰδ.
1110 443 1214 524 εἰιίρεε.

134 518 187 567 ο.4
204 508 257 579 τήν
275 507 378 583 αὑτῶν]
398 510 451 580 τήν
464 509 556 568 αὑτων
572 519 609 570 id.
642 534 666 568 c.
684 518 701 568 5
717 518 794 566 verba
809 511 858 565 καὶ
871 507 927 564 ὑπό
942 513 1068 566 Σκυθῶν
1080 509 1136 560 τάν
1152 509 1223 575 αρίὲ

1266 358 1269 389 i

1268 404 1270 437 i

1268 440 1269 475 i

134 597 207 634 στων
220 577 431 647 δεραπεὺεσδαι
441 587 520 638 Geisi.
537 586 711 651 superioribus
728 576 855 648 άγαδοὺς
866 583 1017 649 κεκρίσθω
1031 582 1142 634 annectit
1155 596 1218 646 pro·
1269 592 1270 599 ¹

136 656 211 710 banio
230 653 316 705 Burm.
355 654 424 709 ,29.
458 655 517 707 cii
539 646 576 704 άν
616 663 656 704 cst
673 647 857 711 δκαστοςοιιω
872 654 949 708 Dind.
965 654 1069 704 inserui.
1104 666 1128 700 c·
1141 652 1157 700 7
1170 665 1217 713 με·

1268 642 1271 705 λ

135 715 204 786 κρόν
221 721 259 788 τι]
272 738 373 790 μικρον
386 726 463 776 Dind.
490 725 550 776 miri
566 721 676 789 αοτοῖν]
695 715 787 772 αὑτῶν
799 725 927 774 revocavit
939 724 975 773 id.
1009 719 1060 772 om
1073 710 1217 784 σνγγιγνό.
1269 726 1270 733 ’

135 806 217 848 σενος
239 793 275 842 id.
313 809 336 848 ο.
357 793 390 845 10
411 787 465 857 τὴν
485 785 582 860 αὑτοῦ]
601 785 655 857 τὴν
677 784 762 841 αὑτοῦ
779 793 815 846 id.
857 808 880 846 c.
901 793 933 843 11
958 780 1058 856 οὑτως]
1082 781 1155 838 οὕτω
1178 789 1216 839 id.

134 851 524 928 ο.12τάάλλα]σάλλαίδ.
556 863 618 914 ibid.
634 853 769 918 Λύσωνος
791 876 848 912 cum
866 862 924 915 cod.
941 876 989 994 fro
1005 856 1160 915 Λνσίωνος.
1180 859 1219 906 im
1270 864 1271 879 ³

134 939 159 979 et
176 945 234 995 cap.
254 931 296 1012 iii.
327 932 387 983 ibid.
407 921 527 998 άπήγεν]
544 921 646 994 ἐπῆγεν
660 931 696 981 id.
731 947 754 985 c.
773 929 804 982 13
821 920 856 978 τά
872 921 940 978 άλλα

136 1067 210 1122 Dind.
243 1069 303 1119 ibid.
321 1067 394 1136 αβρα
413 1085 471 1120 cum
488 1069 544 1122 eod·
562 1085 609 1135 pro
627 1066 708 1137 αβρα.
726 1070 762 1118 ite
781 1075 806 1118 ει
823 1083 901 1133 supra
923 1084 946 1118 c.
965 1069 1007 1121 14.
1045 1082 1068 1118 ο.
1090 1065 1122 1116 18
1140 1058 1221 1129 γινό-

134 1135 233 1220 μενον]
255 1132 420 1202 γιγνόμενον
440 1141 476 1195 id.
513 1155 536 1188 c.
557 1138 589 1189 19
612 1129 775 1204 έωρακέναι]
799 1126 945 1201 ἑορακέναι
967 1137 1004 1187 id.
1044 1152 1068 1189 c.
1087 1136 1122 1186 22
1144 1124 1220 1195 παρ’
1272 1168 1273 1191 p

134 1204 220 1256 αυτοῦ
237 1222 294 1255 cum
317 1210 375 1260 eod.
394 1223 441 1274 pro
459 1197 530 1269 παρ’
550 1198 636 1256 αὑτοῦ
677 1223 700 1260 ο.
722 1208 757 1256 24
777 1197 991 1272 μορμολύκειον]
1012 1201 1220 1268 μορμολυκίον

134 1277 170 1326 id.
209 1275 268 1325 ibid.
288 1266 387 1343 οὑτως]
411 1267 484 1327 οὑτω
506 1278 543 1328 id.
586 1293 609 1326 c.
627 1277 662 1327 25
684 1274 810 1338 νυμφίον
833 1276 893 1326 dedi
912 1291 945 1326 ex
967 1275 1055 1325 codice
1074 1273 1220 1322 Florentino

136 1343 202 1409 (vid.
222 1343 358 1400 Burmeisi.
377 1363 403 1410 p.
422 1345 469 1411 43)
487 1361 534 1412 pro
553 1343 679 1409 νυμφίον
696 1336 762 1392 τινά
794 1361 817 1398 ο.
833 1345 867 1397 26
883 1361 925 1396 vv.
942 1338 991 1393 καλ
1008 1333 1220 1405 τόνΜενικρά,
1273 1368 1274 1375 1

135 1428 188 1476 τήν
206 1413 314 1465 fortasse
333 1416 467 1466 eiiciende.
504 1431 527 1465 ο.
547 1415 582 1466 28
600 1407 797 1477 άναρπασθείς
813 1415 933 1465 revocavi
955 1428 1002 1478 prc
1021 1402 1220 1466 άνασπασδείς

135 1498 157 1531 ο.
172 1481 206 1532 29
223 1479 472 1547 κατακεκλεισμένα
490 1499 548 1533 cum
561 1484 637 1534 Dind.
656 1498 702 1548 prc
717 1477 949 1545 κατακεκλειμένα
982 1499 1005 1532 ο.
1020 1481 1054 1532 30
1067 1473 1219 1547 άναλαβιὺν

136 1541 233 1617 αὑτόν]
250 1543 331 1605 άναλ.
352 1543 438 1601 αὑτόν
452 1554 488 1603 ἱδ.
517 1568 541 1606 c.
553 1551 584 1603 31
604 1544 813 1619 ὑποβαλόμενος
827 1553 918 1616 scripsi
931 1567 978 1618 pro
992 1541 1221 1617 ὑποβαλλόμενος

136 1636 158 1669 ο.
176 1619 210 1670 33
228 1611 387 1685 εὐπορήσας
404 1637 461 1671 cum
482 1621 559 1674 Dind.
580 1623 697 1672 revocavi
720 1637 766 1687 pro
786 1612 924 1683 εάπόρησε
956 1619 1018 1670 ibid.
1037 1610 1108 1683 παρ’
1130 1608 1221 1666 αὑτοῦ

137 1703 194 1737 cum
207 1689 266 1738 eod.
278 1706 324 1755 pro
339 1679 412 1754 παρ’
425 1681 511 1738 αὑτοῦ
540 1706 564 1739 ο.
578 1689 613 1741 34
624 1682 694 1752 ὑπὲρ
707 1681 805 1756 αὑτοῦ]
818 1682 888 1753 ὑπὲρ
901 1681 987 1738 αὑτοῦ
1002 1691 1040 1740 id.
1072 1688 1133 1740 ibid.
1148 1679 1220 1735 άνα-

136 1748 285 1820 δεξόμενος
304 1776 335 1809 ex
354 1760 450 1824 optimo
466 1760 531 1809 libro
548 1774 596 1824 pro
611 1749 817 1842 άναδεχόμενος
854 1775 877 1808 c.
896 1758 929 1810 35
947 1749 1146 1823 προσδοκήσῃς
1159 1773 1220 1805 cum

135 1827 193 1876 eod.
212 1840 262 1880 rec.
281 1843 328 1892 pro
347 1821 551 1892 προσδοκήσεις
583 1843 606 1878 c.
623 1828 658 1880 36
676 1825 728 1878 ονδ
755 1818 792 1877 άν
807 1818 839 1875 έν
858 1835 959 1879 auctore
973 1827 1068 1877 Geistic
1086 1841 1133 1891 pro
1152 1815 1221 1874 οόδ’

135 1884 166 1942 έν
204 1910 226 1944 ο.
245 1897 280 1947 40
297 1889 376 1965 λάβοι
394 1911 452 1947 cum
469 1896 614 1947 Lehmannc
637 1905 662 1946 et
676 1898 753 1951 Dind.
770 1913 817 1963 prc
837 1887 907 1963 λάβῃ
941 1913 964 1950 ο.
984 1899 1020 1948 44
1037 1885 1219 1961 ἐχρημάτιζεν

136 1979 193 2012 cum
209 1962 284 2014 Dind.
304 1966 422 2017 revocavi
437 1981 484 2030 pro
502 1955 684 2030 ἐχρημάτισεν
720 1967 781 2018 ibid.
799 1963 1049 2031 προσαγγείλαντα]
1070 1961 1220 2029 προαγγεί-
1235 1982 1247 2004 ο

135 2030 223 2081 λαντα
242 2032 319 2089 Geiet.
364 2051 386 2086 c.
412 2037 446 2086 47
467 2032 601 2102 γινέσθω]
622 2030 762 2099 γιγνέσθω
786 2036 861 2085 Dind.
901 2051 924 2088 ο.
943 2033 977 2085 49
996 2031 1140 2099 τραχῶνος
1159 2049 1221 2083 cum

136 2103 194 2154 eod.
216 2113 263 2186 pro
285 2095 429 2169 τράχωνος
468 2121 491 2156 c.
513 2104 547 2155 50
563 2097 678 2168 μηνίσω
697 2121 748 2154 rec.
768 2096 930 2220 ρεοὲμηνάω
969 2103 1030 2155 ibid.
1049 2097 1080 2154 ci
1100 2095 1150 2165 ἐφ’
1164 2118 1219 2153 rec,

134 2167 218 2234 proti
243 2162 293 2234 ἐφ’
322 2172 383 2227 ibid.
395 2163 472 2225 όστλν
488 2163 504 2221 ὑ
518 2164 641 2222 ἐλαὺνων
659 2189 710 2224 rec.
726 2167 804 2237 ρεοὺ
833 2166 944 2222 λαόνων
960 2163 1036 2222 ἐστίν
1066 2173 1126 2225 ibid.
1141 2185 1220 2237 γινο-

135 2236 228 2301 μένων
240 2243 340 2306 scripsi,
356 2243 569 2305 quemadmodum
585 2244 718 2307 prcpceuit
730 2242 891 2302 Fritzpchiue,
906 2258 952 2308 prc
964 2237 1122 2306 γενομένων
1149 2257 1172 2295 ο.
1182 2242 1219 2292 51

135 2297 235 2373 οὑτως]
255 2299 328 2359 οὑτω
340 2309 416 2365 Dind.
442 2311 504 2361 ibid.
516 2303 649 2428 προσάέει
668 2311 761 2375 scripsi
778 2326 825 2376 pro
838 2305 988 2376 προσάξεις
1016 2329 1039 2365 ο.
1053 2313 1088 2362 52
1099 2303 1220 2376 ἐγένετο]

134 2368 256 2440 λγίγνετο
273 2377 349 2431 Dind.
384 2395 407 2428 c.
421 2378 456 2430 53
473 2370 525 2441 ἐφ’
540 2372 585 2436 οἷς
616 2376 710 2441 πραξα
726 2371 846 2447 τούτοις]
865 2371 974 2437 τούτοις
990 2381 1065 2431 eiecit
1080 2381 1118 2430 id.
1134 2379 1221 2437 maie:

134 2444 188 2494 vid.
204 2445 331 2495 Prometh.
351 2462 373 2498 ε.
389 2446 463 2497 Geuc.
484 2446 525 2500 16.
543 2448 675 2498 Demosih.
693 2463 729 2497 cr.
746 2450 790 2508 54,
802 2449 833 2500 c:
852 2447 965 2511 πρῶτον
983 2441 1035 2513 μέν
1052 2435 1104 2498 οὑν
1120 2433 1160 2496 ὃν
1179 2444 1222 2495 ελζ

134 2530 150 2579 ρ
224 2506 331 2563 τοὺτων
348 2509 482 2582 βοάλομαι
499 2507 554 2572 uvi.
592 2517 653 2570 ibid.
673 2507 774 2584 οὑτως]
792 2507 865 2566 οὑτω
881 2520 917 2569 id.
957 2534 980 2568 c.
998 2521 1033 2570 54
1048 2511 1101 2583 τήν
1118 2507 1221 2582 αὑτοῦ]

134 2597 150 2630 τ
170 2598 187 2631 ν
205 2575 291 2631 αὑτοῦ
309 2584 345 2635 id.
383 2601 406 2636 c.
424 2585 458 2638 58
475 2578 661 2651 παρεκόμισεν
673 2577 705 2634 έκ
720 2585 770 2634 τοῦ
786 2582 898 2651 λιμένος
910 2602 961 2640 rec.
979 2604 1025 2654 pro
1042 2577 1073 2638 έκ
1091 2585 1141 2636 τοὺ
1158 2585 1219 2648 λιμ.

135 2643 303 2715 παρεκόμισε
331 2669 354 2706 ο,
371 2653 405 2704 60
421 2645 563 2704 δυ’νασδαι
579 2664 637 2720 post
648 2645 832 2705 άπιστεῖσθαι
847 2659 941 2707 excidii
956 2659 1025 2723 apud
1037 2656 1114 2711 Dind.
1142 2672 1167 2709 c.
1182 2654 1219 2706 61

135 2711 190 2771 άπδ
206 2715 364 2784 τραύματος
379 2739 436 2773 cum
451 2724 509 2776 εοδ.
526 2740 573 2790 pro
588 2715 644 2773 ὑπὸ
660 2721 710 2773 τοὺ
726 2717 892 2789 τραύματος,
913 2740 962 2791 egc
978 2724 1028 2775 τοῦ
1045 2727 1118 2776 micis
1136 2724 1221 2774 iuclu-

135 2807 227 2871 serem.
261 2782 389 2870 ibidwriv
405 2782 535 2860 Ἀβαὺχαν
551 2785 667 2856 ὕστερον
685 2809 735 2844 rec.
754 2810 801 2859 pm
818 2785 878 2847 ὑστ.
902 2787 953 2843 τὺν
969 2785 1019 2863 iifl.
1060 2810 1083 2844 ο.
1104 2794 1138 2845 62
1156 2807 1221 2842 και-

135 2851 184 2924 ρός
196 2874 232 2908 αν
249 2856 307 2924 εἴη]
324 2874 360 2908 αν
374 2862 468 2912 inserui
487 2877 543 2911 cum
560 2862 653 2922 Dind.;
672 2863 739 2913 idem
759 2865 839 2915 voluit
855 2862 936 2915 Geisi.

203 2929 277 2982 Αείνι.
298 2946 321 2982 c.
336 2931 349 2979 l
366 2921 420 2993 τήν
438 2921 525 2994 αὑτοῦ
540 2946 596 2980 cum
608 2931 685 2982 Dind.
700 2947 746 2996 pro
761 2924 815 2996 τήν
830 2923 916 2982 αὑτοῦ
942 2932 1002 2984 iim
1016 2930 1108 2996 κῆπος
1123 2945 1167 2988 τις
1179 2916 1220 2995 ἦν

134 2995 182 3047 καλ
200 2991 284 3047 ἔνδον
308 3007 411 3049 auctore
430 2998 558 3050 Gourieric
582 3014 628 3064 pro
646 2996 736 3064 κήπός
755 3015 799 3060 τις
818 2995 901 3052 ἔνδον
921 2987 959 3065 ήν
980 2997 1029 3051 καὶ
1069 3017 1093 3051 c.
1112 3003 1128 3050 2
1145 2991 1221 3061 παρ’

134 3058 206 3133 ἐμοὶ]
226 3057 297 3130 παρ’
314 3057 360 3131 ἐμὲ
380 3068 455 3122 Dind.
495 3068 555 3118 ι’δίδ.
577 3063 717 3132 κατάθες,
742 3068 865 3122 Ocurierii
887 3070 1107 3125 emendationem,
1131 3072 1221 3134 recepi

135 3151 192 3185 cum
211 3138 268 3189 eod.
289 3152 335 3200 pro
353 3130 406 3193 θές
442 3155 466 3192 c.
483 3137 500 3188 3
518 3127 552 3185 δ’
568 3127 702 3206 ὑστεραία
719 3154 776 3189 cum
795 3140 852 3190 eod.
871 3154 918 3204 pm
938 3131 969 3188 ci
988 3130 1122 3205 ὑστεραίᾳ
1157 3140 1222 3190 ο.4

134 3195 290 3271 ὑπακούσῃ]
311 3197 471 3269 ὑπήκουσεν
491 3207 527 3257 id.
547 3206 579 3257 dc
597 3221 654 3260 suc.
689 3223 712 3260 c.
729 3208 746 3258 5
764 3199 848 3258 ον’δέν
866 3199 936 3274 αὑτῇ
952 3224 1005 3262 rec.
1021 3222 1068 3273 prc
1083 3200 1153 3274 αὑτῇ
1171 3196 1221 3256 ου’-

134 3268 183 3323 civ
209 3273 261 3325 οδ
281 3272 398 3340 κλίνεις]
415 3277 503 3332 κινεῖς
521 3276 557 3325 id.
578 3277 609 3326 de
626 3276 732 3326 iaccbeii
750 3277 900 3327 coniectura.
929 3277 990 3329 ibid,
1009 3275 1130 3336 ποθεῖν,
1149 3277 1221 3338 qucd

134 3342 403 3476 5ὶὺέέήίζῖίὺίὺἕῇ
418 3344 810 3478 “iviiiiiii'riiiffl
826 3347 955 3479 ὑῗάὲὑ]
971 3345 1137 3479 ὑὺιῗῖῗίἶέὶ
1149 3345 1219 3464 “imi

135 997 311 1065 πεμπομενη]
327 996 510 1080 ζιεμπομένην
526 1001 658 1080 BurmeisJ.
671 1014 698 1064 p.
712 1001 755 1050 47.
784 1015 808 1052 c.
822 929 1106 1062 15τόν11ρτήοὺὑὺατίὺὑ
1118 928 1220 1059 Κῦρῆὺὑ
1271 968 1272 1055 ss
