2575 3842
186 185 249 250 254
344 172 347 179 '
544 187 842 245 Λουκιπαον

186 353 346 430 νοστοὺν,
376 345 488 431 ὥσπερ
507 351 572 411 νῦν
587 352 649 412 Ισοι
671 344 851 429 διάκειται,
879 343 921 412 οά
940 348 1029 432 μάλα
1052 347 1201 436 εὐσεβῶς

186 443 265 512 οὐδὲ
282 441 380 522 ὁσίως
392 440 431 510 τά
447 444 532 528 πρός
546 440 624 520 τοὺς
639 446 753 522 θεούς.
782 444 890 511 ἐδόκει
905 471 942 512 τε
956 445 1107 534 ἀσέβημα
1118 448 1200 514 ἑαν-

185 547 241 628 τῆς
263 545 318 609 καὶ
340 543 560 627 πλημμέλημα
580 546 680 607 τοῦτο
702 540 829 625 δόξειν,
857 547 888 609 εἰ
906 541 1069 629 ὑπομένοι
1093 553 1134 634 τῇ
1162 548 1200 614 έν

184 643 298 729 Κνίδῳ
312 641 367 706 καὶ
380 645 420 728 τῇ
436 643 472 706 έν
488 637 606 724 κήποις
623 634 722 723 ὁμοία
736 639 909 722 λέγεσθαι·’
932 648 990 707 καί
1005 659 1042 707 σε
1053 638 1199 728 ὑπεμίμ-

184 758 286 822 νησκε
300 743 368 804 των
385 741 586 804 τελευταίων
600 738 638 802 ἐν
652 741 700 824 τῷ
716 742 835 825 βιβλίῳ
855 739 930 822 περὶ
945 735 1048 824 αὐτῆς
1065 741 1199 825 εἰρημέ-

184 861 271 920 νων,
289 833 340 901 ὅτι
355 841 491 921 μετρίαν
507 835 561 901 καὶ
578 831 710 917 ἀτυφον
725 836 808 918 ἔφης
822 830 930 919 αὐτην
944 831 1008 902 οὑκ
1022 832 1198 904 ἀνατεινο-

184 938 289 1019 μένην
300 930 385 1018 ὑπὲρ
401 929 438 1001 τό
451 931 673 1014 ἀνθρώπινον
687 934 827 1017 μέτρον,
843 928 928 998 ἀλλά
943 933 1126 1017 πρόσγειον
1135 930 1197 1017 τὴν

184 1037 304 1117 πτῆσιν
321 1032 545 1117 ποιουμένην,
566 1027 583 1097 ὁ
602 1030 638 1097 δὲ
659 1035 763 1096 ταῦτα
785 1025 890 1096 είπεδν
906 1028 991 1110 ὑπὲρ
1009 1026 1115 1096 αὑτόν
1136 1026 1197 1095 τόν
1282 1018 1286 1095 ἶ

184 1127 333 1214 οὐρανόν
353 1127 548 1217 ἀναβιβάζει
568 1126 631 1214 την
650 1141 811 1214 γυναῖκα,
833 1124 888 1205 ὡς
903 1128 959 1195 καὶ
977 1137 1073 1204 θεαῖς
1090 1123 1197 1212 αὐτὴν
1285 1214 1286 1217 ¹

117 1237 166 1290 489
186 1225 382 1308 ἀπεικάζειν.
398 1233 427 1295 9.
440 1225 533 1314 ἀξίου
543 1229 582 1294 δέ
588 1247 625 1294 σε
636 1221 749 1312 μηδὲά
768 1223 1093 1310 ννετωτέραναὺτην
1104 1223 1196 1310 ἡγεῖ-

184 1335 266 1394 σθαι
280 1332 341 1393 τοῦ
352 1323 588 1411 Ἀλεξάνδρον,
606 1321 642 1402 ὃς
654 1331 715 1391 τοῦ
727 1320 957 1409 ἀρχιτέκτονος
968 1321 1195 1409 ὑπισχνουμέ-

183 1449 247 1490 νου
263 1420 424 1491 τδνἍθω
436 1422 517 1491 ὅλον
528 1428 822 1509 μετασχηματίσειν
836 1423 891 1489 καὶ
901 1422 1098 1508 μορφώσειν
1113 1420 1196 1507 πρός

183 1519 305 1606 αὑτόν,
325 1518 369 1598 ὡς
385 1520 422 1588 τό
440 1519 517 1606 όρος
531 1520 623 1588 ἀπαν
641 1520 755 1588 είκόυα
770 1523 930 1605 γενέσθαι
945 1526 1007 1587 τοῦ
1021 1523 1194 1608 βασιλέως,

184 1627 300 1705 έχοντα
317 1617 379 1685 δύο
394 1617 507 1698 πόλεις
518 1621 555 1688 έν
566 1633 641 1686 ταῖν
655 1631 783 1704 χεροῖν,
803 1615 845 1684 οὑ
861 1618 1052 1704 προσήκατο
1066 1616 1130 1705 τὴν
1140 1646 1194 1686 τε·

184 1724 318 1802 ρατείαν
333 1721 391 1801 τῆς
410 1714 635 1803 ὑποσχέσεως,
659 1713 733 1783 ἀλλ’
759 1714 844 1801 ὑπὲρ
862 1713 967 1784 αὑτόν
986 1714 1196 1804 ἡγησάμενος

182 1811 219 1881 τό
243 1813 395 1900 τόλμημα
412 1820 537 1884 ἔπαυσε
551 1813 611 1883 τόν
631 1813 819 1898 ἄνθρωπον
836 1812 877 1881 οὑ
898 1820 1053 1892 πνὺανάς
1073 1823 1195 1882 κολοσ-

183 1911 264 1992 σοὺς
285 1910 538 1984 ἀναπλάττοντα
552 1920 607 1985 καλ
621 1913 682 1983 τόν
694 1913 791 1982 ”Aba
805 1912 889 1982 κατά
911 1913 1026 2000 χιόραυ
1045 1918 1106 1983 ε’άν
1122 1917 1195 1983 έκέ-

182 2023 282 2081 λευσε
296 2012 378 2100 μηδὲ
392 2015 676 2102 κατασμικρύνειν
687 2011 765 2096 ὅρος
776 2011 865 2080 οὕτω
879 2015 963 2098 μέγα
977 2010 1061 2094 πρὸς
1071 2019 1195 2100 μικροῦ

182 2111 334 2196 στόματος
345 2108 530 2199 ὁμοιότητα.
547 2113 662 2202 ἐπῄνει
673 2111 709 2178 δέ
723 2109 783 2177 τόν
796 2107 1012 2195 ’ΛλεῈανδρον
1023 2118 1081 2196 της
1090 2136 1195 2195 μεγα-

181 2216 342 2295 λοψυχίας
358 2212 410 2277 καὶ
429 2209 613 2296 ἀνδριάντα
634 2215 731 2297 μείζω
748 2215 871 2300 τοῦτον
889 2216 951 2276 τοῦ
965 2209 1059 2277 ’Ἁθω
1079 2215 1194 2294 ἔλεγεν

182 2307 287 2375 αὑτοῦ
295 2306 474 2377 ἀνεστάναι
482 2311 518 2375 ἐν
527 2325 597 2387 ταῖς
606 2317 675 2377 τῶν
683 2306 734 2376 ἀεὶ
743 2311 1005 2394 μεμνησομένων
1015 2312 1194 2386 διανοίαις·

182 2406 224 2472 οὐ
240 2403 305 2490 γάρ
319 2412 441 2490 μικράς
458 2404 543 2473 εἶναι
556 2406 691 2491 γνώμης
709 2404 881 2492 ὑπεριδεῖν
896 2405 985 2474 οὑτω
1000 2405 1194 2491 παραδόξου

181 2508 285 2587 τιμῆς.
317 2507 366 2569 10.
390 2505 444 2569 καὶ
461 2501 584 2589 ἑαυτην
601 2497 666 2570 οὑν
681 2500 718 2570 τό
735 2505 797 2589 μὲν
810 2504 944 2589 πλάσμα
961 2523 1024 2570 σου
1044 2505 1194 2570 ἐπαινεῖν

181 2602 236 2668 καὶ
245 2596 307 2685 τὴν
318 2601 470 2667 ἐπίνοιαν
478 2609 545 2668 των
556 2602 696 2669 εἰκόνων
703 2600 767 2689 ,μη
777 2608 950 2689 γνωρίζειν
960 2603 996 2669 δὲ
1006 2599 1067 2687 τὴν
1075 2599 1194 2687 ὁμοιό-
1262 2648 1273 2662 ·

180 2725 275 2784 τητα·
301 2696 349 2785 μη
365 2696 430 2783 γάρ
446 2697 530 2766 εῖναι
545 2706 614 2767 τῶν
627 2702 833 2786 τηλικούτων
848 2699 959 2786 ἀξίαν,
981 2704 1064 2786 μηδὲ
1080 2699 1191 2786 ε’γγός,

181 2795 233 2865 ότι
245 2799 327 2884 μηδὲ
338 2795 443 2884 ἀλλην
454 2799 545 2883 τινά,
560 2801 705 2884 γυναῖκά
719 2828 757 2888 γε
769 2795 892 2869 οὖσαν·
915 2798 999 2867 ὥστε
1009 2797 1130 2884 ἀφίησί
1139 2820 1193 2866 σοι

111 2909 163 2961 490
181 2899 308 2984 ταύτην
322 2894 384 2984 τὴν
397 2894 497 2984 τιμην
506 2899 562 2966 καί
576 2915 762 2983 προσκυνεῖ
770 2920 833 2968 σου
844 2897 884 2967 τά
899 2897 1067 2984 ἀρχέτυπα
1082 2922 1193 2981 παρα-

181 3001 346 3083 δείγματα.
381 2993 424 3062 σὺ
447 2999 483 3063 δὲ
507 2993 547 3063 τά
572 2993 774 3082 ἀνθρώπινα
796 3005 900 3066 ταῦτα
923 3001 1051 3066 ἐπαίνει
1073 2993 1190 3081 αὑτήν,

180 3096 263 3181 μηδὲ
274 3092 358 3180 ὑπὲρ
371 3091 431 3162 τόν
442 3094 529 3161 πόδα
541 3099 623 3162 ἔσται
635 3091 673 3162 τδ
684 3092 858 3182 ὑπόδημα,
876 3093 920 3182 μὴ
932 3097 988 3163 καὶ
998 3097 1192 3180 ἐπιστομίσῃ

180 3218 236 3279 με,
254 3200 374 3279 φησίν,
392 3197 682 3278 ἐμπεριπατοῦσαν
697 3191 795 3285 αὑτῷ.
819 3191 954 3262 κάκεῖνο
970 3193 1006 3261 δέ
1019 3199 1122 3262 εἰπεῖν
1137 3213 1191 3260 σοι

180 3295 371 3358 ἐνετείλατο.
396 3287 603 3376 11.’Λκοόω,
621 3297 701 3377 ἔφη,
722 3300 856 3361 πολλῶν
871 3291 1041 3378 λεγόντων
1052 3333 1095 3344 —-
1111 3297 1140 3360 εί
1154 3292 1191 3358 δέ

180 3383 314 3471 ἀληθές,
330 3384 422 3473 ὑμεῖς
434 3393 468 3456 ολ
476 3387 598 3474 ἀνδρες
613 3397 734 3456 ίστε-
745 3389 823 3477 μηδ’
839 3387 1057 3475 Ὀλυμπίασιν
1071 3393 1190 3472 ε’ξεῖναι
