2575 3842
176 204 238 268 132
527 208 828 267 ΛΟΤΚΙΑΝΟΤ

176 371 243 432 τῶν
257 346 465 451 αὐτοφώνων
477 359 531 452 ήν.
555 368 700 456 ἐρομένῳ
715 367 750 434 δὲ
765 364 854 455 αὐτῷ
869 392 947 436 ποτε
960 372 1013 436 καλ
1031 366 1106 454 περί
1118 368 1182 453 γά-

176 486 242 547 μου
255 463 360 547 ῥητῶς
377 468 456 547 ἔοι·

259 567 374 645 Γῆμον
387 559 606 647 Ἀλεξάνδρου
620 587 657 627 τε
671 568 856 646 Σεληναίης
872 588 906 627 τε
921 561 1084 646 θύγατρα.

177 657 364 727 διεδεδώκει
380 658 416 727 δὲ
431 660 533 726 πάλαι
552 658 656 742 λόγον
677 656 720 735 ώς
736 667 794 742 τῆς
810 658 998 742 θυγατρός,
1025 655 1069 742 ἣν
1085 654 1181 740 εἶχεν,

176 758 213 823 ἐκ
233 756 385 840 Σελήνης
406 756 495 846 αὐτῷ
516 759 712 841 γενομένης·
746 754 807 841 τήν
826 754 892 840 γάρ
908 756 1063 841 Σελήνην
1085 760 1182 838 ἔρωτι

177 854 303 923 ἁλῶναι
324 851 430 919 αὐτοῦ
452 854 680 931 καθεύδοντός
706 879 785 919 ποτε
807 858 966 937 ίδοῦσαν,
991 850 1072 934 ὅπερ
1097 846 1183 937 αῦτη

178 957 272 1034 ἔθος,
287 953 504 1035 κοιμωμένων
515 953 596 1036 ἐρᾶν
607 957 675 1017 τῶν
685 959 804 1019 καλοῦν.
828 946 893 1017 ὁδ’
905 949 1004 1018 οὐδέν
1019 947 1182 1035 μελλήσας

177 1048 195 1117 ὁ
213 1049 438 1127 συνετώτατος
446 1048 686 1128 Ῥουτιλλιανδς
702 1056 847 1134 ἔπεμπεν
862 1046 967 1126 εῦθῦς
982 1050 1034 1115 ἐπί
1049 1045 1111 1133 τήν
1122 1046 1182 1113 κό-

178 1172 242 1233 ρην
253 1148 307 1213 καί
317 1144 395 1224 τοῦς
409 1146 536 1233 γάμους
550 1149 712 1227 ξυνετέλει
723 1146 959 1232 ἑξηκοντούτης
969 1150 1113 1228 νυμφίος
1127 1144 1183 1208 καὶ

178 1249 301 1328 σννήν,
317 1242 378 1328 τήν
390 1241 562 1330 πενθερὰν
573 1244 728 1330 Σελήνην
737 1242 933 1329 ’ἑκατόμβαις
944 1239 1036 1317 ὅλαις
1046 1239 1183 1306 ίλασκό-

178 1366 276 1425 μενος
296 1343 351 1409 καὶ
371 1351 439 1410 τών
463 1345 671 1427 ἐπουρανίων
693 1336 739 1419 εἷς
763 1344 817 1407 καὶ
836 1335 935 1415 αῦτδς
957 1338 1107 1421 οἰόμενος
1123 1360 1182 1418 γε-

177 1440 321 1522 γονένοιι.

109 1546 160 1599 243
261 1540 312 1601 36.
332 1532 368 1600 ‘0
387 1531 420 1600 δ’
437 1532 482 1613 ὡς
500 1533 585 1614 ἅπαξ
602 1544 670 1603 τών
687 1538 723 1603 ἐν
741 1534 858 1624 Ἰταλίηι
882 1532 1085 1620 πραγμάτων
1105 1534 1181 1600 ἐλά-

178 1637 270 1716 βετο,
297 1635 394 1715 μείζω
409 1628 460 1698 άελ
478 1632 693 1717 προσεπενόει
712 1634 766 1700 καὶ
786 1634 929 1700 πάντοσε
943 1639 1001 1717 τῆς
1016 1628 1182 1716 Ῥωμαίων

178 1723 280 1809 ἀρχῆς
294 1730 417 1810 ἔπεμπε
429 1728 677 1814 χρησμολόγους
688 1744 757 1807 ταῖς
774 1729 887 1797 πόλεσι
899 1731 1086 1815 προλέγων,
1109 1735 1182 1793 λοι-

178 1818 262 1908 μοῦς
272 1823 327 1889 καί
341 1824 504 1909 πυρκαϊὰς
515 1827 742 1910 φυλάττεσθαι
757 1829 812 1894 καί
823 1826 988 1911 σεισμούς,
1005 1826 1059 1892 καὶ
1071 1821 1178 1908 άσφα-

178 1924 242 1995 λώς
253 1920 447 2008 βοηθήσειν,
459 1920 502 2000 ὡς
510 1921 552 2009 μή
565 1924 694 2008 γένοιτό
706 1950 737 1991 τι
751 1924 890 2006 τούτων,
900 1920 999 2001 αῦτός
1010 1919 1180 2006 ὑπισχνεῖ-

177 2040 214 2081 το
231 2016 349 2096 αῦτοῐς.
382 2020 441 2086 ένα
458 2025 496 2087 δέ
508 2046 581 2088 τινα
593 2022 756 2107 χρησμόν,
778 2017 978 2105 αὐτόφωνον
993 2019 1047 2086 καὶ
1063 2014 1179 2099 αὐτόν,

179 2116 210 2192 ἐς
228 2109 414 2184 άπαντατά
431 2124 515 2204 ἔθνη
538 2122 574 2186 έν
591 2128 636 2208 τῷ
657 2127 761 2210 λοιμῷ
782 2123 1000 2206 διεπέμψατο·
1027 2112 1072 2203 ήν
1089 2115 1124 2185 δέ
1141 2112 1178 2183 τό

179 2219 256 2293 έπος
273 2216 327 2281 έν·

264 2320 385 2400 Φοῖβος
395 2309 618 2399 άκερσεκόμης
628 2322 747 2401 λοιμοῦ
762 2317 906 2400 νεφέλην
924 2311 1090 2398 άπερῦκει.

178 2410 233 2476 καὶ
249 2417 346 2475 τοῦτο
360 2403 404 2494 ήν
425 2415 508 2478 ίδεϊν
525 2408 561 2477 τό
584 2416 662 2489 έπος
676 2419 845 2498 πανταχοῦ
860 2414 911 2479 ἐπὶ
931 2418 998 2478 τών
1013 2412 1180 2478 πυλώνων

178 2508 408 2591 γεγραμμένον
433 2503 476 2586 ώς
495 2516 556 2575 τοῦ
578 2517 697 2595 λοιμοῦ
723 2508 1001 2596 ἀλεξιφάρμακον.
1033 2507 1069 2576 τό
1092 2508 1123 2576 δ’
1147 2512 1181 2587 ἐς

178 2600 374 2672 τοῦναντίον
385 2620 452 2684 τοῖς
468 2613 631 2685 πλείστοις
644 2607 847 2695 προύχώρει·
868 2607 950 2677 κατὰ
960 2606 1025 2695 γάρ
1034 2635 1109 2675 τινα
1120 2608 1180 2674 τῦ-

177 2726 240 2787 χην
257 2694 354 2769 αὗται
370 2701 510 2789 μάλιστα
526 2709 562 2772 αί
574 2712 673 2775 οἰκίαι
688 2706 919 2793 ἐκενώθησαν,
936 2726 972 2775 έν
986 2704 1037 2785 οἷς
1050 2705 1087 2774 τό
1103 2712 1180 2783 ἔπος

178 2802 410 2885 ἐπεγέγραπτο.
440 2806 495 2871 καὶ
509 2804 555 2890 μή
576 2831 617 2889 με
638 2813 775 2891 νομίσῃς
789 2813 887 2872 τοῦτο
902 2808 1027 2890 λέγειν,
1053 2802 1103 2871 ότι
1125 2802 1179 2870 διὰ

177 2895 215 2964 τό
232 2903 309 2976 έπος
323 2896 535 2967 ἀπώλλυντο·
558 2898 641 2969 άλλά
654 2902 735 2989 τάχη
749 2905 812 2970 τινὶ
823 2900 928 2979 οὕτως
939 2903 1076 2987 ἐγένετο.
1099 2900 1181 2983 τάχα

178 2995 213 3062 δὲ
229 2998 283 3062 καὶ
303 3000 337 3063 οί
351 2999 466 3065 πολλοὶ
483 3007 691 3085 θαρροῦντες
710 3007 756 3085 τῷ
773 3006 869 3089 στίχῳ
884 2998 1029 3085 ήμέλουν
1050 3000 1105 3065 καὶ
1119 3000 1180 3084 ῥᾳ-

177 3093 368 3178 θυμότερον
389 3100 548 3183 διητώντο
569 3096 670 3164 οῦδὲν
690 3104 735 3186 τῷ
749 3104 884 3187 χρησμῷ
901 3094 984 3181 πρός
999 3093 1060 3181 τήν
1075 3096 1180 3161 νόσον

110 3207 162 3262 244
181 3198 432 3278 συντελοῦντες,
458 3190 500 3271 ώς
519 3190 562 3260 άν
577 3200 705 3279 ἔχοντες
726 3198 980 3280 προμαχομένας
994 3192 1106 3260 αὐτῶν
1123 3190 1181 3269 τάς

178 3285 344 3374 συλλαβάς
355 3290 409 3356 καὶ
420 3289 479 3356 τόν
491 3289 719 3379 άκερσεκόμην
733 3301 859 3379 Φοῖβον
867 3291 1109 3371 ἀποτοξεύοντα
1121 3289 1181 3357 τόν

176 3386 304 3465 λοιμόν.
327 3391 377 3451 37.
389 3395 561 3473 πευθῆνας
572 3393 684 3474 μέντοι
699 3394 735 3458 έν
750 3388 833 3479 αὐτῇ
845 3388 949 3479 Ῥώμη
961 3390 1181 3475 κατεστήσατο
