2575 3842
180 190 221 253 94
429 234 432 239 -
537 199 840 257 AOYKIANOY

181 344 208 419 ω’
222 352 343 438 ἀνδρες
363 359 530 442 δικασταί,
551 354 611 423 τὸν
628 354 804 442 εὐεργέτην
820 356 927 444 τούτῳ
942 356 1094 435 κολάζειν
1115 357 1187 422 ἐπι-

180 453 313 540 τρέψετε
330 458 384 522 καὶ
403 453 464 523 τὸν
482 456 636 523 σώσαντα
659 455 847 534 ἐξελαύνειν
863 458 916 521 καὶ
937 451 997 521 τόν
1017 462 1187 538 σωφρονί-

181 571 283 618 σαντα
293 567 403 637 μισεῖν
414 554 469 621 καὶ
480 550 540 620 τόν
551 550 782 637 ἀναστήσαντα
794 560 1027 637 τιμωρεῖσθαις
1050 548 1128 633 ούκ,
1143 547 1186 633 ἥν

179 675 217 732 γε
232 646 272 716 τά
288 654 398 717 δίκαια
411 657 534 735 ποιῆτε.
558 652 612 718 καὶ
625 648 690 735 γάρ
706 655 736 717 εί
749 647 788 717 τά
804 652 940 734 μέγιστα
955 653 1021 714 νῦν
1037 644 1184 731 ἁμαρτά-

180 771 251 812 νων
265 747 464 832 ἐτύγχανον,
481 740 526 832 ἦν
540 753 600 832 μοί
606 773 655 824 τις
671 744 712 812 ού
728 743 829 831 μικρά
845 745 1111 830 προοφειλομένη
1126 741 1186 827 χά-

181 869 241 928 ρις,
258 848 304 919 είς
312 840 356 928 ἣν
367 842 598 930 ἀποβλέποντα
609 851 729 910 τοῦτον
741 845 796 910 καλ
806 836 845 929 ἧς
856 844 1068 928 μεμνημένον
1079 847 1186 916 καλῶς

181 938 244 1024 είχε
259 947 327 1006 τῶν
341 940 403 1024 μὲν
418 940 595 1025 παρόντων
610 954 849 1024 καταφρονεῖν,
864 938 907 1006 δι’
925 944 1033 1006 ἐκεῖνα
1050 939 1086 1005 δὲ
1100 936 1186 1022 πρό-.

179 1065 293 1124 χειρον
307 1038 369 1125 τήν
386 1040 590 1126 συγγνώμην
604 1044 708 1124 ἐχειν,
734 1040 788 1106 καὶ
802 1040 942 1123 μάλιστα
962 1042 992 1105 εί
1004 1035 1184 1122 τηλικαύτη

178 1161 227 1213 τις
244 1132 264 1221 ἡ
280 1132 450 1220 εὐεργεσία
462 1137 637 1223 τυγχάνοι,
656 1134 701 1213 ὡς
715 1136 822 1203 πάντα
839 1132 1034 1221 ὑπερπαίειν
1051 1131 1090 1200 τά
1103 1129 1183 1219 μετὰ

179 1237 291 1298 ταῦτα.
315 1229 397 1313 ὅπερ
413 1231 503 1318 οἶμαι
514 1231 612 1319 κάμοὶ
626 1230 710 1317 πρὸς
720 1240 841 1300 τοῦτον
855 1230 1031 1318 ὑπάρχειν,
1048 1228 1089 1298 δν
1100 1236 1180 1297 ἔσω·

178 1349 238 1413 σα,
254 1331 309 1396 καὶ
323 1325 360 1407 δς
374 1338 434 1396 τοῦ
447 1337 525 1416 βίον
539 1329 664 1408 παντὸς
677 1330 841 1416 χρεώστης
857 1336 925 1398 ἐστι
940 1356 1013 1415 μοι,
1031 1332 1085 1395 καὶ
1102 1318 1130 1415 ᾦ
1144 1326 1181 1393 τὸ

111 1435 161 1492 173
181 1423 265 1492 εἶναι
280 1428 333 1492 καὶ
348 1423 384 1492 τὸ
400 1440 589 1511 σωφρονεῖν
602 1429 657 1495 καλ
671 1425 707 1493 τό
726 1432 877 1495 συνιέναι
892 1428 1112 1513 παρέσχημαι,
1127 1426 1183 1491 καὶ

180 1524 321 1609 μάλιστα
339 1521 394 1589 ὅτε
409 1528 443 1590 οί
461 1524 555 1592 ἄλλοι
575 1525 696 1602 πάντες
716 1523 778 1611 ἤδη
795 1523 1033 1610 ἀπεγνύκεσαν
1050 1525 1103 1590 καὶ
1124 1520 1183 1608 ἥτ-

179 1647 258 1698 τους
279 1618 362 1687 είναι
383 1618 579 1707 ὡμολόγουν
597 1629 655 1709 τῆς
675 1622 789 1689 νόσου.
823 1630 872 1692 16.
890 1630 987 1691 τοῦτο
1002 1622 1065 1707 γάρ
1085 1626 1182 1705 μείζω

180 1715 269 1799 οἶμαι
284 1730 392 1783 ποιεῖν
409 1714 470 1802 τὴν
484 1715 566 1804 ἐμὴν
582 1716 790 1806 εὐεργεσίαν,
813 1715 848 1797 δς
866 1717 943 1787 οὑτε
961 1716 1032 1796 υἱὸς
1047 1713 1095 1783 ἀν
1109 1715 1182 1782 τότε

180 1810 257 1879 ούτε
274 1808 459 1897 ἀναγκαίαν
470 1821 527 1901 τῆς
545 1821 726 1896 θεραπείας
742 1820 825 1901 έχων
840 1821 963 1899 αίτίαν,
988 1811 1070 1881 ἀλλά
1088 1812 1183 1880 ἐλεύ-

178 1920 280 1994 θερος
293 1911 464 1992 καθεστώς
477 1916 532 1982 καλ
543 1910 730 1998 ἀλλότριος,
748 1921 805 1999 τῆς
817 1920 960 1998 φυσικῆς
971 1918 1074 1988 αίτίας
1084 1907 1182 1996 ἀφει-

178 2012 292 2095 μένος,
316 2010 405 2096 ὅμως
429 2010 470 2078 ού
497 2015 681 2096 περιεῖδον,
709 2008 782 2079 ἀλλ’
812 2011 1003 2095 ἐθελοντής,
1030 2008 1180 2093 ἀκλητος,

178 2103 440 2195 αὐτεπάγγελτος
456 2101 554 2196 ἧκον,
578 2110 764 2195 ἐβοήθησα,
782 2107 1068 2193 προσελιπάρησα,
1085 2106 1182 2173 ίασά-

177 2232 260 2292 μην,
287 2203 450 2292 ἀνέστησα
475 2209 528 2274 καὶ
549 2205 610 2274 τόν
631 2210 755 2293 πατέρα
775 2210 905 2297 ἐμαυτῷ
925 2208 1105 2293 διεφύλαξα
1126 2208 1181 2272 καλ

176 2299 260 2386 ὑπὲρ
275 2310 332 2387 τῆς
346 2302 579 2388 ἀποκηρύξεως
594 2300 853 2390 ἀπελογησάμην·
866 2305 921 2371 καὶ
936 2311 974 2391 ιη’
991 2300 1104 2392 εύνοίρι
1118 2300 1181 2387 την

108 2419 115 2458 ’.
146 2446 149 2451 -
177 2394 282 2482 ὀργην
299 2404 427 2465 ἔπαυσα
447 2403 501 2468 καὶ
517 2399 578 2467 τόν
592 2401 699 2487 νόμον
718 2408 820 2469 ἔλυσα
840 2409 880 2490 τῇ
895 2406 1109 2489 φιλοστοργίᾳ
1125 2401 1181 2466 καὶ

176 2496 321 2581 μεγάλης
337 2493 526 2582 εὐεργεσίας
539 2498 601 2584 τὴν
612 2506 658 2576 είς
673 2497 709 2566 τό
725 2504 821 2585 γένος
832 2500 999 2568 ἐπάνοδον
1015 2498 1180 2584 ἐπριάμην

176 2594 231 2658 καλ
240 2593 277 2657 ἐν
288 2590 393 2668 οὕτως
402 2597 578 2680 ἐπισφαλεῖ
585 2604 689 2685 καιρῷ
699 2596 759 2683 την
771 2596 854 2684 πρός
866 2598 925 2666 τόν
935 2601 1059 2683 πατέρα
1069 2604 1180 2666 πίστιν

176 2689 393 2775 ἐπεδειξάμην
406 2695 461 2759 καῖ
474 2692 554 2778 μετά
565 2701 622 2779 τῆς
636 2696 751 2782 τέχνης
762 2696 906 2783 ἐμαυτόν
922 2703 1109 2783 είσεποίησα
1125 2696 1179 2762 καὶ

175 2787 312 2874 γνήσιος
326 2786 398 2867 υίὸς
412 2792 449 2857 ἐν
463 2805 531 2869 τοῖς
545 2795 667 2869 δεινοῖς
680 2790 864 2882 ἀνεφάνην.
886 2795 974 2863 πόσα
986 2792 1050 2881 γάρ
1067 2803 1179 2862 οίεσθε

175 2897 298 2955 παθεῖν
313 2913 369 2974 με,
386 2889 472 2955 πόσα
488 2904 605 2976 καμεῖν
618 2892 785 2978 παρόντα,
801 2892 1047 2980 ὑπηρετοῦντα,
1063 2918 1179 2977 καιρο-

174 2995 407 3074 φυλακοῦντα,
424 2996 490 3056 νῦν
500 2992 562 3075 μὲν
576 2999 708 3058 είκοντα
719 2998 759 3079 τῇ
772 3000 833 3059 τοῦ
844 2992 977 3070 πάθους
992 2991 1096 3080 ἀκμῇ,
1112 2997 1177 3057 νῦν

173 3086 209 3153 δέ
225 3084 286 3171 τὴν
299 3088 417 3172 τέχνην
431 3087 597 3173 ἐπάγοντα
613 3085 696 3175 πρὸς
710 3085 825 3174 ὀλίγον
837 3092 1026 3169 ἐνδιδόντος
1040 3097 1101 3158 τοῦ
1115 3116 1178 3156 κα-

172 3190 254 3264 κούς
275 3191 343 3251 ἐστι
360 3187 396 3254 δέ
410 3194 478 3253 τῶν
493 3186 601 3256 ὄντων
615 3186 775 3255 ἁπάντων
793 3189 923 3255 τούτων
939 3193 976 3257 ἐν
992 3198 1032 3279 τῇ
1048 3196 1177 3277 ίατρικῇ

172 3280 208 3348 τὸ
219 3284 509 3371 ἐπισφαλέστατον,
520 3283 598 3364 τοὺς
608 3286 781 3363 τοιούτους
791 3292 908 3355 ἰᾶσθαι
919 3293 973 3356 καὶ
984 3291 1177 3375 πλησιάζειν

172 3377 261 3446 οὕτω
273 3385 506 3469 διακειμένοις·
524 3386 557 3461 ές
567 3380 632 3469 γάρ
644 3382 722 3461 τούς
736 3392 878 3471 πλησίον
889 3387 1047 3466 πολλάκις
1057 3386 1173 3475 ἀφιᾶσι
