<?xml version="1.0" encoding="UTF-8"?>
<!DOCTYPE html PUBLIC "-//W3C//DTD XHTML 1.0 Transitional//EN"
    "http://www.w3.org/TR/xhtml1/DTD/xhtml1-transitional.dtd">
<html xmlns="http://www.w3.org/1999/xhtml" xml:lang="en" lang="en">
 <head>
  <title>
</title>
<meta http-equiv="Content-Type" content="text/html;charset=utf-8" />
  <meta name='ocr-system' content='tesseract 3.04.00' />
  <meta name='ocr-capabilities' content='ocr_page ocr_carea ocr_par ocr_line ocrx_word'/>
</head>
<body>
  <div class='ocr_page' id='page_1' title='image "./operaadoptimoru00jacogoog/operaadoptimoru00jacogoog_0027.png"; bbox 0 0 2575 3842; ppageno 0'>
   <div class='ocr_carea' id='block_1_1' title="bbox 167 218 1086 278">
    <p class='ocr_par' dir='ltr' id='par_1_1' title="bbox 167 218 1086 278">
     <span class='ocr_line' id='line_1_1' title="bbox 167 218 1086 278; baseline 0.003 -3"><span class='ocrx_word' id='word_1_1' title='bbox 167 218 278 275; x_wconf 70' lang='grc' dir='ltr'><em>ΠΩΣ</em></span> <span class='ocrx_word' id='word_1_2' title='bbox 295 219 383 275; x_wconf 82' lang='grc' dir='ltr'><em>ΔΕΙ</em></span> <span class='ocrx_word' id='word_1_3' title='bbox 404 218 650 275; x_wconf 86' lang='grc' dir='ltr'><strong><em>ΙΣΤΟΡΙΑΝ</em></strong></span> <span class='ocrx_word' id='word_1_4' title='bbox 670 220 1002 278; x_wconf 76' lang='grc' dir='ltr'><em>ΣΤΓΓΡΑΦΕΙΝ.</em></span> <span class='ocrx_word' id='word_1_5' title='bbox 1065 218 1086 278; x_wconf 86' lang='grc'><em>3</em></span> 
     </span>
    </p>
   </div>
   <div class='ocr_carea' id='block_1_2' title="bbox 65 371 1116 3570">
    <p class='ocr_par' dir='ltr' id='par_1_2' title="bbox 65 371 1116 3570">
     <span class='ocr_line' id='line_1_2' title="bbox 71 371 1085 463; baseline 0.001 -18"><span class='ocrx_word' id='word_1_6' title='bbox 71 385 104 445; x_wconf 85' lang='grc' dir='ltr'><em>τί</em></span> <span class='ocrx_word' id='word_1_7' title='bbox 118 371 186 445; x_wconf 79' lang='grc' dir='ltr'><em>οὖν</em></span> <span class='ocrx_word' id='word_1_8' title='bbox 201 383 366 462; x_wconf 78' lang='grc' dir='ltr'><em>ἔγνωσταί</em></span> <span class='ocrx_word' id='word_1_9' title='bbox 385 403 441 461; x_wconf 92' lang='grc' dir='ltr'><em>μοι</em></span> <span class='ocrx_word' id='word_1_10' title='bbox 463 379 517 443; x_wconf 81' lang='grc' dir='ltr'><em>καλ</em></span> <span class='ocrx_word' id='word_1_11' title='bbox 538 382 607 454; x_wconf 78' lang='grc' dir='ltr'><em>πως</em></span> <span class='ocrx_word' id='word_1_12' title='bbox 623 374 782 461; x_wconf 78' lang='grc' dir='ltr'><strong><em>ἀσφαλῶς</em></strong></span> <span class='ocrx_word' id='word_1_13' title='bbox 804 381 932 463; x_wconf 81' lang='grc' dir='ltr'><em>μεθέξω</em></span> <span class='ocrx_word' id='word_1_14' title='bbox 946 385 1006 446; x_wconf 83' lang='grc' dir='ltr'><em>τοῦ</em></span> <span class='ocrx_word' id='word_1_15' title='bbox 1022 404 1085 446; x_wconf 91' lang='grc' dir='ltr'><em>πο-</em></span> 
     </span>
     <span class='ocr_line' id='line_1_3' title="bbox 69 472 1084 561; baseline 0.002 -19"><span class='ocrx_word' id='word_1_16' title='bbox 69 478 195 560; x_wconf 86' lang='grc' dir='ltr'><em>λέμου,</em></span> <span class='ocrx_word' id='word_1_17' title='bbox 213 472 312 551; x_wconf 82' lang='grc' dir='ltr'><em>αὐτὸς</em></span> <span class='ocrx_word' id='word_1_18' title='bbox 328 477 389 554; x_wconf 80' lang='grc' dir='ltr'><em>ἔξω</em></span> <span class='ocrx_word' id='word_1_19' title='bbox 404 477 522 560; x_wconf 82' lang='grc' dir='ltr'><em>βέλους</em></span> <span class='ocrx_word' id='word_1_20' title='bbox 536 475 652 557; x_wconf 79' lang='grc' dir='ltr'><em>ἑστώς,</em></span> <span class='ocrx_word' id='word_1_21' title='bbox 673 475 737 560; x_wconf 85' lang='grc' dir='ltr'><em>έγω’</em></span> <span class='ocrx_word' id='word_1_22' title='bbox 752 496 804 542; x_wconf 93' lang='grc' dir='ltr'><em>σοι</em></span> <span class='ocrx_word' id='word_1_23' title='bbox 822 475 949 559; x_wconf 90' lang='grc' dir='ltr'><em>φράσω.</em></span> <span class='ocrx_word' id='word_1_24' title='bbox 981 477 1084 561; x_wconf 72' lang='grc' dir='ltr'><em>,μού-</em></span> 
     </span>
     <span class='ocr_line' id='line_1_4' title="bbox 70 571 1083 662; baseline 0.001 -22"><span class='ocrx_word' id='word_1_25' title='bbox 70 599 134 640; x_wconf 90' lang='grc' dir='ltr'><em>του</em></span> <span class='ocrx_word' id='word_1_26' title='bbox 150 576 213 657; x_wconf 78' lang='grc' dir='ltr'><em>μὲν</em></span> <span class='ocrx_word' id='word_1_27' title='bbox 227 579 359 639; x_wconf 83' lang='grc' dir='ltr'><strong><em>καπνοῦ</em></strong></span> <span class='ocrx_word' id='word_1_28' title='bbox 374 574 428 640; x_wconf 85' lang='grc' dir='ltr'><em>καὶ</em></span> <span class='ocrx_word' id='word_1_29' title='bbox 449 571 617 656; x_wconf 67' lang='grc' dir='ltr'><em>κάματοςιι</em></span> <span class='ocrx_word' id='word_1_30' title='bbox 637 575 692 639; x_wconf 88' lang='grc' dir='ltr'><em>καὶ</em></span> <span class='ocrx_word' id='word_1_31' title='bbox 714 577 919 658; x_wconf 75' lang='grc' dir='ltr'><em>φροντίδων,</em></span> <span class='ocrx_word' id='word_1_32' title='bbox 941 571 1017 641; x_wconf 81' lang='grc' dir='ltr'><em>ὅσαι</em></span> <span class='ocrx_word' id='word_1_33' title='bbox 1037 580 1083 662; x_wconf 79' lang='grc' dir='ltr'><em>τῷ</em></span> 
     </span>
     <span class='ocr_line' id='line_1_5' title="bbox 69 663 1084 757; baseline 0 -21"><span class='ocrx_word' id='word_1_34' title='bbox 69 681 266 755; x_wconf 73' lang='grc' dir='ltr'><em>συγγραφεῖ</em></span> <span class='ocrx_word' id='word_1_35' title='bbox 277 673 410 750; x_wconf 81' lang='grc' dir='ltr'><em>ἔνεισιν,</em></span> <span class='ocrx_word' id='word_1_36' title='bbox 426 667 530 748; x_wconf 83' lang='grc' dir='ltr'><em>ἀνέξω</em></span> <span class='ocrx_word' id='word_1_37' title='bbox 542 668 686 754; x_wconf 87' lang='grc' dir='ltr'><em>έμαυτόν</em></span> <span class='ocrx_word' id='word_1_38' title='bbox 702 663 741 736; x_wconf 82' lang='grc' dir='ltr'><em>εὖ</em></span> <span class='ocrx_word' id='word_1_39' title='bbox 754 676 871 754; x_wconf 80' lang='grc' dir='ltr'><em>ποιων,</em></span> <span class='ocrx_word' id='word_1_40' title='bbox 887 677 1084 757; x_wconf 89' lang='grc' dir='ltr'><em>παραίνεσιν</em></span> 
     </span>
     <span class='ocr_line' id='line_1_6' title="bbox 71 765 1083 854; baseline 0 -22"><span class='ocrx_word' id='word_1_41' title='bbox 71 769 112 834; x_wconf 89' lang='grc' dir='ltr'><em>δέ</em></span> <span class='ocrx_word' id='word_1_42' title='bbox 122 793 201 833; x_wconf 90' lang='grc' dir='ltr'><em>τινα</em></span> <span class='ocrx_word' id='word_1_43' title='bbox 216 765 340 852; x_wconf 85' lang='grc' dir='ltr'><em>μικράν</em></span> <span class='ocrx_word' id='word_1_44' title='bbox 356 767 409 834; x_wconf 80' lang='grc' dir='ltr'><em>καὶ</em></span> <span class='ocrx_word' id='word_1_45' title='bbox 423 765 598 853; x_wconf 78' lang='grc' dir='ltr'><strong><em>ὑποθήκας</em></strong></span> <span class='ocrx_word' id='word_1_46' title='bbox 610 767 731 845; x_wconf 84' lang='grc' dir='ltr'><em>ταύτας</em></span> <span class='ocrx_word' id='word_1_47' title='bbox 744 765 856 852; x_wconf 83' lang='grc' dir='ltr'><strong><em>ὀλίγας</em></strong></span> <span class='ocrx_word' id='word_1_48' title='bbox 867 767 1083 854; x_wconf 87' lang='grc' dir='ltr'><em>ὑποθήσομαι</em></span> 
     </span>
     <span class='ocr_line' id='line_1_7' title="bbox 69 862 1063 950; baseline 0 -20"><span class='ocrx_word' id='word_1_49' title='bbox 69 879 141 942; x_wconf 81' lang='grc' dir='ltr'><em>τοῖς</em></span> <span class='ocrx_word' id='word_1_50' title='bbox 157 864 429 950; x_wconf 79' lang='grc' dir='ltr'><em>συγγράφουσιν,</em></span> <span class='ocrx_word' id='word_1_51' title='bbox 446 862 489 942; x_wconf 78' lang='grc' dir='ltr'><em>ὡς</em></span> <span class='ocrx_word' id='word_1_52' title='bbox 503 866 744 950; x_wconf 81' lang='grc' dir='ltr'><em>κοινωνήσαιμι</em></span> <span class='ocrx_word' id='word_1_53' title='bbox 756 862 868 942; x_wconf 77' lang='grc' dir='ltr'><em>αὐτοῖς</em></span> <span class='ocrx_word' id='word_1_54' title='bbox 883 872 940 950; x_wconf 81' lang='grc' dir='ltr'><em>τῆς</em></span> <span class='ocrx_word' id='word_1_55' title='bbox 951 869 1063 932; x_wconf 90' lang='grc' dir='ltr'><em>οίκοδο</em></span> 
     </span>
     <span class='ocr_line' id='line_1_8' title="bbox 70 960 1083 1053; baseline -0.004 -23"><span class='ocrx_word' id='word_1_56' title='bbox 70 969 166 1048; x_wconf 91' lang='grc' dir='ltr'><em>μίας,</em></span> <span class='ocrx_word' id='word_1_57' title='bbox 187 968 218 1030; x_wconf 91' lang='grc' dir='ltr'><em>εί</em></span> <span class='ocrx_word' id='word_1_58' title='bbox 232 965 285 1030; x_wconf 81' lang='grc' dir='ltr'><em>καὶ</em></span> <span class='ocrx_word' id='word_1_59' title='bbox 301 960 345 1049; x_wconf 86' lang='grc' dir='ltr'><em>μή</em></span> <span class='ocrx_word' id='word_1_60' title='bbox 357 969 414 1048; x_wconf 81' lang='grc' dir='ltr'><em>τῆς</em></span> <span class='ocrx_word' id='word_1_61' title='bbox 425 965 624 1049; x_wconf 79' lang='grc' dir='ltr'><em>ἐπιγραφῆς,</em></span> <span class='ocrx_word' id='word_1_62' title='bbox 641 961 733 1053; x_wconf 83' lang='grc' dir='ltr'><em>ἀκρφ</em></span> <span class='ocrx_word' id='word_1_63' title='bbox 749 970 843 1048; x_wconf 80' lang='grc' dir='ltr'><em>γετῷ</em></span> <span class='ocrx_word' id='word_1_64' title='bbox 859 963 1011 1052; x_wconf 75' lang='grc' dir='ltr'><strong><em>δακτύλῳ</em></strong></span> <span class='ocrx_word' id='word_1_65' title='bbox 1022 968 1083 1029; x_wconf 86' lang='grc' dir='ltr'><em>τοῦ</em></span> 
     </span>
     <span class='ocr_line' id='line_1_9' title="bbox 70 1059 1084 1144; baseline -0.001 -18"><span class='ocrx_word' id='word_1_66' title='bbox 70 1065 183 1144; x_wconf 83' lang='grc' dir='ltr'><strong><em>πηλοῦ</em></strong></span> <span class='ocrx_word' id='word_1_67' title='bbox 193 1060 459 1144; x_wconf 76' lang='grc' dir='ltr'><em>προσαψάμενος.</em></span> <span class='ocrx_word' id='word_1_68' title='bbox 476 1065 504 1126; x_wconf 83' lang='lat'><em>5.</em></span> <span class='ocrx_word' id='word_1_69' title='bbox 517 1059 713 1127; x_wconf 75' lang='grc' dir='ltr'><em>καίτοιοάδδ</em></span> <span class='ocrx_word' id='word_1_70' title='bbox 724 1061 949 1143; x_wconf 81' lang='grc' dir='ltr'><em>παραινέσεως</em></span> <span class='ocrx_word' id='word_1_71' title='bbox 958 1064 992 1126; x_wconf 92' lang='grc' dir='ltr'><em>οί</em></span> <span class='ocrx_word' id='word_1_72' title='bbox 1000 1067 1084 1125; x_wconf 82' lang='grc' dir='ltr'><em>πολ-·</em></span> 
     </span>
     <span class='ocr_line' id='line_1_10' title="bbox 69 1153 1083 1243; baseline 0 -21"><span class='ocrx_word' id='word_1_73' title='bbox 69 1159 122 1224; x_wconf 79' lang='grc' dir='ltr'><em>λολ</em></span> <span class='ocrx_word' id='word_1_74' title='bbox 139 1161 211 1223; x_wconf 85' lang='grc' dir='ltr'><em>δεῖν</em></span> <span class='ocrx_word' id='word_1_75' title='bbox 226 1166 352 1224; x_wconf 90' lang='grc' dir='ltr'><em>οίονται</em></span> <span class='ocrx_word' id='word_1_76' title='bbox 367 1165 482 1241; x_wconf 90' lang='grc' dir='ltr'><em>σφίσιν</em></span> <span class='ocrx_word' id='word_1_77' title='bbox 498 1155 601 1224; x_wconf 81' lang='grc' dir='ltr'><em>έπλτό</em></span> <span class='ocrx_word' id='word_1_78' title='bbox 617 1165 769 1243; x_wconf 84' lang='grc' dir='ltr'><em>πρᾶγμα,</em></span> <span class='ocrx_word' id='word_1_79' title='bbox 785 1155 826 1224; x_wconf 85' lang='grc' dir='ltr'><em>οά</em></span> <span class='ocrx_word' id='word_1_80' title='bbox 837 1153 997 1242; x_wconf 84' lang='grc' dir='ltr'><em>μᾶλλονή</em></span> <span class='ocrx_word' id='word_1_81' title='bbox 1010 1161 1083 1240; x_wconf 87' lang='grc' dir='ltr'><em>τέχ-</em></span> 
     </span>
     <span class='ocr_line' id='line_1_11' title="bbox 69 1251 1082 1342; baseline -0.001 -21"><span class='ocrx_word' id='word_1_82' title='bbox 69 1281 132 1340; x_wconf 90' lang='grc' dir='ltr'><em>νης</em></span> <span class='ocrx_word' id='word_1_83' title='bbox 150 1253 241 1331; x_wconf 79' lang='grc' dir='ltr'><em>τινος</em></span> <span class='ocrx_word' id='word_1_84' title='bbox 257 1256 307 1322; x_wconf 78' lang='grc' dir='ltr'><em>ἐπὶ</em></span> <span class='ocrx_word' id='word_1_85' title='bbox 319 1252 355 1321; x_wconf 87' lang='grc' dir='ltr'>τό</span> <span class='ocrx_word' id='word_1_86' title='bbox 367 1257 511 1342; x_wconf 78' lang='grc' dir='ltr'><em>βαδίζειν</em></span> <span class='ocrx_word' id='word_1_87' title='bbox 522 1251 544 1341; x_wconf 86' lang='grc' dir='ltr'><em>ή</em></span> <span class='ocrx_word' id='word_1_88' title='bbox 554 1257 691 1341; x_wconf 83' lang='grc' dir='ltr'><em>βλέπειν</em></span> <span class='ocrx_word' id='word_1_89' title='bbox 701 1252 723 1340; x_wconf 89' lang='grc' dir='ltr'><em>ή</em></span> <span class='ocrx_word' id='word_1_90' title='bbox 735 1259 878 1341; x_wconf 82' lang='grc' dir='ltr'><em>ἐσθίειν,</em></span> <span class='ocrx_word' id='word_1_91' title='bbox 895 1252 978 1322; x_wconf 88' lang='grc' dir='ltr'><em>ἀλλά</em></span> <span class='ocrx_word' id='word_1_92' title='bbox 990 1254 1082 1320; x_wconf 90' lang='grc' dir='ltr'><em>πάνυ</em></span> 
     </span>
     <span class='ocr_line' id='line_1_12' title="bbox 70 1351 1081 1441; baseline 0 -22"><span class='ocrx_word' id='word_1_93' title='bbox 70 1357 199 1441; x_wconf 83' lang='grc' dir='ltr'><em>ῥᾷστον</em></span> <span class='ocrx_word' id='word_1_94' title='bbox 216 1354 271 1419; x_wconf 81' lang='grc' dir='ltr'><em>καὶ</em></span> <span class='ocrx_word' id='word_1_95' title='bbox 285 1353 464 1439; x_wconf 85' lang='grc' dir='ltr'><em>πρόχειρον</em></span> <span class='ocrx_word' id='word_1_96' title='bbox 478 1356 532 1420; x_wconf 82' lang='grc' dir='ltr'><em>καλ</em></span> <span class='ocrx_word' id='word_1_97' title='bbox 553 1351 700 1431; x_wconf 89' lang='grc' dir='ltr'><em>άπαντος</em></span> <span class='ocrx_word' id='word_1_98' title='bbox 721 1352 805 1421; x_wconf 76' lang='grc' dir='ltr'><em>εἶναι</em></span> <span class='ocrx_word' id='word_1_99' title='bbox 826 1359 976 1439; x_wconf 73' lang='grc' dir='ltr'><em>ἱστορίαν</em></span> <span class='ocrx_word' id='word_1_100' title='bbox 998 1374 1081 1439; x_wconf 94' lang='grc' dir='ltr'><em>συγ-</em></span> 
     </span>
     <span class='ocr_line' id='line_1_13' title="bbox 70 1448 1080 1537; baseline -0.001 -20"><span class='ocrx_word' id='word_1_101' title='bbox 70 1453 216 1536; x_wconf 76' lang='grc' dir='ltr'><em>γράψαι,</em></span> <span class='ocrx_word' id='word_1_102' title='bbox 239 1449 281 1536; x_wconf 86' lang='grc' dir='ltr'><em>ήν</em></span> <span class='ocrx_word' id='word_1_103' title='bbox 301 1476 350 1529; x_wconf 92' lang='grc' dir='ltr'><em>τις</em></span> <span class='ocrx_word' id='word_1_104' title='bbox 365 1453 564 1535; x_wconf 80' lang='grc' dir='ltr'><em>ἑρμηνεῦσαι</em></span> <span class='ocrx_word' id='word_1_105' title='bbox 585 1448 621 1518; x_wconf 89' lang='grc' dir='ltr'>τὸ</span> <span class='ocrx_word' id='word_1_106' title='bbox 639 1451 785 1519; x_wconf 83' lang='grc' dir='ltr'><em>ἐπελθὸν</em></span> <span class='ocrx_word' id='word_1_107' title='bbox 804 1451 955 1537; x_wconf 83' lang='grc' dir='ltr'><em>δύνηται·</em></span> <span class='ocrx_word' id='word_1_108' title='bbox 987 1448 1023 1517; x_wconf 85' lang='grc' dir='ltr'><em>τὸ</em></span> <span class='ocrx_word' id='word_1_109' title='bbox 1045 1449 1080 1516; x_wconf 77' lang='grc' dir='ltr'><em>δὲ</em></span> 
     </span>
     <span class='ocr_line' id='line_1_14' title="bbox 71 1539 1081 1633; baseline -0.003 -19"><span class='ocrx_word' id='word_1_110' title='bbox 71 1546 174 1614; x_wconf 81' lang='grc' dir='ltr'><em>οἶσθά</em></span> <span class='ocrx_word' id='word_1_111' title='bbox 193 1571 260 1614; x_wconf 90' lang='grc' dir='ltr'><em>που</em></span> <span class='ocrx_word' id='word_1_112' title='bbox 275 1549 330 1614; x_wconf 83' lang='grc' dir='ltr'><em>καλ</em></span> <span class='ocrx_word' id='word_1_113' title='bbox 345 1545 463 1631; x_wconf 83' lang='grc' dir='ltr'><em>αὐτός,</em></span> <span class='ocrx_word' id='word_1_114' title='bbox 482 1539 508 1612; x_wconf 70' lang='grc' dir='ltr'><em>οδ</em></span> <span class='ocrx_word' id='word_1_115' title='bbox 523 1547 646 1632; x_wconf 79' lang='grc' dir='ltr'><em>ἑταῖρε,</em></span> <span class='ocrx_word' id='word_1_116' title='bbox 663 1547 706 1625; x_wconf 82' lang='grc' dir='ltr'><em>ὡς</em></span> <span class='ocrx_word' id='word_1_117' title='bbox 723 1546 764 1614; x_wconf 87' lang='grc' dir='ltr'><em>οά</em></span> <span class='ocrx_word' id='word_1_118' title='bbox 778 1555 845 1615; x_wconf 77' lang='grc' dir='ltr'><em>τῶν</em></span> <span class='ocrx_word' id='word_1_119' title='bbox 857 1545 1081 1633; x_wconf 85' lang='grc' dir='ltr'><em>εὐμεταχειρί-</em></span> 
     </span>
     <span class='ocr_line' id='line_1_15' title="bbox 71 1642 1116 1734; baseline 0.006 -24"><span class='ocrx_word' id='word_1_120' title='bbox 71 1666 160 1710; x_wconf 89' lang='grc' dir='ltr'><em>στων</em></span> <span class='ocrx_word' id='word_1_121' title='bbox 178 1642 257 1711; x_wconf 72' lang='grc' dir='ltr'><em>οὐδὲ</em></span> <span class='ocrx_word' id='word_1_122' title='bbox 268 1645 429 1734; x_wconf 78' lang='grc' dir='ltr'><em>ῥᾳθύμως</em></span> <span class='ocrx_word' id='word_1_123' title='bbox 440 1652 645 1732; x_wconf 79' lang='grc' dir='ltr'><em>συντεθῆναι</em></span> <span class='ocrx_word' id='word_1_124' title='bbox 662 1647 861 1731; x_wconf 80' lang='grc' dir='ltr'><em>δυναμένων</em></span> <span class='ocrx_word' id='word_1_125' title='bbox 874 1642 965 1712; x_wconf 82' lang='grc' dir='ltr'><em>τοῦτ’</em></span> <span class='ocrx_word' id='word_1_126' title='bbox 978 1649 1078 1729; x_wconf 81' lang='grc' dir='ltr'><em>ἐστίν,</em></span> <span class='ocrx_word' id='word_1_127' title='bbox 1098 1660 1116 1716; x_wconf 83' lang='grc'><strong>7</strong></span> 
     </span>
     <span class='ocr_line' id='line_1_16' title="bbox 71 1741 1081 1829; baseline 0.002 -21"><span class='ocrx_word' id='word_1_128' title='bbox 71 1741 174 1827; x_wconf 90' lang='grc' dir='ltr'><em>ἀλλά,</em></span> <span class='ocrx_word' id='word_1_129' title='bbox 197 1751 231 1809; x_wconf 82' lang='grc' dir='ltr'><em>ελ</em></span> <span class='ocrx_word' id='word_1_130' title='bbox 247 1768 276 1807; x_wconf 92' lang='grc' dir='ltr'><em>τι</em></span> <span class='ocrx_word' id='word_1_131' title='bbox 300 1744 336 1809; x_wconf 89' lang='grc' dir='ltr'><em>έν</em></span> <span class='ocrx_word' id='word_1_132' title='bbox 353 1743 464 1828; x_wconf 80' lang='grc' dir='ltr'><strong><em>λόγοις</em></strong></span> <span class='ocrx_word' id='word_1_133' title='bbox 484 1745 539 1810; x_wconf 82' lang='grc' dir='ltr'><em>καὶ</em></span> <span class='ocrx_word' id='word_1_134' title='bbox 561 1743 660 1828; x_wconf 87' lang='grc' dir='ltr'><em>ἀλλο,</em></span> <span class='ocrx_word' id='word_1_135' title='bbox 686 1750 809 1829; x_wconf 86' lang='grc' dir='ltr'><em>πολλής</em></span> <span class='ocrx_word' id='word_1_136' title='bbox 826 1751 883 1829; x_wconf 85' lang='grc' dir='ltr'><em>τῆς</em></span> <span class='ocrx_word' id='word_1_137' title='bbox 903 1746 1081 1827; x_wconf 86' lang='grc' dir='ltr'><em>φροντίδος</em></span> 
     </span>
     <span class='ocr_line' id='line_1_17' title="bbox 72 1837 1079 1927; baseline 0.003 -22"><span class='ocrx_word' id='word_1_138' title='bbox 72 1840 254 1924; x_wconf 87' lang='grc' dir='ltr'><em>δεόμενον,</em></span> <span class='ocrx_word' id='word_1_139' title='bbox 271 1837 314 1925; x_wconf 89' lang='grc' dir='ltr'><em>ήν</em></span> <span class='ocrx_word' id='word_1_140' title='bbox 329 1867 392 1924; x_wconf 88' lang='grc' dir='ltr'><em>τις,</em></span> <span class='ocrx_word' id='word_1_141' title='bbox 410 1837 483 1919; x_wconf 82' lang='grc' dir='ltr'><em>ὡςὸ</em></span> <span class='ocrx_word' id='word_1_142' title='bbox 502 1845 711 1927; x_wconf 82' lang='grc' dir='ltr'><em>Θουκυδίδης</em></span> <span class='ocrx_word' id='word_1_143' title='bbox 727 1848 847 1926; x_wconf 88' lang='grc' dir='ltr'><em>φησίν,</em></span> <span class='ocrx_word' id='word_1_144' title='bbox 864 1843 896 1919; x_wconf 86' lang='grc' dir='ltr'><em>ές</em></span> <span class='ocrx_word' id='word_1_145' title='bbox 912 1838 961 1908; x_wconf 76' lang='grc' dir='ltr'><em>ἀεὶ</em></span> <span class='ocrx_word' id='word_1_146' title='bbox 973 1851 1079 1927; x_wconf 82' lang='grc' dir='ltr'><em>κτῆμα</em></span> 
     </span>
     <span class='ocr_line' id='line_1_18' title="bbox 73 1934 1080 2027; baseline 0.002 -20"><span class='ocrx_word' id='word_1_147' title='bbox 73 1946 256 2025; x_wconf 75' lang='grc' dir='ltr'><em>συντιθείη.</em></span> <span class='ocrx_word' id='word_1_148' title='bbox 290 1937 438 2027; x_wconf 72' lang='grc' dir='ltr'><em>οἴδαμέν</em></span> <span class='ocrx_word' id='word_1_149' title='bbox 454 1934 519 2008; x_wconf 73' lang='grc' dir='ltr'><em>οὖν</em></span> <span class='ocrx_word' id='word_1_150' title='bbox 536 1939 577 2008; x_wconf 81' lang='grc' dir='ltr'><em>οὐ</em></span> <span class='ocrx_word' id='word_1_151' title='bbox 598 1941 688 2008; x_wconf 91' lang='grc' dir='ltr'><em>πάνυ</em></span> <span class='ocrx_word' id='word_1_152' title='bbox 709 1940 853 2019; x_wconf 77' lang='grc' dir='ltr'><em>πολλοὺς</em></span> <span class='ocrx_word' id='word_1_153' title='bbox 873 1938 985 2009; x_wconf 80' lang='grc' dir='ltr'><em>αὐτῶν</em></span> <span class='ocrx_word' id='word_1_154' title='bbox 1007 1945 1080 2009; x_wconf 89' lang='grc' dir='ltr'><em>έπι-</em></span> 
     </span>
     <span class='ocr_line' id='line_1_19' title="bbox 70 2035 1079 2123; baseline 0 -19"><span class='ocrx_word' id='word_1_155' title='bbox 70 2038 236 2121; x_wconf 76' lang='grc' dir='ltr'><em>στρέφων,</em></span> <span class='ocrx_word' id='word_1_156' title='bbox 252 2039 351 2116; x_wconf 82' lang='grc' dir='ltr'><em>ἐνίοις</em></span> <span class='ocrx_word' id='word_1_157' title='bbox 362 2039 398 2106; x_wconf 74' lang='grc' dir='ltr'><em>δέ</em></span> <span class='ocrx_word' id='word_1_158' title='bbox 410 2040 464 2107; x_wconf 81' lang='grc' dir='ltr'><em>καὶ</em></span> <span class='ocrx_word' id='word_1_159' title='bbox 477 2040 568 2106; x_wconf 89' lang='grc' dir='ltr'><em>πάνυ</em></span> <span class='ocrx_word' id='word_1_160' title='bbox 579 2035 726 2123; x_wconf 81' lang='grc' dir='ltr'><em>ἐπαχθής</em></span> <span class='ocrx_word' id='word_1_161' title='bbox 737 2038 855 2119; x_wconf 85' lang='grc' dir='ltr'><em>δόξων,</em></span> <span class='ocrx_word' id='word_1_162' title='bbox 870 2040 926 2104; x_wconf 82' lang='grc' dir='ltr'><em>καὶ</em></span> <span class='ocrx_word' id='word_1_163' title='bbox 937 2038 1079 2122; x_wconf 93' lang='grc' dir='ltr'><em>μάλιστα</em></span> 
     </span>
     <span class='ocr_line' id='line_1_20' title="bbox 72 2131 1077 2225; baseline -0.002 -24"><span class='ocrx_word' id='word_1_164' title='bbox 72 2133 208 2211; x_wconf 83' lang='grc' dir='ltr'><em>ὁπόσοις</em></span> <span class='ocrx_word' id='word_1_165' title='bbox 223 2131 471 2204; x_wconf 87' lang='grc' dir='ltr'><em>ἀποτετέλεσται</em></span> <span class='ocrx_word' id='word_1_166' title='bbox 487 2135 549 2223; x_wconf 84' lang='grc' dir='ltr'><em>ήδη</em></span> <span class='ocrx_word' id='word_1_167' title='bbox 565 2137 619 2204; x_wconf 78' lang='grc' dir='ltr'><em>καὶ</em></span> <span class='ocrx_word' id='word_1_168' title='bbox 636 2139 673 2203; x_wconf 90' lang='grc' dir='ltr'><em>έν</em></span> <span class='ocrx_word' id='word_1_169' title='bbox 693 2141 739 2225; x_wconf 78' lang='grc' dir='ltr'><em>τῷ</em></span> <span class='ocrx_word' id='word_1_170' title='bbox 755 2142 859 2223; x_wconf 77' lang='grc' dir='ltr'><em>κοινῷ</em></span> <span class='ocrx_word' id='word_1_171' title='bbox 876 2136 1037 2201; x_wconf 81' lang='grc' dir='ltr'><em>δέδεικται</em></span> <span class='ocrx_word' id='word_1_172' title='bbox 1057 2131 1077 2219; x_wconf 89' lang='grc' dir='ltr'><em>ή</em></span> 
     </span>
     <span class='ocr_line' id='line_1_21' title="bbox 72 2232 1077 2323; baseline -0.002 -23"><span class='ocrx_word' id='word_1_173' title='bbox 72 2239 208 2315; x_wconf 74' lang='grc' dir='ltr'><em>ἱστορία.</em></span> <span class='ocrx_word' id='word_1_174' title='bbox 230 2239 260 2300; x_wconf 92' lang='grc' dir='ltr'><em>εί</em></span> <span class='ocrx_word' id='word_1_175' title='bbox 274 2235 309 2300; x_wconf 75' lang='grc' dir='ltr'><em>δὲ</em></span> <span class='ocrx_word' id='word_1_176' title='bbox 323 2236 376 2301; x_wconf 78' lang='grc' dir='ltr'><em>καὶ</em></span> <span class='ocrx_word' id='word_1_177' title='bbox 388 2235 546 2323; x_wconf 79' lang='grc' dir='ltr'><em>ἐπῄνηται</em></span> <span class='ocrx_word' id='word_1_178' title='bbox 559 2232 624 2302; x_wconf 82' lang='grc' dir='ltr'><em>ὑπδ</em></span> <span class='ocrx_word' id='word_1_179' title='bbox 637 2242 706 2302; x_wconf 83' lang='grc' dir='ltr'><em>των</em></span> <span class='ocrx_word' id='word_1_180' title='bbox 717 2235 791 2305; x_wconf 88' lang='grc' dir='ltr'><em>τότε</em></span> <span class='ocrx_word' id='word_1_181' title='bbox 806 2232 1077 2320; x_wconf 88' lang='grc' dir='ltr'><em>ἀκροασαμένων,</em></span> 
     </span>
     <span class='ocr_line' id='line_1_22' title="bbox 72 2327 1078 2419; baseline -0.002 -21"><span class='ocrx_word' id='word_1_182' title='bbox 72 2339 173 2416; x_wconf 89' lang='grc' dir='ltr'><em>μανία</em></span> <span class='ocrx_word' id='word_1_183' title='bbox 184 2328 207 2416; x_wconf 86' lang='grc' dir='ltr'><em>ή</em></span> <span class='ocrx_word' id='word_1_184' title='bbox 217 2357 255 2415; x_wconf 89' lang='grc' dir='ltr'><em>γε</em></span> <span class='ocrx_word' id='word_1_185' title='bbox 265 2335 365 2417; x_wconf 80' lang='grc' dir='ltr'><em>ἐλπίς,</em></span> <span class='ocrx_word' id='word_1_186' title='bbox 382 2329 425 2410; x_wconf 82' lang='grc' dir='ltr'><em>ὡς</em></span> <span class='ocrx_word' id='word_1_187' title='bbox 437 2338 472 2400; x_wconf 89' lang='grc' dir='ltr'><em>οί</em></span> <span class='ocrx_word' id='word_1_188' title='bbox 476 2338 621 2400; x_wconf 85' lang='grc' dir='ltr'><em>τοιοῦτοι</em></span> <span class='ocrx_word' id='word_1_189' title='bbox 636 2333 917 2419; x_wconf 81' lang='grc' dir='ltr'><em>μεταποιήσουσιν</em></span> <span class='ocrx_word' id='word_1_190' title='bbox 928 2327 949 2416; x_wconf 83' lang='grc' dir='ltr'><em>ή</em></span> <span class='ocrx_word' id='word_1_191' title='bbox 961 2355 1078 2416; x_wconf 91' lang='grc' dir='ltr'><em>μετεγ-</em></span> 
     </span>
     <span class='ocr_line' id='line_1_23' title="bbox 71 2428 1077 2518; baseline -0.001 -21"><span class='ocrx_word' id='word_1_192' title='bbox 71 2431 243 2516; x_wconf 79' lang='grc' dir='ltr'><em>γράψουσί</em></span> <span class='ocrx_word' id='word_1_193' title='bbox 259 2458 289 2498; x_wconf 91' lang='grc' dir='ltr'><em>τι</em></span> <span class='ocrx_word' id='word_1_194' title='bbox 309 2440 376 2499; x_wconf 78' lang='grc' dir='ltr'><em>τῶν</em></span> <span class='ocrx_word' id='word_1_195' title='bbox 397 2429 482 2512; x_wconf 83' lang='grc' dir='ltr'><em>ἀπαξ</em></span> <span class='ocrx_word' id='word_1_196' title='bbox 505 2435 748 2518; x_wconf 90' lang='grc' dir='ltr'><em>κεκυρωμένων</em></span> <span class='ocrx_word' id='word_1_197' title='bbox 771 2434 825 2500; x_wconf 82' lang='grc' dir='ltr'><em>καλ</em></span> <span class='ocrx_word' id='word_1_198' title='bbox 847 2429 956 2517; x_wconf 76' lang='grc' dir='ltr'><em>ὥσπερ</em></span> <span class='ocrx_word' id='word_1_199' title='bbox 972 2433 1005 2508; x_wconf 87' lang='grc' dir='ltr'><em>ές</em></span> <span class='ocrx_word' id='word_1_200' title='bbox 1019 2428 1077 2507; x_wconf 87' lang='grc' dir='ltr'><em>τάς</em></span> 
     </span>
     <span class='ocr_line' id='line_1_24' title="bbox 71 2528 1077 2618; baseline -0.001 -22"><span class='ocrx_word' id='word_1_201' title='bbox 71 2536 260 2615; x_wconf 82' lang='grc' dir='ltr'><em>βασιλείους</em></span> <span class='ocrx_word' id='word_1_202' title='bbox 278 2528 381 2610; x_wconf 87' lang='grc' dir='ltr'><em>αάλάς</em></span> <span class='ocrx_word' id='word_1_203' title='bbox 401 2530 639 2618; x_wconf 89' lang='grc' dir='ltr'><em>ἀποκειμένων.</em></span> <span class='ocrx_word' id='word_1_204' title='bbox 670 2531 760 2618; x_wconf 82' lang='grc' dir='ltr'><em>ὅμως</em></span> <span class='ocrx_word' id='word_1_205' title='bbox 781 2533 817 2599; x_wconf 77' lang='grc' dir='ltr'><em>δὲ</em></span> <span class='ocrx_word' id='word_1_206' title='bbox 835 2528 875 2597; x_wconf 83' lang='grc' dir='ltr'><em>οὐ</em></span> <span class='ocrx_word' id='word_1_207' title='bbox 895 2545 1006 2616; x_wconf 85' lang='grc' dir='ltr'><em>χεῖρον</em></span> <span class='ocrx_word' id='word_1_208' title='bbox 1022 2532 1077 2596; x_wconf 80' lang='grc' dir='ltr'><em>καὶ</em></span> 
     </span>
     <span class='ocr_line' id='line_1_25' title="bbox 71 2625 1077 2717; baseline 0.002 -23"><span class='ocrx_word' id='word_1_209' title='bbox 71 2625 152 2713; x_wconf 83' lang='grc' dir='ltr'><em>πρὸς</em></span> <span class='ocrx_word' id='word_1_210' title='bbox 168 2625 292 2707; x_wconf 78' lang='grc' dir='ltr'><em>αὐτοὺς</em></span> <span class='ocrx_word' id='word_1_211' title='bbox 302 2632 450 2709; x_wconf 81' lang='grc' dir='ltr'><em>ἐκείνους</em></span> <span class='ocrx_word' id='word_1_212' title='bbox 461 2636 630 2717; x_wconf 86' lang='grc' dir='ltr'><em>είρήσθαι,</em></span> <span class='ocrx_word' id='word_1_213' title='bbox 648 2629 708 2715; x_wconf 78' lang='grc' dir='ltr'><em>ἵν’,</em></span> <span class='ocrx_word' id='word_1_214' title='bbox 726 2639 847 2699; x_wconf 75' lang='grc' dir='ltr'><em>εἴποτε</em></span> <span class='ocrx_word' id='word_1_215' title='bbox 862 2632 1004 2715; x_wconf 88' lang='grc' dir='ltr'><em>πόλεμος</em></span> <span class='ocrx_word' id='word_1_216' title='bbox 1016 2627 1077 2696; x_wconf 88' lang='grc' dir='ltr'><em>ἀλ-</em></span> 
     </span>
     <span class='ocr_line' id='line_1_26' title="bbox 71 2723 1076 2814; baseline -0.002 -20"><span class='ocrx_word' id='word_1_217' title='bbox 71 2735 124 2806; x_wconf 94' lang='grc' dir='ltr'><em>λος</em></span> <span class='ocrx_word' id='word_1_218' title='bbox 138 2732 298 2812; x_wconf 89' lang='grc' dir='ltr'><em>συσταίη,</em></span> <span class='ocrx_word' id='word_1_219' title='bbox 322 2723 344 2814; x_wconf 85' lang='grc' dir='ltr'><em>ή</em></span> <span class='ocrx_word' id='word_1_220' title='bbox 362 2735 496 2808; x_wconf 74' lang='grc' dir='ltr'><em>Κελτοῖς</em></span> <span class='ocrx_word' id='word_1_221' title='bbox 511 2727 594 2813; x_wconf 82' lang='grc' dir='ltr'><em>πρὸς</em></span> <span class='ocrx_word' id='word_1_222' title='bbox 607 2725 744 2814; x_wconf 86' lang='grc' dir='ltr'><em>Γέταςή</em></span> <span class='ocrx_word' id='word_1_223' title='bbox 762 2727 874 2807; x_wconf 81' lang='grc' dir='ltr'><em>Ἰνδοῖς</em></span> <span class='ocrx_word' id='word_1_224' title='bbox 889 2725 972 2813; x_wconf 87' lang='grc' dir='ltr'><em>πρός</em></span> <span class='ocrx_word' id='word_1_225' title='bbox 986 2735 1076 2795; x_wconf 91' lang='grc' dir='ltr'><em>Βακ-</em></span> 
     </span>
     <span class='ocr_line' id='line_1_27' title="bbox 70 2823 1076 2915; baseline -0.003 -22"><span class='ocrx_word' id='word_1_226' title='bbox 70 2833 183 2909; x_wconf 68' lang='grc' dir='ltr'><em>τρίους</em></span> <span class='ocrx_word' id='word_1_227' title='bbox 194 2867 238 2876; x_wconf 94' lang='grc'>-</span> <span class='ocrx_word' id='word_1_228' title='bbox 250 2823 290 2893; x_wconf 86' lang='grc' dir='ltr'><em>οά</em></span> <span class='ocrx_word' id='word_1_229' title='bbox 304 2825 368 2912; x_wconf 86' lang='grc' dir='ltr'><em>γάρ</em></span> <span class='ocrx_word' id='word_1_230' title='bbox 384 2824 467 2911; x_wconf 85' lang='grc' dir='ltr'><em>πρὸς</em></span> <span class='ocrx_word' id='word_1_231' title='bbox 477 2824 563 2915; x_wconf 82' lang='grc' dir='ltr'><em>ἡμᾶς</em></span> <span class='ocrx_word' id='word_1_232' title='bbox 576 2853 614 2912; x_wconf 93' lang='grc' dir='ltr'><em>γε</em></span> <span class='ocrx_word' id='word_1_233' title='bbox 626 2828 818 2913; x_wconf 83' lang='grc' dir='ltr'><em>τολμήσειεν</em></span> <span class='ocrx_word' id='word_1_234' title='bbox 830 2827 873 2895; x_wconf 89' lang='grc' dir='ltr'><em>ἀν</em></span> <span class='ocrx_word' id='word_1_235' title='bbox 886 2854 950 2912; x_wconf 84' lang='grc' dir='ltr'><em>τις,</em></span> <span class='ocrx_word' id='word_1_236' title='bbox 966 2824 1076 2893; x_wconf 82' lang='grc' dir='ltr'><em>ἀπάν-</em></span> 
     </span>
     <span class='ocr_line' id='line_1_28' title="bbox 68 2923 1075 3013; baseline -0.002 -23"><span class='ocrx_word' id='word_1_237' title='bbox 68 2951 134 2991; x_wconf 94' lang='grc' dir='ltr'><em>των</em></span> <span class='ocrx_word' id='word_1_238' title='bbox 157 2923 222 3010; x_wconf 91' lang='grc' dir='ltr'><em>ήδη</em></span> <span class='ocrx_word' id='word_1_239' title='bbox 251 2927 497 3010; x_wconf 85' lang='grc' dir='ltr'><em>κεχειρωμένων</em></span> <span class='ocrx_word' id='word_1_240' title='bbox 521 2967 556 2976; x_wconf 94' lang='grc'><strong>-</strong></span> <span class='ocrx_word' id='word_1_241' title='bbox 581 2930 700 3011; x_wconf 80' lang='grc' dir='ltr'><em>ἔχωσιν</em></span> <span class='ocrx_word' id='word_1_242' title='bbox 721 2926 859 3013; x_wconf 85' lang='grc' dir='ltr'><em>ἀμεινον</em></span> <span class='ocrx_word' id='word_1_243' title='bbox 880 2927 1075 2992; x_wconf 75' lang='grc' dir='ltr'><em>συντιθέναι</em></span> 
     </span>
     <span class='ocr_line' id='line_1_29' title="bbox 68 3021 1076 3111; baseline 0.002 -23"><span class='ocrx_word' id='word_1_244' title='bbox 68 3021 125 3089; x_wconf 89' lang='grc' dir='ltr'><em>τδν</em></span> <span class='ocrx_word' id='word_1_245' title='bbox 140 3022 271 3090; x_wconf 87' lang='grc' dir='ltr'><em>κανόνα</em></span> <span class='ocrx_word' id='word_1_246' title='bbox 287 3030 408 3090; x_wconf 86' lang='grc' dir='ltr'><em>τοῦτον</em></span> <span class='ocrx_word' id='word_1_247' title='bbox 426 3025 666 3110; x_wconf 81' lang='grc' dir='ltr'><em>προσάγοντες,</em></span> <span class='ocrx_word' id='word_1_248' title='bbox 688 3023 794 3111; x_wconf 89' lang='grc' dir='ltr'><em>ήνπερ</em></span> <span class='ocrx_word' id='word_1_249' title='bbox 809 3051 846 3110; x_wconf 92' lang='grc' dir='ltr'><em>γε</em></span> <span class='ocrx_word' id='word_1_250' title='bbox 865 3026 942 3111; x_wconf 85' lang='grc' dir='ltr'><em>δόξη</em></span> <span class='ocrx_word' id='word_1_251' title='bbox 964 3021 1076 3101; x_wconf 84' lang='grc' dir='ltr'><em>αάτολς</em></span> 
     </span>
     <span class='ocr_line' id='line_1_30' title="bbox 68 3119 1075 3211; baseline 0.002 -25"><span class='ocrx_word' id='word_1_252' title='bbox 68 3119 174 3204; x_wconf 82' lang='grc' dir='ltr'><em>ὀρθὸς</em></span> <span class='ocrx_word' id='word_1_253' title='bbox 185 3119 286 3188; x_wconf 79' lang='grc' dir='ltr'><em>εἶναι·</em></span> <span class='ocrx_word' id='word_1_254' title='bbox 309 3127 339 3188; x_wconf 91' lang='grc' dir='ltr'><em>εί</em></span> <span class='ocrx_word' id='word_1_255' title='bbox 349 3123 384 3188; x_wconf 75' lang='grc' dir='ltr'><em>δὲ</em></span> <span class='ocrx_word' id='word_1_256' title='bbox 399 3121 462 3207; x_wconf 94' lang='grc' dir='ltr'><em>μή,</em></span> <span class='ocrx_word' id='word_1_257' title='bbox 477 3119 571 3190; x_wconf 82' lang='grc' dir='ltr'><em>αάτολ</em></span> <span class='ocrx_word' id='word_1_258' title='bbox 585 3124 647 3208; x_wconf 75' lang='grc' dir='ltr'><em>μὲν</em></span> <span class='ocrx_word' id='word_1_259' title='bbox 661 3124 716 3190; x_wconf 86' lang='grc' dir='ltr'><em>καλ</em></span> <span class='ocrx_word' id='word_1_260' title='bbox 730 3123 804 3189; x_wconf 88' lang='grc' dir='ltr'><em>τότε</em></span> <span class='ocrx_word' id='word_1_261' title='bbox 815 3129 860 3211; x_wconf 74' lang='grc' dir='ltr'><em>τῷ</em></span> <span class='ocrx_word' id='word_1_262' title='bbox 875 3119 965 3211; x_wconf 76' lang='grc' dir='ltr'><em>αὐτῷ</em></span> <span class='ocrx_word' id='word_1_263' title='bbox 979 3123 1075 3207; x_wconf 88' lang='grc' dir='ltr'><em>πήχει</em></span> 
     </span>
     <span class='ocr_line' id='line_1_31' title="bbox 67 3218 1107 3307; baseline 0.002 -21"><span class='ocrx_word' id='word_1_264' title='bbox 67 3218 179 3302; x_wconf 69' lang='grc' dir='ltr'><em>οἵσπερ</em></span> <span class='ocrx_word' id='word_1_265' title='bbox 195 3221 250 3287; x_wconf 79' lang='grc' dir='ltr'><em>καί</em></span> <span class='ocrx_word' id='word_1_266' title='bbox 274 3225 338 3286; x_wconf 87' lang='grc' dir='ltr'><em>νῦν</em></span> <span class='ocrx_word' id='word_1_267' title='bbox 353 3220 566 3305; x_wconf 85' lang='grc' dir='ltr'><em>μετρούντων</em></span> <span class='ocrx_word' id='word_1_268' title='bbox 583 3219 619 3288; x_wconf 88' lang='grc' dir='ltr'><em>τδ</em></span> <span class='ocrx_word' id='word_1_269' title='bbox 637 3228 788 3307; x_wconf 85' lang='grc' dir='ltr'><em>πρᾶγμα·</em></span> <span class='ocrx_word' id='word_1_270' title='bbox 815 3219 832 3288; x_wconf 88' lang='grc' dir='ltr'>ὁ</span> <span class='ocrx_word' id='word_1_271' title='bbox 850 3219 962 3307; x_wconf 87' lang='grc' dir='ltr'><em>ίατρὸς</em></span> <span class='ocrx_word' id='word_1_272' title='bbox 976 3220 1011 3288; x_wconf 72' lang='grc' dir='ltr'><em>δὲ</em></span> <span class='ocrx_word' id='word_1_273' title='bbox 1032 3219 1073 3288; x_wconf 85' lang='grc' dir='ltr'><em>οά</em></span> <span class='ocrx_word' id='word_1_274' title='bbox 1089 3235 1107 3287; x_wconf 87' lang='grc'><strong>8</strong></span> 
     </span>
     <span class='ocr_line' id='line_1_32' title="bbox 67 3313 1074 3407; baseline 0.003 -22"><span class='ocrx_word' id='word_1_275' title='bbox 67 3319 156 3387; x_wconf 87' lang='grc' dir='ltr'><em>πάνυ</em></span> <span class='ocrx_word' id='word_1_276' title='bbox 174 3316 361 3400; x_wconf 86' lang='grc' dir='ltr'><em>ἀνιάσεται,</em></span> <span class='ocrx_word' id='word_1_277' title='bbox 385 3313 429 3406; x_wconf 88' lang='grc' dir='ltr'><em>ήν</em></span> <span class='ocrx_word' id='word_1_278' title='bbox 448 3319 570 3396; x_wconf 85' lang='grc' dir='ltr'><em>πάντες</em></span> <span class='ocrx_word' id='word_1_279' title='bbox 589 3317 774 3406; x_wconf 77' lang='grc' dir='ltr'><em>Ἀβδηρῖται</em></span> <span class='ocrx_word' id='word_1_280' title='bbox 790 3320 919 3398; x_wconf 82' lang='grc' dir='ltr'><em>ἑκόντες</em></span> <span class='ocrx_word' id='word_1_281' title='bbox 938 3318 1074 3407; x_wconf 88' lang='grc' dir='ltr'><em>Ἀνδρο-</em></span> 
     </span>
     <span class='ocr_line' id='line_1_33' title="bbox 65 3420 936 3570; baseline -0.007 -84"><span class='ocrx_word' id='word_1_282' title='bbox 65 3422 169 3501; x_wconf 89' lang='grc' dir='ltr'><em>μέδαν</em></span> <span class='ocrx_word' id='word_1_283' title='bbox 184 3420 377 3507; x_wconf 74' lang='grc' dir='ltr'><em>τραγῳδῶσι</em></span> <span class='ocrx_word' id='word_1_284' title='bbox 890 3507 903 3570; x_wconf 68' lang='lat' dir='ltr'>l</span> <span class='ocrx_word' id='word_1_285' title='bbox 920 3505 936 3543; x_wconf 53' lang='grc'>*</span> 
     </span>
    </p>
   </div>
   <div class='ocr_carea' id='block_1_3' title="bbox 0 0 1292 3842">
    <p class='ocr_par' dir='ltr' id='par_1_3' title="bbox 0 0 1292 3842">
     <span class='ocr_line' id='line_1_34' title="bbox 0 0 1292 3842; baseline 0 0"><span class='ocrx_word' id='word_1_286' title='bbox 0 0 1292 3842; x_wconf 95' lang='lat' dir='ltr'><em> </em></span> 
     </span>
    </p>
   </div>
  </div>
 </body>
</html>
