2575 3842
176 179 238 242 202
551 183 854 243 AOYKIANOY

175 337 235 408 τόν
250 338 401 442 δὲαοῦδὲν
412 338 496 427 πρὸς
507 340 609 426 λόγον
621 338 906 427 ἀποκρινόμενον,
925 342 977 412 Οῦ
988 349 1082 414 δοκεῖ
1091 342 1183 431 ῦμλν,

176 444 257 523 ἔφη’
276 465 302 505 ⁶⁰
317 465 342 523 Ψ

177 539 212 602 δὲ
227 533 317 626 αύτῷ
332 538 489 624 κόσκινον
503 533 716 613 ῦποτιθέναι;
745 542 794 605 Q
809 535 1049 624 Ἀγαθοκλέους
1071 541 1107 607 δὲ
1121 548 1183 606 τοῦ

174 639 439 718 Περιπατητικοῦ
456 637 538 719 μέγα
562 639 770 718 φρονοῦντος
793 632 844 702 ότι
863 637 966 721 μόνος
991 635 1093 715 αὐτός
1114 643 1183 705 ἐστι

174 732 229 798 καί
244 737 374 814 πρῶτος
389 738 456 799 τάν
471 734 701 814 διαλεκτικῶν,
718 736 799 816 ἔφη,
818 735 883 800 Καί
898 734 981 818 μήν,
998 727 1024 799 ό
1038 732 1183 819 Ἀγαθό-

176 835 280 908 κλεις,
299 833 329 895 εἰ
338 829 399 913 μὲν
415 835 558 912 πρῶτος,
576 824 617 894 οῦ
629 826 749 912 μόνος,
766 835 796 896 εἰ
805 830 841 896 δὲ
855 832 973 914 μόνος,
989 829 1031 898 οῦ
1041 838 1182 916 πρῶτος.

175 930 228 993 30.
247 925 406 1010 Κεθήγου
427 925 462 992 δὲ
483 932 544 992 τοῦ
560 921 741 1008 ὑπατικοῦ,
762 920 862 992 ὁπότε
885 923 940 993 διά
955 934 1013 1010 τῆς
1029 925 1184 1004 Ἑλλάδος

177 1027 223 1099 εἰς
236 1019 298 1107 την
311 1021 420 1090 Ἀσίαν
431 1020 530 1111 ἀπῄει
544 1020 763 1107 πρεσβεύσων
774 1027 819 1110 τῷ
833 1030 946 1106 πατρί,
962 1022 1067 1090 πολλά
1080 1049 1183 1090 κατα-

176 1120 317 1203 γέλαστα
331 1121 386 1188 καί
400 1121 555 1203 λέγοντος
565 1119 619 1184 καὶ
633 1125 825 1202 ποιοῦντος,
840 1117 953 1203 ἐπειδὴ
964 1125 1031 1185 τῶν
1042 1121 1183 1202 ἑταίρων

176 1242 225 1292 τις
240 1213 330 1301 ὁρῶν
350 1225 452 1284 ταῦτα
469 1222 582 1301 ἔλεγεν
598 1212 702 1281 αὐτόν
716 1216 799 1299 μέγα
819 1217 978 1301 κάθαρμα
997 1214 1097 1300 εἰναι,
1118 1213 1181 1282 M&

106 1327 158 1382 887
178 1309 237 1378 τὸυ
252 1311 327 1394 Δί’,
347 1319 410 1400 ἔφη
428 1311 445 1381 ὁ
462 1317 643 1398 Δημῶναξ,
662 1309 739 1380 οῦδὲ
757 1315 848 1398 μέγα.
878 1320 928 1381 31.
947 1317 1001 1394 καὶ
1014 1311 1183 1381 Ἀπολλύ-

66 1483 68 1491 ,
176 1435 251 1477 νιου
267 1413 305 1477 δέ
319 1435 398 1478 ποτε
412 1411 471 1479 τόν
487 1411 675 1495 φιλόσοφον
692 1407 775 1477 ἰδιῦν
791 1409 871 1495 μετά
887 1417 1020 1479 πολλῶν
1034 1417 1102 1476 τῶν
1116 1436 1182 1494 μα-

175 1515 291 1594 θητῶν
306 1509 525 1594 ἐξελαύνοντα
535 1506 650 1592 -ἥδη
665 1508 701 1574 δὲ
716 1505 815 1595 ἀπῄει
830 1510 1058 1593 μετάπεμπτος
1075 1504 1117 1584 ὡς
1129 1509 1180 1573 ε’πί

176 1609 309 1693 παιδείᾳ
322 1612 367 1696 τῷ
378 1614 509 1691 βασιλεῖ
517 1605 740 1689 συνεσόμενος
754 1645 796 1656 -
806 1609 1045 1693 Προσέρχεται,
1062 1609 1144 1689 ἔφη,
1162 1601 1180 1668 ὁ

172 1699 392 1780 Ἀπολλύνιος
402 1704 456 1770 καί
467 1707 501 1770 οἰ
511 1701 728 1788 Ἀργοναῦται
741 1700 854 1770 αὐτοῦ.
875 1709 925 1769 32.
938 1701 1042 1768 ἀλλον
1054 1704 1091 1768 δέ
1101 1726 1180 1767 ποτε

176 1801 336 1883 ἐρομένου
351 1805 381 1867 εἰ
393 1798 563 1877 ἀθάνατος
577 1797 667 1890 αὐτῷ
680 1798 702 1885 ἡ
716 1798 804 1885 ψυχὴ
817 1805 910 1866 δοκεῖ
922 1798 1021 1883 εἰναι,
1034 1795 1180 1865 Ἀθάνα-

176 1921 246 1979 τος,
270 1901 349 1982 ἔφη,
368 1894 439 1965 ἀλλ’
458 1895 502 1976 ὡς
516 1898 633 1966 πάντα.
665 1903 715 1968 33.
731 1901 805 1980 περί
820 1902 932 1983 μέντοι
942 1894 1094 1980 Ἡρώδου
1109 1901 1179 1963 ἔλε-

175 2018 234 2077 γεν
245 1990 427 2080 ἀληθεύειν
437 1993 496 2063 τόν
507 1997 673 2064 Πλάτωνα
684 1996 854 2080 φάμενον,
870 1992 911 2061 οῦ
924 2001 1004 2079 μίαν
1014 1991 1100 2079 ἡμᾶς
1113 2006 1181 2073 ψυ-

173 2087 236 2176 χὴν
252 2095 353 2175 ἔχειν·
383 2090 424 2158 οῦ
443 2090 507 2179 γάρ
525 2091 609 2160 εἰναι
627 2101 685 2178 τῆς
699 2091 800 2177 αὐτῆς
814 2099 920 2178 ψυχῆς
933 2090 1105 2177 Ῥηγίλλαν
1125 2092 1182 2157 καὶ

174 2192 395 2276 Πολυδεύκην
411 2190 454 2270 ὡς
473 2199 595 2272 ζῶντας
611 2195 722 2259 ἑστιᾶν
742 2193 797 2257 καί
815 2188 855 2256 τά
875 2197 1009 2256 τοιαῦτα
1028 2194 1179 2273 μελετᾶν.

175 2293 226 2356 34,
244 2289 403 2374 ἐτόλμησε
419 2292 457 2357 δέ
470 2317 549 2359 ποτε
570 2294 625 2358 καί
639 2288 839 2375 Ἀθηναίους
860 2291 1020 2374 ἐρωτῆσαι
1038 2290 1180 2374 δημοσία

175 2391 232 2469 τῆς
248 2386 461 2471 προρρήσεως
482 2385 641 2468 ἀκούσας,
668 2386 722 2454 διά
743 2395 817 2456 τίνα
837 2393 944 2456 αἰτίαν
965 2385 1180 2454 ἀποκλείουσι

175 2479 254 2558 τούς
270 2484 477 2569 βαρβάρους,
499 2488 553 2553 καί
571 2492 673 2552 ταῦτα
695 2494 755 2552 τοῦ
772 2484 834 2571 τὴν
848 2482 982 2570 τελετὴν
996 2480 1107 2560 αὐτοῖς
1117 2508 1181 2548 κα-

175 2585 425 2666 ταστησαμένου
445 2580 629 2669 Εὐμόλπου
649 2583 825 2670 βαρβάρου
844 2585 899 2649 καὶ
918 2578 1050 2670 Θρμκδς
1073 2578 1177 2656 ὄντος.

105 2692 158 2746 388
176 2683 227 2746 35.
247 2679 318 2746 ἐπεὶ
332 2682 372 2746 δέ
385 2705 463 2747 ποτε
480 2688 575 2750 πλεῖν
589 2683 742 2767 μέλλοντι
764 2679 853 2766 αύτῷ
869 2677 923 2747 διά
937 2686 1098 2765 χειμῶνος
1114 2683 1178 2763 ἔφη

175 2803 223 2854 τις
238 2782 307 2842 τῶν
321 2784 446 2861 φίλων,
464 2777 516 2845 Οῦ
534 2782 684 2856 δέδοικας
698 2776 742 2864 μὴ
758 2779 1003 2861 ἀνατραπέντος
1019 2783 1080 2843 τοῦ
1096 2777 1179 2843 σκά-

175 2900 261 2960 φους
276 2873 341 2953 ὑπὸ
359 2877 488 2961 ἰχθύων
502 2883 735 2965 καταβρωθῇς;
754 2870 836 2965 Κάπ’
855 2873 1022 2961 ἀγνώμων
1033 2872 1077 2941 ἀν
1095 2885 1178 2960 εἰην,

175 2980 255 3060 έφη,
273 2971 385 3041 ὀκνῶν
400 2971 465 3041 ὑπὸ
478 2977 607 3060 ἰχθύων
622 2977 873 3059 καταδασθῆναι
888 2972 1068 3051 τοσούτους
1080 2970 1180 3050 αῦτδς

174 3078 272 3156 ἰχθῦς
292 3073 505 3158 καταφαγών.
538 3079 588 3141 36.
612 3073 728 3158 ῥήτορι
746 3074 784 3137 δέ
796 3097 862 3137 τινι
883 3070 1023 3138 κάκιστα
1042 3071 1181 3155 μελετη-

175 3190 270 3235 σαντι
287 3171 533 3254 συνεβούλευεν
548 3166 664 3236 ἀσκεῖν
677 3171 732 3235 καί
744 3167 987 3252 γυμνάζεσθαι·
1009 3175 1070 3235 τοῦ
1082 3168 1117 3234 δὲ
1133 3173 1181 3233 εί-

174 3266 312 3351 πόντος,
337 3265 400 3334 Ἀεἰ
420 3263 471 3334 ἐπ’
490 3268 635 3352 ἐμαυτοῦ
655 3267 757 3350 λέγω,
782 3262 928 3341 Εἰκότως
949 3272 1082 3350 τοίνυν,
1103 3271 1179 3350 ἔφη,

175 3370 310 3430 τοιαῦτα
326 3369 431 3451 λέγεις
441 3371 542 3454 μωρῷ
557 3361 702 3451 ἀκροατῇ
719 3364 897 3448 χρώμενος.
920 3366 971 3430 37.
991 3364 1046 3430 καὶ
1056 3363 1180 3449 μάντιν
