2575 3842
488 189 581 246 ΕΡΩ
593 190 691 246 ΤΕΣ.
1028 185 1090 249 215

84 347 292 432 ἐθαύμαζον,
314 345 365 413 ὅτι
385 353 445 412 τοῦ
459 351 561 414 λίθου
578 343 614 412 τὸ
636 346 834 431 δύσμορφον
858 348 895 413 έν
911 360 978 424 τοῖς
992 339 1092 432 ἦττον

84 446 277 529 ἐλέγχεσθαι
300 445 498 528 δυναμένοις
515 446 648 526 μέρεσιν
663 441 864 525 ἀπέκρυψεν.
896 440 917 528 ἡ
934 444 970 510 δὲ
987 447 1090 525 παρε-
1107 459 1161 510 414
1221 498 1224 502 .

85 549 196 607 στῶσα
224 546 366 625 πλησίου
392 537 487 625 ἡμῶν
514 539 651 621 ζάκορος
675 537 815 606 ἀπίστου
841 539 945 624 λόγου
971 540 1090 626 καινὴν

85 639 279 720 παρέδωκεν
295 641 460 722 ίστορίαν·
490 642 553 722 ἔφη
568 634 631 722 γάρ
652 634 714 703 οῦκ
728 633 860 722 ἀσήμου
876 640 996 721 γένους
1012 665 1091 704 νεα-

85 740 163 800 νίαν
178 729 253 818 -ἡ
269 736 305 801 δὲ
318 737 434 818 πρᾶξις
448 732 628 821 ἀνώνυμον
643 732 748 801 αὐτὸν
762 736 893 818 ἐσίγησε
907 775 948 786 -
965 735 1092 801 πολλά-

85 856 136 907 κις
152 833 373 915 ἐπιφοιτῶντα
387 839 432 920 τῷ
443 833 569 916 τεμένει
580 829 646 896 σῦν
661 835 793 920 δειλαίφ
803 835 934 916 δαίμονι
945 834 1092 917 ἐρασθῆ-

87 954 142 993 ναι
156 934 213 1012 της
224 934 308 995 θεοῦ
319 930 373 996 καὶ
384 928 577 1013 πανήμερον
588 925 693 994 αῦτδν
705 930 953 1013 ἐνδιατρίβοντα
964 936 1009 1017 τῷ
1021 935 1091 1017 ναῷ

86 1021 159 1092 κατ’
176 1022 277 1109 ἀρχάς
291 1030 376 1110 ἐχειν
391 1030 632 1110 δεισιδαίμονος
649 1023 813 1110 ἁγιστείας
827 1022 981 1111 δόκησιν·
1005 1031 1041 1092 ἐκ
1057 1052 1091 1092 τε

85 1119 149 1206 γάρ
164 1129 222 1206 τῆς
236 1125 377 1208 ἑωθινῆς
393 1129 502 1208 κοίτης
516 1121 602 1190 πολὺ
620 1123 868 1209 προλαμβάνων
886 1120 946 1190 τδν
963 1122 1091 1208 ὄρθρον

86 1222 243 1304 ἐπεφοίτα
264 1222 319 1288 καί
341 1218 421 1305 μετά
445 1220 542 1288 δυ’σιν
562 1220 655 1288 ἀκων
674 1223 823 1308 ἐβάδιζεν
839 1226 952 1290 οίκαδε
974 1221 1036 1307 την
1050 1220 1088 1288 θ’

85 1315 170 1402 ὅλην
183 1313 309 1402 ἡμέραν
320 1315 506 1402 ἀπαντικρὺ
521 1324 578 1403 τῆς
589 1325 675 1386 θεοῦ
689 1320 910 1404 καθεζόμενος
920 1316 1027 1403 ὀρθάς
1037 1315 1088 1384 ἐπ’

86 1411 191 1499 αὐτὴν
202 1419 362 1499 διηνεκῶς
373 1414 431 1493 τάς
442 1423 509 1483 τῶν
521 1416 679 1502 ἀμμάτων
688 1416 790 1504 βολάς
800 1415 987 1503 άπήρειδεν.
1007 1418 1091 1501 ἀση-

85 1539 142 1598 μοι
158 1510 189 1579 δ’
211 1510 299 1602 αὐτῷ
317 1516 515 1598 ψιθυρισμοί
532 1515 586 1581 καὶ
606 1518 827 1600 πλαττομένης
846 1522 961 1591 λαλιάς
977 1517 1092 1597 ἐρωτι-

86 1611 140 1676 καὶ
156 1614 403 1693 διεπεραίνοντο
417 1614 560 1696 μέμψεις.
586 1617 634 1679 16.
653 1611 788 1680 ἐπειδάν
803 1615 838 1682 δέ
848 1616 902 1681 καί
916 1610 1017 1699 μικρά
1028 1621 1089 1679 τοῦ
1108 1631 1159 1684 415

86 1707 220 1783 πάθους
231 1705 351 1774 έαντόν
362 1705 631 1795 ἀποβουκολῆσαι
641 1709 811 1795 θελήσειε,
827 1711 1034 1794 προσειπάν,
1050 1716 1090 1798 τῇ

86 1805 122 1870 δὲ
142 1807 282 1888 τραπέζη
296 1805 449 1886 τέτταρας
465 1801 693 1890 ἀστραγάλους
708 1814 856 1893 Λιβυκῆς
871 1805 990 1891 δορκδς
1004 1807 1090 1873 ἀπα-

87 1891 253 1986 ριθμήσας
265 1905 449 1971 διεπέττευε
463 1902 525 1990 τὴν
541 1906 671 1988 ἐλπίδα,
688 1907 743 1972 καὶ
756 1903 870 1990 βαλάν
881 1904 941 1990 μέν
957 1908 1091 1973 ἐπίσκο-

86 2024 146 2083 πα,
167 1999 307 2083 μάλιστα
323 1999 354 2067 δ’
375 2010 497 2069 εἴποτε
513 1999 574 2086 τὴν
587 1999 672 2068 θεὸν
686 1999 792 2087 αὐτην
806 2002 1010 2088 εάβολησειε,
1026 2030 1090 2088 μη·

86 2094 183 2173 δενδς
194 2095 403 2182 ἀστραγάλου
416 2100 573 2176 πεσόντος
585 2108 647 2187 ίσφ
658 2099 812 2185 σχήματι,
825 2099 1023 2183 προσεκύνει
1035 2106 1091 2182 τῆς

86 2200 264 2280 ἐπιθυμίας
278 2197 454 2275 τεύξεσθαι
470 2203 625 2282 νομίζων·
651 2202 681 2263 εί
696 2193 745 2279 δ’,
761 2193 860 2264 ὁποῖα
878 2204 984 2282 φιλεῖ,
1000 2196 1091 2280 φαῦ-

85 2303 150 2372 λως
172 2291 255 2360 κατά
271 2301 329 2380 της
344 2299 502 2381 τραπέζης
522 2298 666 2382 ῥίψειεν,
685 2298 719 2361 οί
740 2292 771 2360 δ’
790 2295 842 2360 ἐπὶ
857 2290 893 2361 τδ
915 2294 1091 2378 δυσφημό-

87 2418 183 2476 τερον
202 2390 397 2476 ἀυασταίεν,
426 2392 487 2481 ὅλη
501 2398 614 2483 Κνίδφ
628 2391 861 2476 καταρώμενος
877 2386 920 2469 ῦς
937 2387 988 2458 ἐπ’
1007 2389 1090 2476 ἀνη-

86 2493 189 2579 κέστφ
200 2497 359 2580 συμφορᾷ
370 2491 510 2577 κατηφει
523 2493 576 2558 καί
587 2489 627 2558 δι’
640 2488 755 2575 ὀλίγον
767 2490 983 2573 συναρπάσας
993 2493 1090 2579 ἑτέρφ

86 2589 175 2677 βόλφ
190 2585 250 2672 την
262 2591 341 2670 πρὶν
352 2585 508 2674 ἀστοχίαν
523 2589 739 2673 ἐθεράπευεν.
763 2585 826 2675 ἤδη
841 2590 877 2656 δέ
888 2591 989 2656 πλέον
1001 2586 1090 2679 αὐτῷ

85 2693 145 2753 τοῦ
168 2685 299 2763 πάθους
322 2687 555 2772 ἐρεθιζομένου
580 2702 686 2772 τοῖχος
706 2687 791 2764 ἀπας
819 2688 1014 2773 ἐχαράσσετο
1035 2691 1088 2756 καὶ
1107 2703 1158 2757 416

86 2793 150 2861 πάς
167 2790 316 2870 μαλακοῦ
331 2787 472 2870 δένδρου
488 2783 604 2870 φλοιὸς
614 2783 811 2870 Ἀφροδίτην
825 2784 932 2872 καλὴν
947 2787 1091 2871 ἔκη’ρυσ-

86 2905 161 2951 σεν
184 2886 312 2970 ἐτιμᾶτο
329 2882 363 2949 δ’
378 2885 410 2963 ἐξ
425 2892 501 2951 ίσου
515 2886 573 2951 Διί
585 2887 786 2969 Πραξιτέλης
800 2886 854 2953 καὶ
865 2892 933 2952 πάν
949 2883 1010 2951 ὅτι
1021 2910 1092 2951 κει-

86 2982 206 3067 μήλιον
221 2979 381 3066 εὐπρεπὲς
402 2991 487 3048 οίκοι
510 2980 726 3067 φυλάττοιτο,
747 2979 840 3047 τοῦτ’
864 2975 908 3065 ἦν
931 2977 1091 3066 ἀνάθημα

85 3086 141 3164 τῆς
157 3086 253 3146 θεοῦ.
276 3081 376 3161 πέρας
391 3084 426 3146 αί
439 3083 583 3163 σφοδραὶ
597 3085 666 3146 τῶν
680 3081 718 3146 έν
733 3076 823 3168 αὐτῷ
838 3079 959 3147 πόθων
977 3079 1096 3147 ἐπιτά-·

86 3198 153 3255 σεις
169 3175 425 3262 ἀπενοήθησαν,
450 3174 573 3262 εὑρέθη
589 3179 625 3246 δὲ
639 3177 744 3274 τάλμα
759 3185 816 3263 τῆς
832 3179 1010 3264 ἐπιθυμίας
1025 3205 1090 3262 μα-

85 3275 244 3358 στροπός·
265 3273 329 3360 ἤδη
344 3275 409 3363 γάρ
425 3277 476 3343 ε’πὶ
497 3274 596 3342 δύσιν
611 3274 709 3362 ἡλίου
726 3283 897 3354 κλίνοντος
910 3273 1014 3361 ἠρέμα
1030 3283 1090 3342 λα-

85 3370 159 3440 θάν
174 3371 254 3450 τοῦς
269 3373 436 3457 παρόντας
452 3370 572 3441 ὄπισθε
588 3380 646 3459 τῆς
665 3373 775 3459 θάρας
792 3372 1016 3462 παρεισερρῦη
1034 3375 1090 3444 καί
