2575 3842
185 161 296 218 ΠΩΣ
314 162 404 218 ΔΕΙ
422 159 666 218 ΙΣΤΟΡΙΑΝ
685 161 1018 220 ΣΤΓΓΡΑΦΕΙΝ.
1063 156 1104 219 19

16 341 22 362 ·
91 324 225 405 λίστηυ·
250 325 297 386 ἐτι
311 320 424 404 μέντοι
442 319 615 385 ἐπισκοπεῖ
626 320 682 384 καὶ
697 321 948 405 διαβουλεύεται
964 327 1027 387 είτε
1038 325 1103 385 Νί-

88 442 193 484 καιαν
211 413 317 501 αὐτὴν
338 410 403 480 ἀπὸ
418 422 476 500 τῆς
492 421 586 500 νίκης
604 413 667 500 χρὴ
683 413 906 501 ὀνομάζεσθαι
921 428 985 486 είτε
1002 413 1103 502 Ὀμό-

90 541 192 582 νοιαν
208 523 272 581 εἴτε
287 519 460 597 Εἰρηνίαν.
482 515 537 580 καὶ
548 522 646 581 τοῦτο
657 515 720 600 μὲν
734 521 780 582 ἐτι
796 515 934 598 ἀκριτον
946 519 1000 584 καὶ
1012 514 1103 583 ἀνῶ-

90 638 201 699 νυμος
225 607 350 697 ἡμῑνὴ
378 609 462 696 καλῆ
489 611 586 689 πόλις
608 614 735 698 ἐκείνη,
769 613 875 699 λήρου
898 621 1026 681 πολλοῦ
1049 616 1104 680 καὶ

90 708 235 792 κορύζης
245 716 477 794 συγγραφικῆς
490 711 652 794 γέμουσα·
675 707 716 776 τά
728 708 759 776 δ’
772 713 810 778 ἐν
822 709 937 789 Ἰνδοῖς
949 720 1104 797 πραχθη-

91 807 220 891 σόμενα
234 802 393 891 ὑπέσχετο
407 805 471 891 ἥδη
482 805 625 890 γράψειν
640 809 694 873 καὶ
705 804 765 874 τόν
776 815 962 893 περίπλουν
973 815 1030 893 τῆς
1041 812 1103 886 ἐξω

91 904 278 989 θαλάττης,
293 905 347 970 καὶ
365 900 425 987 ούχ
441 901 617 986 ὑπόσχεσις
630 911 735 970 ταύτα
749 905 872 990 μόνον,
894 903 978 974 ἀλλά
994 906 1048 971 καὶ
1064 903 1101 970 τό

92 1007 274 1085 προοίμιον
292 1008 349 1085 τῆς
367 997 504 1086 Ἰνδικῆς
521 998 585 1085 ἤδη
605 1003 836 1085 συντέτακται,
859 1005 913 1070 καὶ
931 1001 968 1070 τό
990 1007 1103 1085 τρίτον

91 1098 203 1182 τάγμα
215 1099 270 1164 καὶ
285 1102 318 1164 οί
334 1099 449 1165 Κελτοὶ
465 1099 518 1165 καὶ
535 1097 690 1178 Μαύρων
705 1113 804 1182 μοῖρα
819 1097 913 1185 ὀλίγη
929 1097 995 1167 σύν
1009 1107 1102 1166 Κασ·

90 1202 153 1284 σίφ
168 1197 292 1272 πάντες
311 1188 404 1261 οὗτοι
420 1195 677 1280 ἐπεραιώθησαν
691 1193 752 1261 τόν
768 1193 875 1263 Ἰνδὸν
891 1195 1059 1281 ποταμόν·
1082 1193 1102 1261 ὅ

90 1320 123 1360 τι
139 1293 176 1360 δὲ
192 1294 247 1360 καὶ
261 1293 445 1376 πράξουσιν
465 1289 486 1378 ἢ
503 1300 572 1370 πῶς
587 1296 736 1371 δέξονται
749 1290 892 1379 τὴντῶν
909 1293 1102 1379 ἐλεφάντων

89 1393 265 1476 ἐπέλασιν,
282 1389 343 1458 ούκ
355 1398 400 1470 είς
411 1389 544 1477 μακράυ
557 1389 637 1477 ἡμῖν
649 1388 666 1457 ὁ
678 1390 873 1477 θαυμαστός
884 1386 1099 1477 συγγραφεύς
1116 1399 1152 1453 43

91 1489 157 1558 ἀπὸ
170 1493 375 1575 Μουζίριδος
386 1487 408 1577 ἢ
419 1489 478 1557 ἀπ’
493 1489 702 1574 Ὀξυδρακῶν
713 1493 883 1559 ἐπιστελεῖ.
899 1497 950 1558 32.
962 1496 1100 1557 τοιαῦτα

91 1585 201 1656 πολλὰ
216 1585 283 1656 ὑπό
301 1584 516 1666 ἀπαιδευσίας
533 1595 690 1673 ληροῦσι,
712 1587 752 1655 τά
767 1589 830 1675 μὲν
851 1586 1008 1668 ἀξιόρατα
1023 1586 1101 1654 ούτε

94 1683 240 1768 ὁρῶντες
255 1682 346 1770 οὔτ’,
362 1692 393 1752 εί
405 1691 577 1773 βλέποιεν,
592 1685 665 1752 κατ’
679 1684 775 1767 ἀξίαν
786 1692 891 1755 εἰπεῖν
905 1686 1099 1772 δυνάμενοι,

93 1786 308 1860 ἐπινοοῦντες
326 1784 362 1849 δέ
377 1786 431 1851 καὶ
446 1781 725 1869 ἀναπλάττοντες,
746 1783 767 1852 ό
781 1813 811 1852 τι
826 1812 885 1853 κεν
899 1783 950 1854 ἐπ’
968 1784 1099 1869 ἀκαιρί-

94 1907 160 1964 μαν
177 1887 349 1965 γλῶσσαν,
366 1889 485 1966 φασίν,
504 1887 602 1969 ἔλθη,
618 1883 673 1948 καὶ
688 1884 739 1949 ἐπὶ
754 1889 799 1971 τῷ
813 1881 947 1973 ἀριθμῷ
962 1889 1030 1949 τῶν
1046 1889 1100 1969 βι-

94 1983 200 2063 βλίων
220 1982 267 2043 ἐτι
285 1978 544 2063 σεμνυνόμενοι,
566 1980 620 2046 καὶ
643 1979 785 2063 μάλιστα
803 1981 854 2047 ἐπὶ
876 1993 947 2057 ταῖς
963 1981 1101 2062 ἐπιγρα-

95 2091 191 2161 φαῖς·
213 2077 268 2143 καὶ
278 2073 343 2162 γάρ
356 2069 400 2143 αὖ
409 2080 465 2146 καὶ
475 2070 572 2145 αὗται
584 2079 791 2163 παγγέλοιοι·
813 2085 874 2144 τοῦ
888 2081 995 2154 δεῖνος
1005 2084 1101 2157 Παρ-

93 2183 204 2243 θικῶν
218 2182 324 2241 νικῶν
337 2177 471 2243 τοσάδε·
493 2178 548 2245 καὶ
559 2170 604 2243 αὖ
612 2203 620 2218 ·
642 2180 816 2260 Παρθίδος
827 2182 969 2260 πρῶτον,
986 2172 1101 2240 δεύτε-

94 2299 173 2360 ρον,
201 2269 246 2350 ῶς
266 2268 416 2351 Ἀτθίδος
435 2277 539 2360 δῆλον
565 2272 624 2340 ὅτι.
658 2271 757 2350 ἀλλος
782 2269 992 2356 ἀστειότερον
1008 2268 1099 2355 παρὰ

94 2371 181 2440 πολύ
196 2413 239 2423 -
251 2367 402 2456 ἀνέγνων
415 2372 480 2456 γάρ
492 2411 533 2422 -
543 2377 739 2457 Δημητρίου
753 2373 995 2455 Σαγαλασσέως
1004 2376 1101 2452 Παρ-

97 2468 256 2536 θονικικά
264 2492 270 2505 ·
293 2466 367 2536 οόδ’
387 2467 430 2547 ῶς
445 2472 482 2536 ἐν
496 2471 613 2555 γέλωτι
627 2469 830 2554 ποιήσασθαι
845 2471 901 2537 καὶ
914 2472 1100 2548 ἐπισκῶψαι

94 2565 151 2645 τάς
169 2570 314 2649 ίστορίας
329 2565 417 2633 οὕτω
429 2565 530 2646 καλάς
545 2563 662 2653 οὔσας,
678 2564 761 2636 ἀλλά
775 2576 838 2635 τού
850 2575 1013 2655 χρησίμου
1025 2569 1100 2634 ἕνε-

95 2672 195 2734 κα**·
210 2662 254 2743 ὡς
262 2663 352 2745 ὅστις
358 2663 402 2733 ἀν
410 2674 515 2734 ταῦτα
523 2668 578 2735 καὶ
584 2664 624 2733 τά
630 2674 767 2734 τοιαῦτα
777 2666 898 2753 φεύγη,
905 2663 993 2735 πολύ
1001 2668 1099 2751 μέρος

95 2766 157 2852 ἤδη
173 2769 206 2844 ἐς
220 2762 258 2833 τό
278 2763 390 2852 ὀρθῶς
405 2767 615 2854 συγγράφειν
630 2761 729 2846 οὗτος
748 2775 944 2854 προείληφε,
969 2775 1096 2853 μᾶλλον
1112 2777 1149 2831 44

97 2865 130 2934 δὲ
151 2862 274 2951 ὀλίγων
295 2870 342 2932 ἐτι
358 2872 564 2952 προσδεῖται,
588 2876 671 2951 εἴγε
690 2864 814 2952 ἀληθὲς
829 2866 937 2934 ἐκεῖνό
954 2886 1056 2951 φησιν
1076 2863 1097 2951 ἡ

97 2960 300 3049 διαλεκτική,
324 2960 368 3042 ῶς
380 2971 450 3032 τῶν
464 2962 598 3051 ἀμέσων
614 2965 634 3052 ἡ
652 2968 799 3051 θατέρου
816 2963 910 3050 ἀρσις
930 2962 967 3031 τό
985 2967 1187 3046 &eff-u..

96 3063 228 3141 πάντως
241 3059 438 3149 ἀντεισάγει.
473 3070 523 3133 33.
546 3066 600 3131 καὶ
617 3062 658 3150 δὴ
674 3062 712 3131 τό
731 3070 855 3150 χωρίον
869 3082 938 3144 σοι,
954 3067 1036 3148 φαίη
1050 3087 1100 3139 τις

96 3160 152 3242 ἀν,
176 3158 323 3247 ἀκριβῶς
337 3159 609 3246 ἀνακεκάθαρται
622 3164 678 3229 καὶ
692 3165 777 3229 αἵτε
792 3160 956 3245 ἀκανθαι,
978 3157 1099 3227 ὁπόσαι

98 3252 197 3344 ἦσαν,
223 3259 279 3325 καὶ
298 3259 392 3344 βάτοι
413 3263 651 3345 ἐκκεκομμέναι
672 3265 750 3346 είσί,
775 3256 815 3327 τά
838 3257 874 3326 δὲ
896 3266 964 3326 τῶν
987 3257 1098 3326 ἀλλων

97 3361 221 3444 ἐρείπια
235 3354 297 3442 ἤδη
311 3358 548 3444 ἐκπεφόρηται,
567 3360 621 3424 καὶ
637 3366 671 3424 εἴ
677 3384 708 3424 τι
723 3355 844 3444 τραχύ,
858 3355 922 3443 ἤδη
933 3359 989 3486 aaz
998 3363 1097 3424 τοῦτο
