2575 3842
188 212 232 275 98
550 216 838 276 ΛΟΤΚΙΑΝΟΤ

188 388 255 454 τοῖς
271 382 339 441 των
361 374 625 460 προσταγμάτων
645 373 686 442 τά
709 378 772 458 μὲν
795 374 971 443 ἀνεύθυνά
993 371 1138 460 ἐστι,τά
1160 376 1195 442 δὲ

189 469 289 557 ὀργῆς
299 472 353 538 καί
362 478 520 557 τιμωρίας
529 470 619 550 ἀξια·
637 470 697 539 ε’ἀν
709 481 809 561 νοσῇς
821 471 932 557 αὐτός,
945 469 1008 557 ἐγω
1022 472 1057 537 δὲ
1069 468 1194 557 ἀμελῶ·

189 566 249 635 δάν
270 575 338 635 τῶν
353 565 425 635 κατ’
446 565 538 636 οίκον
555 570 781 654 ἐπιμελεῖσθαι
804 570 959 656 κελεύῃς,
985 566 1048 653 ἐγώ
1067 571 1103 637 δὲ
1123 566 1195 635 ὀλι-

188 672 302 752 γωρῶ·
326 662 385 732 ἐὰν
405 662 444 732 τά
460 663 532 733 κατ’
552 663 659 751 ἀγρδν
678 668 868 734 ἐπισκοπεῖν
889 664 1108 752 προστάττῃς,
1131 662 1193 749 ἐγιδ

189 763 226 831 δὲ
246 761 345 830 ὀκνῶ.
375 763 484 831 πάντα
507 771 610 830 ταῦτα
632 768 687 833 καὶ
708 762 748 832 τά
770 765 899 842 τούτοις
917 762 1015 850 ὅμοια
1036 761 1196 849 εὐλόγους

190 867 255 947 ἔχει
270 859 328 939 τάς
338 863 522 947 προφάσεις
533 864 586 929 καὶ
598 860 657 941 τὰς
666 866 804 949 μέμψεις
815 861 990 947 πατρικάς·
1013 858 1052 927 τά
1065 859 1101 927 δὲ
1112 858 1196 927 ἀλλα

190 955 244 1042 ἐφ’
262 955 343 1043 ἡμῖν
357 960 425 1025 ἐστι
439 972 506 1036 τοῖς
520 966 651 1044 παισίν,
669 959 749 1027 ὄντα
764 967 831 1027 τῶν
842 966 968 1044 τεχνῶν
978 960 1031 1025 καί
1045 964 1101 1043 τῆς
1115 956 1195 1024 τού-

189 1079 257 1121 των
270 1052 432 1140 χρήσεως,
450 1058 505 1123 καλ
519 1057 676 1141 μάλιστα,
693 1063 723 1124 εί
734 1057 838 1142 μηδὲν
852 1057 870 1122 ὁ
886 1054 992 1141 πατὴρ
1008 1054 1107 1134 αύτδς
1121 1052 1196 1121 ἀδι-

190 1165 290 1217 κοῖτο.
323 1154 396 1219 ἐπεί
408 1178 459 1219 τοι
480 1149 523 1220 ἀν
544 1162 590 1242 τῷ
606 1168 731 1240 γραφεῖ
745 1152 850 1240 πατὴρ
870 1153 1071 1239 προστάττῃ,
1092 1158 1195 1219 ταῦτα

189 1251 261 1334 μέν,
277 1250 406 1335 τέκνον,
424 1251 545 1337 γράφε,
561 1253 654 1318 ταυτὶ
669 1251 704 1319 δὲ
720 1252 776 1338 μή,
792 1254 906 1339 καὶτῷ
920 1256 1080 1339 μουσικῷ,
1096 1249 1195 1333 τήνδε

189 1343 251 1429 μὲν
272 1343 334 1431 τὴν
356 1343 520 1432 ἁρμονίαν
540 1356 659 1431 κροῦε,
684 1348 808 1433 ταύτην
831 1347 868 1413 δὲ
889 1347 934 1431 μή
940 1398 949 1431 ,
976 1349 1095 1433 καὶτῷ
1115 1352 1195 1429 χαλ-

190 1441 341 1525 κεύοντι,
359 1451 496 1510 τοιαῦτα
506 1444 567 1529 μὲν
577 1445 734 1529 χάλκευε,
749 1451 885 1510 τοιαῦτα
898 1445 933 1512 δὲ
944 1443 1005 1529 μή,
1022 1435 1077 1526 ἆρ’
1091 1440 1134 1508 ἀν
1145 1467 1195 1517 τις

124 1552 173 1608 179
191 1535 367 1623 ἀνάσχοιτο
389 1537 676 1627 ἀποκηρύττοντα,
703 1540 753 1609 ὅτι
773 1540 817 1627 μὴ
840 1539 921 1609 κατὰ
943 1539 982 1607 τὰ
1005 1543 1120 1628 ἐκείνω
1136 1542 1195 1603 δο-

190 1645 316 1705 κοῦντα
335 1636 354 1703 ὁ
370 1652 447 1717 παις
466 1647 581 1725 χρῆται
595 1647 634 1727 τῃ
650 1643 761 1729 τέχνης
785 1639 864 1707 οὐδὲ
880 1637 942 1725 εἷς,
958 1638 1056 1724 οἶμαι.
1089 1642 1140 1704 23.
1155 1633 1192 1702 τδ
1286 1694 1287 1699 ,

190 1731 226 1799 δὲ
241 1740 297 1817 τῆς
317 1738 465 1821 ἰατρικῆς
484 1735 552 1827 ὅσῳ
567 1737 769 1822 σεμνότερόν
784 1740 851 1804 ἐστι
873 1738 927 1805 καὶ
942 1743 988 1825 τῷ
1002 1742 1063 1824 βίφ
1078 1753 1194 1820 χρησι-

190 1828 357 1915 μώτερον,
381 1832 529 1923 τοσούτω
552 1837 606 1902 καί
627 1833 908 1919 ἐλευθεριώτερον
930 1832 1014 1901 ελναι
1035 1832 1194 1917 προσήκει

190 1939 258 2003 τοῖς
270 1930 469 2015 χρωμένοις,
485 1937 543 1999 καί
553 1960 628 1999 τινα
642 1939 829 2019 προνομίαν
843 1938 929 2018 ἔχειν
944 1929 1006 2019 τὴν
1016 1934 1132 2015 τέχνην
1144 1933 1195 1997 δι’·

190 2048 288 2091 καιον
303 2032 342 2112 τῇ
362 2028 494 2117 ἐξουσίᾳ
512 2036 569 2116 τῆς
588 2030 750 2115 χρήσεως,
775 2028 1020 2115 ἀναγκάζεσθαι
1041 2026 1076 2095 δὲ
1090 2029 1194 2113 μηδὲν

191 2122 274 2208 μηδὲ
294 2124 556 2207 προστάττεσθαι
577 2137 713 2214 πρᾶγμα
728 2125 820 2214 ίερόν
840 2130 894 2194 καί
916 2133 1009 2194 θεῶν
1028 2128 1194 2208 παίδευμα

191 2219 246 2285 καί
266 2215 459 2304 ἀνθρώπων
474 2231 592 2308 σοφῶν
612 2225 829 2309 ἐπιτήδευμα,
852 2222 931 2310 μηδ’
952 2220 1017 2290 ύπδ
1039 2226 1194 2289 δουλείαν

191 2317 350 2400 γενέσθαι
365 2319 474 2404 νόμου
490 2320 568 2407 μηδ’
586 2320 652 2388 ὑπδ
669 2321 778 2408 φόβον
793 2323 847 2391 καί
863 2327 1022 2406 τιμωρίαν
1038 2323 1194 2404 δικαστη-

191 2419 283 2499 ρίου,
303 2412 381 2498 μηδ’
404 2414 470 2483 ὑπὸ
497 2425 612 2504 ψῆφον
634 2422 689 2487 καί
711 2414 834 2503 πατρὸς
855 2414 994 2504 ἀπειλὴν
1014 2419 1067 2484 καί
1088 2412 1193 2502 ὀργὴν

190 2510 368 2595 ἰδιωτικήν.
393 2510 539 2582 ὥστεκαὶ
549 2521 580 2583 εί
591 2517 691 2584 τοῦτο’
705 2537 758 2583 σοι
769 2524 883 2599 σαφῶς
897 2515 1018 2584 οὑτωσί
1033 2518 1087 2583 καί
1098 2518 1194 2599 διαρ-

190 2608 297 2694 ρήδην
310 2614 443 2696 ἔλεγον,
461 2611 513 2679 Οὐ
526 2614 691 2700 βούλομαι
706 2611 784 2681 οὐδὲ
802 2614 980 2696 θεραπεύω
995 2613 1192 2697 δυνάμενος,

190 2703 263 2774 ἀλλ’
280 2710 409 2798 ἐμαυτῷ
427 2711 521 2801 μόνῳ
531 2709 592 2797 τὴν
606 2715 725 2798 τέχνην
736 2710 808 2778 ολδα
823 2714 934 2800 καὶτῷ
950 2718 1063 2794 πατρί,
1078 2720 1144 2784 τοῖς
1156 2706 1192 2775 δὲ

190 2803 301 2884 ἀλλοις
310 2805 435 2874 ἅπασιν
445 2810 576 2894 ίδιύτης
586 2808 670 2877 εἶναι
681 2809 860 2896 βούλομαι·
873 2814 921 2885 τίς
931 2808 1094 2891 τύραννος
1104 2803 1193 2873 οὕτω

189 2911 313 2991 βίαιος,
337 2904 380 2983 ὡς
394 2905 581 2993 ἀναγκάσαι
595 2904 639 2975 ἀν
653 2911 707 2976 καί
723 2906 847 2975 ἀκοντα
860 2914 1003 2993 χρῆσθαι
1024 2912 1063 2993 τῇ
1079 2907 1191 2989 τέχνης

189 2999 229 3068 τά
244 3001 309 3088 γάρ
323 3011 459 3072 τοιαῦτα
471 3009 620 3083 ἱκετείαις
632 3008 688 3073 καί
702 3006 870 3091 δεήσεσιν,
888 3003 930 3071 ού
940 3004 1055 3090 νόμοις
1065 3005 1120 3070 καί
1134 2999 1193 3085 δρ-

189 3114 262 3185 γαίς
277 3102 332 3169 καὶ
346 3104 569 3187 δικαστηρίοις
584 3100 742 3190 ὑπάγειν,
758 3101 863 3190 οἶμαι,
879 3102 1053 3189 προσήκει·
1078 3106 1194 3169 πείθε-

190 3207 272 3265 σθαι
283 3196 342 3264 τὸν
353 3198 470 3283 ίατρδν
479 3200 558 3287 χρή,
574 3199 616 3267 ού
626 3202 839 3287 κελεύεσθαι,
855 3200 1056 3287 βούλεσθαι,
1074 3195 1116 3266 ού
1128 3222 1194 3283 φο-

188 3301 340 3382 βεῖσθαι,
369 3300 422 3365 ἐπὶ
443 3295 505 3384 τὴν
529 3308 714 3386 θεραπείαν
740 3297 802 3366 ούκ
825 3296 983 3385 ἄγεσθαι,
1012 3295 1130 3366 ἑκόντα
1159 3297 1194 3363 δὲ

122 3404 172 3460 180
191 3393 371 3479 ἐρχόμενον
382 3393 533 3479 ἥδεσθαι.
558 3406 717 3484 πατρικῆς
728 3398 763 3465 δὲ
776 3394 924 3483 ἀνάγκης
935 3392 1103 3483 ἀμοιροςὴ
1118 3393 1194 3462 ἀτε-
