2575 3842
425 642 786 739 Pultttttt.

547 853 674 861 ——----

140 948 281 1046 Ουονιοιίο
291 990 379 1044 butor.
392 990 514 1041 conscrib.
535 1006 560 1044 c.
572 990 587 1040 l
600 989 724 1055 λιπαρεῖ]
736 989 858 1040 Fritasch.
870 991 904 1041 ad
913 989 1043 1056 Aristoph.
1054 988 1146 1040 theam.

67 1075 90 1124 p.
112 1059 165 1112 808
188 1061 280 1124 probat
304 1061 373 1124 quod
404 1058 449 1109 alii
474 1060 525 1109 iam
548 1059 682 1108 voluerunt
701 1056 819 1127 λιπυρίγι
841 1059 896 1110 sive
921 1056 1052 1126 λειπυρίρι
1086 1059 1147 1109 ibid.

64 1127 237 1193 παρεκίνουν
255 1130 342 1194 recepi
362 1144 409 1194 pro
427 1125 630 1192 παρεκινοῦντο
665 1128 725 1178 ibid.
741 1126 891 1192 μεσοῦντος
908 1125 1012 1193 θέρους
1029 1129 1148 1178 revocavi

64 1213 109 1261 pro
134 1197 286 1262 μεσοῦντος
313 1195 364 1246 τοῦ
391 1191 496 1261 θέρους
542 1197 603 1251 ibid.
636 1194 889 1262 παρολισθαίνειν]
924 1188 1148 1262 παρολισθαίνειν

64 1266 137 1318 Diod.
153 1283 177 1317 c.
198 1269 215 1317 2
232 1259 298 1322 τοὺς
321 1274 379 1316 ante
396 1257 554 1332 βαρβάρους
573 1267 648 1316 eiecit
666 1267 703 1317 id.
740 1282 763 1316 ο.
781 1267 800 1317 4
823 1258 1005 1333 πολυφώνῳ]
1016 1265 1147 1316 lectionem

64 1327 292 1418 πολυφωνοτάτρι
313 1350 364 1386 uon
382 1336 509 1400 improbat
526 1336 662 1386 Burmeist.
685 1351 712 1400 p.
731 1334 756 1385 8.
796 1350 819 1386 ο.
839 1337 856 1387 5
879 1324 960 1402 itti]
987 1325 1053 1383 αλλ’
1071 1334 1146 1382 Dind.

64 1404 120 1458 ibid.
148 1401 309 1468 συνταθειη]
334 1402 455 1470 συντιθῇ
478 1404 525 1466 id„
542 1418 578 1457 ,ο.
604 1404 629 1454 6-
646 1405 724 1457 Dind.
748 1412 886 1468 praeeunte
908 1404 1047 1469 liudolpho
1070 1403 1148 1451 verba

64 1465 144 1522 κοινά
159 1466 218 1556 γάρ
321 1461 445 1536 άρμονία
462 1471 582 1528 cancellis
601 1473 810 1544 circumscripsit.
846 1489 870 1523 c.
889 1474 906 1522 7
924 1463 1001 1538 ariol]
1026 1461 1092 1519 ου’δ’
1110 1473 1145 1520 id.

63 1542 115 1595 c.8
133 1535 203 1592 ουδὲ
219 1533 247 1590 ὁ·
266 1533 330 1592 olet
347 1537 377 1607 o]
396 1521 502 1590 orlo'ti-
520 1531 615 1590 οάδό
634 1542 671 1596 id.
694 1541 769 1604 ⁴a'ba'd.
783 1530 933 1608 ἐπεισάγει]
952 1530 1095 1604 ἐπεισάγει
1110 1541 1145 1590 id.

62 1604 242 1677 thirsautio]
266 1602 302 1659 άν
320 1601 406 1660 αὐτὸν
428 1611 467 1664 td.
488 1610 783 1681 seanuus.1acobsium.
817 1609 875 1663 cl)
897 1600 926 1667 ές
948 1602 1038 1676 αὐτὴν
1062 1621 1120 1659 rece
1138 1610 1148 1657 i

62 1695 106 1796 ppo
122 1674 164 1738 είς
183 1670 273 1743 αάτὴν
306 1696 328 1731 c.
347 1679 379 1731 10
395 1670 557 1744 ἑωρακέναι]
575 1668 721 1743 ἑορακέναι
736 1679 812 1730 Dind.
847 1696 869 1730 c.
887 1669 1098 1755 11δ1ἒιιεῖνοιι]
1117 1623 1148 1725 δ’

91 1750 164 1798 εῖνοι
183 1749 219 1800 id.
256 1764 280 1801 ο.
298 1748 330 1800 13
353 1745 574 1812 καταμεμῖχθαι]
598 1746 807 1812 καταμεμίχθαι
826 1750 863 1799 id.
896 1756 955 1798 anta
976 1739 1045 1798 otti
1069 1761 1088 1796 οι
1109 1746 1146 1796 id.

63 1820 200 1869 asteriscos
234 1819 310 1868 osuit.
345 1834 367 1868 c.
381 1818 414 1868 14
426 1813 572 1882 φροιμίου]
589 1815 802 1892 προοιμίου,,1(1.,
821 1817 881 1878 utu
893 1812 999 1897 αἴρειν]
1013 1808 1095 1881 άρεῖν
1109 1815 1145 1866 iu

63 1903 83 1935 c.
100 1887 134 1937 15
153 1898 205 1935 συν
237 1884 323 1952 ραψε]
347 1880 504 1952 ξυνέγραψε
523 1887 559 1937 id.
595 1904 617 1938 c.
636 1886 671 1937 15
687 1877 779 1950 μικράΙ
791 1877 889 1955 ῥάκια]
911 1901 999 1951 μικρα
1019 1875 1146 1944 κάκεῖνα,

63 1970 127 2016 quae
146 1955 218 2022 vulg.
239 1955 387 2016 collectio,
408 1957 512 2006 retinuit
528 1955 564 2005 id.
591 1955 660 2004 ibid.
679 1946 713 2004 οά
730 1946 772 2004 δι’
788 1946 888 2018 αάτήν.
913 1947 1017 2020 velata
1032 1947 1146 2003 κάκεῑνο

63 2024 111 2074 iam
131 2025 193 2075 dedi
211 2039 257 2089 pro
275 2015 309 2073 οὗ
328 2013 369 2072 δι’
380 2015 469 2089 αὐτὴν
487 2020 557 2074 ίδια.
576 2015 694 2073 κάκεῖνα
706 2032 853 2088 corruptum
865 2023 932 2074 illud
949 2016 991 2073 δι’
1001 2017 1091 2088 αὐτήν
1107 2024 1146 2072 in·

62 2100 156 2142 tactum
173 2093 325 2157 relinquens.
353 2093 466 2144 Halmius
484 2091 547 2144 olim
562 2093 701 2144 coniecerat
719 2083 754 2140 σά
764 2087 868 2155 διαρκῆ
879 2084 915 2156 νὴ
926 2090 997 2153 Δία,
1016 2101 1042 2142 at
1056 2099 1146 2157 postea

61 2170 156 2212 mutata
176 2163 302 2212 sententia
319 2154 354 2210 ου’
370 2158 567 2214 Θουκυδίδεια.
605 2161 731 2212 Geistiua:
755 2152 790 2209 σά
813 2157 937 2228 δίβαφσν
958 2154 1048 2213 ἰδίαν.
1083 2160 1146 2210 Bur·

61 2232 140 2284 meist.
162 2247 190 2296 p.
207 2230 225 2281 9
242 2246 299 2294 sqq.
320 2221 386 2279 ουδ’
403 2222 515 2284 άνεκτά,
546 2224 582 2294 νὴ
602 2227 660 2280 Δία
682 2222 812 2294 κάκεῖνο,
836 2231 863 2279 in
884 2229 1047 2281 adnotatione
1070 2228 1146 2279 simul

61 2299 137 2350 aliam
154 2299 264 2349 afferens
282 2300 465 2351 coniecturam:
483 2290 548 2350 οὔδ’
560 2289 630 2348 αάτά
646 2299 687 2352 vel
704 2289 770 2348 οάδέ
786 2295 874 2348 ταῦτα
892 2295 964 2354 ίδια.
1000 2297 1146 2349 Diodorfius

59 2370 138 2420 'verba
154 2361 244 2432 μικρά
258 2362 418 2417 κάκεΐνα-
429 2361 472 2418 δι’
483 2359 573 2433 αὐτὴν
588 2365 650 2418 ίδια
663 2371 736 2420 nume
752 2368 861 2422 inclusit.
878 2369 948 2419 idam
963 2369 1059 2433 recepit
1077 2367 1147 2432 quod

61 2449 244 2504 proposueram
262 2427 375 2488 κάκείνο
391 2454 414 2493 c.
429 2438 462 2488 17
475 2436 621 2505 φροιμίου]
640 2435 791 2502 προοιμίου
809 2438 845 2488 id.
863 2437 925 2490 utu
939 2428 1146 2503 δυαγινάσκον-

61 2505 120 2571 τας]
145 2495 408 2571 ἀναγιγνώσκοντας
429 2508 465 2559 io.
506 2524 530 2563 c.
555 2509 588 2558 17
613 2500 831 2572 συνηρωτημένα
855 2500 974 2556 κάκεῖνα
995 2522 1054 2556 cum
1076 2507 1146 2566 eod„

62 2576 130 2654 qpod
149 2575 212 2626 olim
228 2575 308 2656 v‘oluj,
326 2591 373 2641 pro
385 2571 603 2641 συνηρωτημένα
621 2572 669 2625 κα1
686 2570 844 2640 συνηγμένα
862 2565 980 2625 κάκεῖνα
1004 2592 1028 2626 c.
1048 2573 1083 2627 19
1097 2570 1147 2624 ταὶ

63 2657 101 2691 ων
120 2633 201 2709 ἄνευ]
225 2659 265 2692 ων
281 2658 348 2695 αυευ
368 2645 404 2695 id.
441 2661 463 2699 c.
483 2646 515 2698 21
534 2636 652 2710 Ὀσρόης
665 2643 720 2711 τις]
736 2660 778 2702 τις
796 2645 869 2696 eiecit
886 2644 966 2701 Geiat.
999 2660 1021 2696 o.
1037 2645 1072 2694 22
1091 2641 1147 2692 ποῦ

62 2703 91 2760 δ’
104 2701 154 2779 άν]
172 2710 229 2762 ποῦ
246 2703 282 2761 άν
294 2715 370 2765 Diod.
406 2714 466 2766 totu
480 2709 603 2779 θάτερον
621 2707 653 2764 δέ
669 2707 809 2781 σανδάλῳ]
827 2709 939 2782 θατέρῳ
959 2705 989 2762 ut
1005 2705 1146 2763 σάνδαίον

62 2781 97 2832 id.
132 2799 156 2836 c.
174 2781 208 2833 23
223 2772 290 2831 αὐτὸ
301 2775 334 2832 τὸ
349 2779 400 2863 τηε
412 2785 497 2848 recepi
511 2798 559 2848 pro
572 2773 640 2832 αὐτὸ
656 2782 707 2846 τῆς
733 2800 756 2838 c.
771 2785 806 2834 24
823 2780 1033 2849 περιρρεῖσθαι]
1045 2795 1146 2845 περιω-

65 2847 163 2909 ρίσθαι
177 2852 254 2907 Dind.
290 2868 311 2902 o.
329 2851 363 2903 26
381 2865 399 2915 η
417 2848 533 2902 τοιαῦτα
548 2853 639 2917 scripsi
651 2860 753 2903 auctore
769 2851 910 2902 Hermanno
944 2868 972 2902 ro
991 2844 1018 2899 εί
1031 2848 1147 2899 τοιαῦτα

64 2933 86 2972 ο.
102 2918 135 2969 29
147 2908 273 2984 ἑωράκει]
290 2909 400 2984 έοράκει
414 2920 488 2973 Dino
524 2937 545 2971 c.
564 2921 599 2972 32
616 2912 654 2979 cic
671 2913 795 2978 Ἀτθίδος
811 2917 969 2998 deiloquus]
987 2919 1052 2969 haec
1070 2921 1146 2970 verba

64 2985 157 3040 (iubeto
181 2987 247 3039 mala
271 2989 389 3039 videntur
413 2989 533 3041 additicia
550 3005 615 3040 esse.
649 2990 709 3041 ibid.
728 2991 763 3040 ad
782 2991 859 3040 verba
876 2981 943 3038 ουδ’
961 2978 998 3044 ὥς
1018 2977 1072 3038 acl.
1100 2987 1146 3037 ali·

62 3058 124 3118 quid
146 3057 237 3108 deesse
258 3072 309 3107 uon
332 3058 432 3123 primus
449 3058 513 3110 vidit
535 3059 603 3110 idem
626 3063 665 3109 vir
683 3060 786 3124 doctus,
811 3059 859 3108 aed
876 3065 1009 3108 antaeum
1045 3057 1147 3107 etmulti

61 3124 113 3175 alii.
151 3142 175 3176 c.
194 3127 229 3178 34
250 3116 287 3176 ἄν
310 3127 382 3177 uncis
404 3126 520 3179 liberavit
539 3128 616 3182 Diod.
650 3128 710 3178 ibid.
730 3120 903 3191 κασσιτέρου]
928 3139 1089 3191 καττιτέρου
1106 3127 1144 3180 id.

61 3211 82 3249 c.
96 3194 131 3246 35
145 3196 225 3246 verba
239 3187 266 3244 εἰ
283 3187 319 3260 δὴ
332 3193 572 3261 -Στρατσνίιιης
586 3186 695 3262 ἐκείνης
711 3197 783 3245 uncis
796 3195 899 3245 inclusit
915 3195 950 3245 id.
986 3195 1048 3248 ίδίδ.
1068 3196 1146 3247 verba

61 3261 255 3328 Στρατονίκης
270 3255 344 3314 tarto
365 3280 379 3321 ς
394 3265 488 3317 delevit
499 3265 579 3316 Geist.
608 3283 630 3318 o.
641 3265 675 3316 37
688 3255 828 3330 ἑωρακώς]
846 3254 970 3330 ἕσραιιάις
979 3266 1056 3316 Dind.
1081 3265 1143 3319 ιὀίδ.

61 3325 259 3398 μηχανήματα,
278 3326 319 3383 ἔτι
334 3278 366 3383 til
383 3327 442 3400 aul]
461 3335 497 3386 ita
518 3335 611 3400 scripsi
629 3335 661 3384 de
677 3334 841 3384 Burmeiateri
862 3332 902 3400 (p.
922 3333 981 3398 14.)
1000 3335 1145 3384 coniectura

61 3416 107 3465 pro
121 3398 314 3468 μηχανήματα
329 3395 391 3451 ἔνια
408 3398 456 3453 καί
488 3404 548 3458 tutu.
566 3397 666 3467 κέρως]
678 3397 777 3466 κέρεος
794 3402 871 3458 Diod.
908 3419 934 3512 οἐκ
948 3401 983 3454 38
999 3401 1143 3466 Συρακου-

895 3495 911 3528 a
