2575 3842
324 187 445 243 ΠΕΡΙ
466 186 563 242 ΤΗΣ
580 185 949 244 ΑΣΤΡΟΛΟΓΙΗΣ.
1080 181 1140 246 187

130 342 328 411 πιστότατον
345 346 513 430 ἐφεστῶτα
530 341 631 430 ὁρᾶν,
654 350 685 412 εί
703 352 889 430 φιλοσοφεῖ.
919 343 1000 430 μετά
1018 343 1054 411 δέ
1072 344 1141 411 ἐπεὶ

128 441 256 520 πάντας
269 439 287 509 ὁ
305 443 408 527 γέλως
425 455 550 527 κατεῖχε
566 444 621 509 καὶ
636 438 745 519 οὐδεὶς
762 439 852 518 ὅστις
866 437 908 508 ού
921 440 984 528 τὴν
999 443 1140 527 γαστέρα

128 539 221 627 ἤλγει
237 537 466 627 βρασσόμενος
479 536 539 606 ἀπ’
553 536 675 622 αὐτοῦ,
691 543 843 624 ἔγνωσαν
858 537 1096 625 ἀναπόμπιμον
1107 541 1141 616 ἐς

128 635 191 723 τὴν
203 637 343 705 Ἰταλίαν
358 639 520 723 ἐκπέμψαι
533 633 595 722 τὴν
611 640 717 723 δίκην.
743 641 792 704 13.
810 637 865 704 καὶ
875 643 941 705 νῦν
952 635 1068 723 ἀτερος
1078 641 1140 723 μὲν
1243 670 1252 681 ·

129 731 213 817 πρός
228 731 290 819 τὴν
300 732 493 820 τοῖν-λόγων
506 737 680 819 ἐπίδειξιν,
699 731 743 812 ὥς
758 753 856 820 φασι,
872 734 1071 820 γυμνάζεται
1085 736 1140 803 καὶ

128 833 412 916 παρασκευάζεται
422 836 477 900 καὶ
486 837 688 920 κατηγορίαν
698 849 879 921 συγκροτεῖ
884 838 939 902 καί
947 832 984 902 τό
996 842 1053 921 τῆς
1064 861 1140 921 μοι-

129 940 219 1020 χείας
242 939 389 1021 ἔγκλημα
409 932 566 1003 ὑποκινεῖ
582 936 824 1003 ἐναντιώτατον
841 932 948 1025 αύτῷ,
969 938 1024 1003 καὶ
1042 927 1140 1013 οὗτος

128 1028 212 1097 κατά
233 1028 312 1109 τούς
333 1031 486 1117 φαύλους
508 1038 576 1099 τῶν
599 1033 751 1120 ῥητόρων
770 1039 869 1100 τοῦτο
891 1038 998 1100 ποιων
1018 1033 1073 1099 καὶ
1094 1037 1140 1110 είς

128 1125 208 1205 τούς
223 1125 348 1214 ἀνδρας
364 1126 425 1195 τόν
446 1127 617 1196 ἀντίδικον
638 1132 675 1197 ἐκ
696 1136 758 1197 τοῦ
779 1130 981 1216 ἐγκλήματος
1001 1131 1139 1197 καταλέ-

128 1249 216 1310 γων·
239 1231 283 1314 τῷ
295 1223 416 1315 Βαγιόγ
428 1224 464 1294 δὲ
477 1228 588 1311 ἔτερα,
606 1225 651 1304 ιός
665 1246 764 1313 φασι,
780 1230 870 1313 μέλει
885 1231 941 1296 καί
954 1228 1139 1311 ἀνδρίζεται

3 1351 4 1360 ’
128 1321 168 1392 τά
185 1323 291 1393 πολλὰ
308 1328 364 1392 καὶ
384 1321 438 1392 διά
455 1321 563 1410 χειρός
585 1329 649 1410 ἔχει
665 1322 702 1392 τό
724 1331 860 1411 πρᾶγμα
880 1328 935 1395 καὶ
949 1328 1042 1405 τέλος
1055 1351 1139 1410 κρα-

1 1423 8 1452 ”
128 1422 242 1509 τησειν
257 1424 392 1507 ἐλπίζει,
408 1417 452 1508 ἢν
468 1425 612 1510 ἐπιδείξῃ
627 1419 671 1502 ὡς
683 1420 783 1490 οὐδέν
792 1430 914 1511 χείρων
925 1426 992 1493 ἐστὶ
1002 1431 1070 1491 τῶν
1080 1422 1139 1502 τάς

128 1522 253 1599 ἵππους
267 1518 521 1608 ἀναβαινόντων
538 1520 637 1589 ὅνων.
662 1518 746 1607 αύτη
761 1521 843 1607 γάρ,
860 1515 1024 1608 ἀέταῑρε,
1040 1530 1139 1607 φιλο-

129 1623 250 1702 σοφίας
266 1615 382 1704 ἀρίστη
397 1625 504 1705 κρίσις
520 1623 628 1692 ἔοικεν
649 1617 804 1688 εἶναικαὶ
820 1617 988 1700 ἀπόδειξις
1002 1617 1138 1688 ἀναντί-

129 1721 252 1792 λεκτος.
278 1713 361 1782 ὥστε
375 1715 430 1782 καὶ
443 1711 504 1782 τόν
516 1713 646 1784 υίόν-
656 1722 703 1784 έτι
713 1720 753 1784 δέ
763 1743 819 1803 μοι
829 1721 949 1809 κομιδῇ
962 1721 1037 1797 νέος
1048 1720 1138 1786 ἐστίν

134 1853 171 1863 -
186 1810 345 1900 εὐξαίμην
366 1810 409 1881 ἀν
430 1811 472 1882 ού
489 1812 553 1901 τὴν
565 1817 705 1901 γνώμην
719 1812 797 1882 ούδὲ
813 1813 875 1901 τὴν
889 1822 1039 1901 γλῶτταν
1054 1812 1137 1884 ἀλλά

131 1909 166 1978 τό
185 1916 314 1980 αίδοῑον
327 1914 460 1998 ἕτοιμον
475 1915 508 1991 ἐς
522 1918 725 1999 φιλοσοφίαν
742 1917 836 1996 ἔχειν.
1175 1911 1177 1915 ’

278 2326 416 2394 ΠΕΡΙ
441 2328 556 2394 ΤΗΣ
578 2324 988 2393 ΑΣΤΡΟΔΟΓΙΗΣ.
1154 2342 1204 2395 360

214 2503 241 2566 1.
260 2498 359 2584 Ἀμφί
370 2523 405 2566 τε
421 2495 571 2582 ούρανοῦ
586 2496 675 2584 ἀμφί
682 2524 718 2566 τε
732 2496 879 2584 ἀστέρων
895 2495 914 2584 ἡ
928 2496 1058 2584 γραφή,
1074 2493 1136 2563 ούκ

126 2593 257 2663 αὐτέων
272 2593 420 2681 ἀστέρων
436 2593 511 2663 οὐδ’
530 2593 651 2664 αύτέον
666 2601 742 2683 πέρι
762 2593 927 2681 ούρανοῦ,
948 2593 1032 2663 ἀλλά
1051 2621 1137 2680 μαν-

127 2701 219 2779 τηίης
231 2697 286 2762 καὶ
300 2691 482 2780 ἀληθηίης,
503 2690 525 2778 ἢ
541 2691 581 2780 δὴ
598 2696 634 2762 ἐκ
648 2698 793 2762 τουτέων
805 2697 838 2772 ἐς
853 2691 1047 2780 ἀνθρώπων
1061 2699 1137 2780 βίον

127 2795 263 2875 ἔρχεται.
288 2787 306 2858 ὁ
324 2793 363 2858 δέ
371 2816 427 2877 μοι
438 2791 537 2877 λόγος
551 2789 611 2877 οὐχ
625 2792 895 2880 ὑποθημοσύνην
909 2798 974 2877 ἔχει
989 2789 1068 2858 οὐδὲ
1084 2795 1138 2857 δι-

128 2892 310 2975 δασκαλίην
325 2889 573 2974 ἐπαγγέλλεται,
596 2886 683 2967 ὅκως
702 2890 828 2976 ταύτην
843 2888 905 2976 τὴν
920 2888 1137 2976 μαντοσύνην

128 2988 332 3070 διενεκτέον,
355 2982 438 3053 ἀλλά
460 2989 631 3072 μέμφομαι
651 2983 765 3055 ὁκόσοι
780 2989 880 3072 σοφοί
894 2986 1004 3064 ἐόντες
1018 2984 1058 3053 τά
1075 2988 1137 3071 μὲν

125 3080 210 3150 ἀλλα
221 3085 420 3150 ἐπασκέουσι
432 3086 486 3151 καί
497 3091 577 3150 πᾶσι
588 3098 656 3162 τοϊς
667 3083 818 3152 ἑωυτέων
827 3081 1041 3171 ἀπηγέονται,
1051 3083 1138 3170 μού-

125 3209 189 3269 νην
199 3179 230 3250 δ’
242 3179 462 3269 ἀστρολογίην
472 3182 549 3251 ούτε
560 3186 732 3270 τιμέουσιν
740 3181 817 3251 οὔτε
827 3185 1033 3252 ἐπασκέουσι.
1045 3189 1074 3251 2.
1082 3188 1137 3253 καὶ

125 3279 144 3366 ἡ
169 3283 231 3366 μὲν
247 3287 348 3367 σοφίη
366 3279 488 3368 παλαιὴ
512 3279 590 3350 οὐδὲ
610 3283 691 3350 νέον
709 3284 742 3361 ές
760 3279 863 3368 ἡμέας
882 3279 1034 3369 ἀπίκετο,
1060 3278 1134 3351 ἀλλ’

125 3382 216 3445 ἔστιν
228 3383 328 3465 ἔργον
339 3376 485 3465 ἀρχαίων
494 3381 660 3466 βασιλέων
671 3385 869 3467 θεοφιλέων.
885 3384 920 3448 οί
927 3380 963 3449 δέ
972 3387 1038 3448 νῦν
1049 3376 1137 3466 ἀμα-
