2575 3842
349 224 476 281 ΥΠΕΡ
498 221 599 282 ΤΩΝ
617 223 860 282 ΕΙΚΟΝΩΝ.
1045 221 1106 287 257

100 412 166 472 μην
184 384 439 469 καταδιαιτήσας
454 389 515 448 τοῦ
536 386 669 467 βιβλίου
684 379 726 466 μή
750 382 916 464 παρόντος
936 380 1026 474 αὐτῷ
1048 391 1109 451 τοῦ

101 483 301 568 συνηγόρου.
318 485 442 570 ῥᾷστον
454 481 500 563 δέ,
515 476 614 564 οἶμαι,
629 478 729 544 τοῦτό
741 480 807 545 ἐστι
822 477 904 547 κατά
917 477 978 565 τήν
989 506 1109 563 παροι-

101 586 196 664 μίαν,
220 578 327 664 μόνον
350 580 474 645 δέοντα
498 589 640 661 κρατεῖν.
673 573 756 643 άστε
778 575 878 644 οὐδὲν
897 580 1107 664 θαυμαστόν,

102 683 132 743 εί
145 679 199 743 καί
213 673 306 761 ήμεῖς
323 675 473 760 ἑάλωμεν
491 673 568 741 οὔτε
583 672 705 751 ὕδατος
718 671 799 760 ἡμῖν
816 677 1015 761 ἐκχυθέντος
1032 675 1109 742 οὔτε

101 772 280 858 ἀπολογίας
296 771 527 856 ἀποδοθείσης.
562 772 741 855 μᾶλλονδὲ
761 779 860 840 τοῦτο
874 774 1012 840 πάντων
1031 771 1109 840 ἀτο-

102 870 271 956 πώτατον,
297 875 330 938 οί
344 869 438 938 αὐτοὶ
454 870 632 956 κατήγοροι
654 871 709 937 καί
726 873 874 938 δικασταί
890 865 956 956 ήτε.
987 871 1109 953 πότερα

102 966 133 1036 δ’
152 961 216 1035 οὖν
229 970 370 1053 ἐθέλεις,
387 966 559 1054 ἀγαπήσας
573 983 641 1044 τοῖς
653 969 873 1053 ἐγνωσμένοις
886 967 1027 1055 ἡσυχίαν
1039 967 1109 1054 ἀγω

1 1059 2 1066 ¹
101 1063 122 1154 ἢ
139 1063 221 1132 κατὰ
238 1063 298 1132 τδυ
312 1062 475 1149 Ἱμεραῖον
491 1063 632 1150 ποιητήν
648 1069 854 1155 παλινῳδίαν
868 1063 943 1132 πινά
961 1066 1109 1151 συγγρά-

102 1190 171 1250 φω,
189 1158 210 1248 ή
225 1163 348 1230 δώσετέ
362 1190 418 1249 μοι
434 1165 591 1247 ἐφέσιμον
609 1160 839 1247 ἀγωνίσασθαι
854 1161 916 1248 τήν
931 1167 1046 1247 δίκην;
1128 1177 1178 1231 494

185 1267 289 1328 ΠΟΛ.
319 1257 374 1346 Νή
396 1257 473 1344 Δί’,
497 1258 603 1344 ήνπερ
621 1265 695 1347 ἐχης
711 1287 742 1327 τι
764 1265 895 1328 δίκαιον
920 1266 1040 1328 εἰπεῖν·
1068 1257 1110 1328 οά

101 1356 167 1444 γάρ
182 1362 218 1426 ἐν
232 1356 427 1443 ἀντιδίκοις,
446 1357 490 1435 ιδς
502 1354 545 1425 σά
556 1359 637 1444 φής,
654 1355 727 1427 ἀλλ’
741 1361 778 1426 ἐν
793 1367 903 1446 φίλοις
910 1359 1036 1448 ποιήσῃ
1048 1358 1110 1446 τήν

103 1457 294 1544 ἀπολογίαν.
330 1455 394 1542 ἐγώ
413 1459 448 1525 δέ
467 1459 521 1525 καὶ
543 1459 818 1540 συνεξετάζεσθαί
835 1479 887 1526 σοι
908 1462 1038 1544 ἕτοιμος
1058 1462 1110 1528 ἐπὶ

102 1563 159 1642 τῆς
174 1560 275 1640 δίκης,

190 1658 239 1720 16.
254 1658 354 1720 ΛΤΚ.
374 1648 470 1720 Ἀλλά
483 1655 589 1720 ἐκεῖνο
602 1652 761 1740 ἀνιαρόν,
781 1648 1043 1740 άΠολάστρατε,
1059 1654 1110 1723 ὅτι

105 1749 147 1836 μή
161 1752 288 1835 ἐκείνης
298 1750 470 1835 παρούσης
481 1751 659 1837 ποιήσομαι
672 1750 750 1830 τούς
760 1753 897 1838 λόγους·
919 1762 1036 1843 μακρῷ
1044 1750 1109 1838 γάρ

104 1845 148 1916 ἀν
164 1845 270 1924 οὕτως
285 1845 424 1933 άμεινον
439 1840 492 1932 ήν.
521 1855 587 1914 νῦν
604 1849 639 1915 δὲ
654 1848 783 1934 ἀνάγκη
802 1846 860 1915 ἀπ’
877 1851 1011 1934 ἐντολῆς
1026 1847 1111 1915 ἀπο-

105 1947 322 2032 λογήσασθαι.
349 1943 423 2015 ἀλλ’
444 1955 477 2013 εί
490 1971 546 2030 μοι
566 1953 717 2024 τοιοῦτος
738 1944 981 2032 ἀγγελιαφόρος
996 1949 1109 2030 γένοιο

106 2041 187 2127 πρὸς
203 2041 309 2128 αὐτήν
323 2038 391 2120 οἷος
412 2040 492 2126 παρ’
513 2045 639 2128 ἐκείνης
657 2042 740 2128 πρός
759 2069 799 2127 με
814 2043 1008 2128 γεγίυησαι,
1035 2054 1111 2110 τολ-

105 2143 199 2228 μήσω
215 2139 396 2228 ἀναρρῖψαι
411 2137 471 2207 τὸν
489 2141 604 2227 κύβον.

188 2247 292 2320 HQA.
317 2240 459 2326 Θάρρει,
483 2232 664 2325 εδΛυκῖνε,
687 2241 808 2307 τούτου
822 2266 860 2325 γε
872 2241 987 2323 ἕνεκα,
1011 2234 1055 2315 ὡς
1070 2235 1112 2303 οὐ

105 2337 238 2424 φαῦλόν
253 2363 294 2423 με
311 2335 497 2424 ὑποκριτήν
510 2340 594 2419 ἕξων
615 2347 673 2425 τῆς
692 2336 887 2424 ἀπολογίας,
908 2336 1112 2422 κειράμενος

105 2437 161 2506 διά
175 2441 326 2525 βραχίων
342 2446 462 2525 εἰπεῖν,
480 2437 524 2517 ὡς
537 2435 581 2506 ἀν
598 2447 726 2523 μάλλον
739 2436 1015 2524 μνημονεύσαιμι.

190 2542 290 2603 AYK.
313 2539 378 2604 Καὶ
395 2535 462 2623 μήν
479 2538 570 2603 πάνυ
587 2536 649 2622 μὲν
663 2541 729 2604 ἐδει
747 2561 803 2620 μοι
818 2541 954 2621 μακρῶν
969 2541 1036 2600 τῶν
1053 2531 1112 2600 λό-

105 2661 177 2722 γων
193 2632 277 2716 πρὸς
294 2633 382 2700 οὕτω
401 2632 555 2718 σφοδράν
569 2633 631 2720 τήν
648 2642 858 2722 κατηγορίαν.
888 2632 978 2718 ὅμως
999 2635 1034 2699 δέ
1050 2637 1113 2697 σοῦ

107 2736 206 2799 ἕνεκα
219 2733 434 2815 ἐπιτεμοῦμαι
449 2730 511 2816 τήν
522 2730 715 2819 ἀπολογίαν.
737 2736 792 2801 καί
805 2730 885 2817 παρ’
903 2734 985 2817 ἐμοῦ
998 2737 1114 2796 τοίνυν

107 2830 187 2896 τάδε
202 2825 285 2916 αὐτή
300 2826 493 2914 ἀπάγγελλε.
1028 2859 1032 2864 ·

192 2933 294 2993 ΠΟΛ.
327 2931 518 3011 Μηδαμῶς,
551 2921 576 2994 ά
602 2923 846 3013 Λυκῖνε,“ἀλλ’
876 2927 985 3011 ὥσπερ
1013 2924 1114 3012 αὐτῆς

108 3028 235 3112 ἐκείνης
249 3025 419 3113 παρούσης
433 3027 507 3109 λέγε
517 3022 577 3092 τὸν
588 3027 707 3112 λόγον,
725 3025 781 3094 εἶτ’
800 3024 864 3112 ἐγεδ
879 3026 1064 3112 μιμήσομαί
1077 3043 1114 3090 σε

107 3122 191 3209 πρὸς
207 3121 320 3212 αὐτήν.

192 3231 291 3291 AYK.
316 3219 454 3291 Οὐκοῦν
468 3223 644 3309 ἐπειδήπερ
661 3219 749 3289 οὕτω
766 3241 818 3290 σοι
834 3228 940 3307 δοκεῖ,
958 3213 1114 3289 ἀΠολυ-

36 3401 38 3412 Ι
108 3344 236 3407 στρατε,
252 3319 273 3407 ἡ
282 3323 344 3407 μὲν
353 3321 490 3404 πάρεστι
501 3323 556 3389 καί
565 3329 741 3409 προείρηκε
752 3320 876 3410 δηλαδή
889 3325 997 3390 ἐκείνα
1006 3319 1113 3390 ὁπόσα

109 3419 152 3488 σδ
173 3420 251 3505 παρ’
271 3419 372 3506 αὐτῆς
388 3419 605 3508 ἀπήγγειλας,
626 3419 712 3508 ἡμᾶς
727 3423 763 3490 δὲ
780 3421 841 3509 χρὴ
859 3428 926 3489 τάν
937 3424 1115 3574 1(διευτέρων

193 3531 297 3570 Lucum.
318 3516 351 3573 11.
