2575 3842
171 161 233 224 ενα
515 162 839 238 [Λοναικαονν

172 325 280 408 δεσμῷ
297 319 447 411 ἀργαλέω
464 313 503 388 εύ
518 321 606 407 μάλα
621 325 809 409 προσέδησέ
819 349 859 408 με
874 331 919 413 τῷ
936 328 1061 410 φορτίῳ
1074 321 1188 390 κακόν

171 417 242 501 ἐμοὶ
258 420 339 501 μέγα
354 417 516 502 τυρεύων.
540 419 611 485 ἐπεὶ
627 421 663 484 δὲ
677 421 829 504 προϊέναι
844 416 963 486 λοιπόν
979 423 1061 503 ἔδει,
1078 422 1115 486 ἐκ
1126 427 1188 504 τῆς

171 517 277 590 ἑστίας
293 518 414 595 κλέψας
431 511 535 582 δαλόν
551 521 597 582 ἐτι
613 515 761 600 θερμόν,
777 512 890 602 ἐπειδη
908 516 1025 601 πόρρω
1041 525 1099 600 τῆς
1118 512 1188 582 αῦ-

171 618 229 695 λῆς
243 612 445 698 ἐγενόμεθα,
468 610 528 679 τόν
545 611 649 680 δαλόν
665 617 848 699 ἐνέκρυψεν
867 618 914 691 είς
929 611 966 680 τό
985 628 1185 681 στυππεῖον.

171 705 206 775 τό
225 707 261 774 δὲ
276 749 317 757 -
333 713 367 774 τί
378 705 442 793 γάρ
459 707 538 777 ἀλλο
554 710 711 791 ἐδύνατο;
729 750 767 760 -
786 707 892 788 εύθῦς
907 707 1104 793 ἀνάπτεται,
1127 713 1188 778 καὶ

171 801 290 873 λοιπόν
309 803 408 872 οῦδὲν
426 810 548 890 ἔφερον
565 804 646 874 ἀλλο
665 801 687 891 ἦ
709 813 777 890 πῦρ
797 805 948 874 ἄπλετον.
978 805 1101 891 μαθῷν
1117 801 1187 873 ούν

172 900 215 981 ὡς
231 900 349 970 αὐτίκα
365 899 568 988 όπτήσομαι,
586 905 623 970 ἐν
636 910 676 991 τῇ
688 901 755 992 ὁδῷ
770 907 903 989 τέλματι
917 911 1021 990 βαθεί
1032 902 1186 989 ἐντυχών

171 1005 274 1087 ῥίπτω
289 998 434 1086 έμαντόν
449 1009 510 1067 τοῦ
524 1005 680 1087 τέλματος
696 1004 729 1079 ἐς
743 999 779 1068 τό
795 999 995 1086 ὑγρότατον·
1019 998 1087 1067 εἶτα
1102 1001 1182 1068 ἐκύ-
1278 1082 1279 1085 ¹

170 1106 245 1164 λιον
259 1101 406 1165 ἐνταῦθα
418 1097 455 1166 τό
469 1112 651 1166 στυππεῖον
662 1101 717 1164 καὶ
728 1099 897 1165 δινῶνκαλ
910 1102 1064 1183 στρέφων
1076 1101 1181 1184 ἐμαν-

170 1192 230 1262 τόν
245 1202 290 1284 τῷ
301 1202 395 1283 πηλῷ
407 1199 586 1282 κατέσβεσα
597 1193 633 1261 τό
647 1191 778 1278 θερμόν
790 1196 896 1260 ἐκεῖνο
907 1195 962 1262 καὶ
975 1190 1099 1277 πικρόν
1109 1196 1182 1280 ἐμοὶ

172 1301 327 1379 φορτίον,
353 1296 406 1360 καὶ
427 1291 516 1360 οὕτω
536 1293 655 1361 λοιπὸν
672 1289 934 1376 ἀκινδυνότερον
954 1292 1107 1378 ἐβάδιζον
1124 1300 1181 1376 τῆς

102 1403 152 1456 601
173 1387 256 1457 ὁδοῦ
272 1389 308 1456 τό
325 1393 505 1458 ἐπίλοιπον.
529 1387 607 1456 οῦδὲ
622 1387 686 1474 γάρ
698 1395 745 1456 ἔτι
758 1414 799 1474 με
814 1386 942 1469 ἀνάψαι
952 1397 999 1479 τῷ
1014 1392 1107 1456 παιδὶ
1118 1393 1182 1455 δν-

172 1485 274 1554 νατὸν
291 1480 335 1573 ἦν
350 1494 410 1555 τοῦ
432 1493 614 1554 στυππείον
632 1494 726 1574 πηλῷ
746 1483 838 1573 ῦγρῷ
864 1490 1092 1572 πεφυρμένου.
1126 1489 1180 1553 καί

171 1586 270 1652 τοῦτό
285 1581 356 1668 γεὸ
373 1581 537 1668 τολμηρός
551 1598 626 1661 παίς
642 1580 754 1650 έλθῷν
770 1587 852 1669 ἐμοῦ
868 1584 1112 1668 κατεψεύσατο,
1132 1590 1181 1652 εί·
1278 1605 1280 1623 ¹

171 1679 245 1746 πῷν
263 1678 306 1758 ὡς
328 1677 459 1764 παριῷν
481 1677 566 1748 ἐκῷν
584 1678 704 1747 ἑαυτόν
724 1683 904 1767 ἐνσείσαιμι
926 1689 967 1770 τῇ
991 1683 1091 1770 έστίηι.
1125 1684 1181 1749 καλ

171 1778 245 1844 τότε
270 1778 330 1862 μὲν
358 1780 394 1844 ἐκ
416 1786 477 1865 τοῦ
500 1785 683 1847 στνππείον
707 1779 789 1864 μηδὲ
813 1782 950 1859 ἐλπίζων
974 1776 1180 1864 ὑπεξῆλθον.

170 1881 221 1942 32.
240 1869 313 1941 ἀλλ’
326 1876 440 1962 ἕτερον
455 1876 472 1944 ὁ
486 1875 674 1963 ἀκάθαρτος
689 1891 765 1954 παῖς
778 1880 913 1963 ἐξεῦρεν
924 1875 976 1944 ἐπ’
992 1879 1048 1962 ἐμὲ
1063 1884 1181 1966 μακρῷ
1278 1908 1280 1917 ·

172 1976 305 2044 κάκιον·
329 1984 466 2064 κομίσας
477 1978 540 2064 γάρ
555 2005 595 2064 με
607 1982 639 2056 ἐς
650 1975 776 2062 τόόρος
787 1986 846 2046 καί
853 2004 909 2064 μοι
920 1985 1060 2064 φορτίον
1071 1975 1181 2063 ἁδρόν

171 2077 298 2153 ἐπιθεὶς
310 2077 424 2143 ἐκτῶν
437 2077 557 2158 ξύλων,
574 2083 672 2142 τοῦτο
683 2078 746 2160 μὲν
757 2077 936 2160 πιπράσκει
945 2083 1083 2165 γεωργῷ
1094 2084 1181 2160 πλη-

172 2183 245 2242 σίον
259 2179 425 2258 οἰκοῦντι,
443 2173 498 2258 ἐμὲ
514 2175 549 2241 δὲ
565 2170 698 2259 γυμνόν
713 2175 767 2241 καὶ
782 2172 907 2253 άξυλον
916 2181 1054 2259 κομίσας
1065 2179 1180 2242 οἴκαδε

172 2274 414 2352 καταψεύδεταί
427 2299 494 2358 μου
509 2271 592 2354 πρός
607 2269 668 2339 τόν
682 2271 786 2341 αὑτοῦ
801 2274 967 2360 δεσπότην
981 2279 1081 2359 ἔργον
1096 2271 1181 2343 ἀνό-

170 2390 259 2436 σιον·
294 2377 439 2456 Τοῦτον,
463 2373 620 2455 δέσποτα,
642 2369 702 2438 τόν
716 2370 799 2440 όνον
817 2371 879 2441 οῦκ
894 2371 958 2440 οἷδ’
973 2370 993 2438 ό
1008 2399 1039 2439 τι
1054 2370 1180 2458 βόσκο-

170 2493 232 2552 μεν
248 2471 364 2546 δεινῶς
379 2465 486 2552 ἀργόν
496 2467 577 2534 όντα
588 2469 643 2536 καὶ
654 2471 794 2555 βραδύν.
817 2469 900 2539 ἀλλά
911 2468 980 2556 μὴν
990 2476 1055 2536 νῦν
1065 2473 1180 2556 ἐπιτη-

170 2566 260 2632 δεύει
275 2568 329 2632 καὶ
347 2564 427 2634 ἀλλο
444 2573 558 2651 ἔργον·
586 2563 670 2633 ἐπάν
684 2583 827 2652 γνναίκα
842 2564 865 2655 ἢ
881 2573 1055 2655 παρθένον
1070 2567 1179 2653 καλὴν

170 2666 224 2731 καὶ
245 2661 371 2749 ὡραίαν
391 2668 445 2752 λ’δη
467 2661 488 2750 ἢ
509 2669 627 2746 παῖδα,
653 2663 873 2746 ἀπολακτίσας
892 2671 977 2734 ἵεται
994 2666 1107 2756 δρόμῳ
1123 2665 1177 2733 ἐπ’

170 2760 308 2847 αύτούς,
325 2761 369 2842 ὡς
384 2773 417 2832 εί
429 2790 478 2841 τις
495 2765 552 2852 ἐρᾷ
567 2761 748 2858 ἄνθρωπος
762 2763 870 2851 ἀρρην
887 2767 940 2833 ἐπὶ
954 2767 1103 2852 ἐρωμένῃ
1114 2791 1179 2850 γν-

169 2864 259 2930 ναικδ
274 2860 491 2947 κινούμενος,
514 2865 569 2930 καὶ
583 2862 699 2930 δάκνει
714 2868 750 2931 ἐν
764 2865 948 2952 φιλήματος
967 2866 1106 2950 σχήματι
1123 2868 1180 2933 καλ

169 2963 359 3046 πλησιάζειν
368 2961 522 3049 βιάζεται,
538 2966 573 3028 ἐκ
586 2962 621 3029 δὲ
632 2961 755 3029 τοῦτον
767 2982 820 3030 σοι
830 2966 924 3040 δίκας
935 2963 990 3030 καὶ
1001 2962 1178 3048 πράγματα

169 3063 310 3143 παρέξει,
329 3063 465 3130 πάντων
480 3059 718 3148 ὑβριζομένων,
733 3061 870 3127 πάντων
886 3058 1176 3147 ἀνατρεπομένων.

168 3161 223 3224 καὶ
239 3155 303 3242 γάρ
322 3166 386 3225 νῦν
402 3160 484 3239 ξύλα
500 3165 641 3245 κομίζων
663 3172 807 3243 γυναῖκα
827 3165 873 3237 είς
887 3156 994 3245 ἀγρόν
1009 3156 1177 3226 ἀπιοῦσαν

169 3251 252 3319 ίδῷν
260 3253 299 3320 τά
310 3255 370 3339 μὲν
380 3256 459 3334 ξύλα
470 3258 577 3323 πάντα
587 3259 687 3342 χαμαὶ
695 3257 893 3339 ἐσκόρπισεν
904 3254 1176 3342 ἀποσεισάμενος,

100 3365 152 3416 602
171 3347 232 3432 τὴν
248 3353 283 3416 δὲ
299 3368 441 3435 γυναῖκα
456 3357 488 3432 ἐς
503 3352 563 3439 τὴν
579 3352 661 3422 ὁδόν
677 3352 864 3441 ἀνατρέψας
874 3368 994 3440 γαμεῖν
1008 3352 1174 3442 ἐβούλετο,
