2575 3842
351 151 883 211 ΑΠΟΚΗΡΤΤΤΟΜΕΝΟΣ.
1077 148 1120 212 89

110 310 176 396 γάρ
194 308 300 387 εὐθύς
313 308 350 377 τὸ
367 306 480 376 δεινὸν
495 308 728 396 παρεφύλαξα·
751 308 792 377 ού
810 308 874 395 γάρ
892 308 1023 379 ἁπλοῦν
1040 306 1119 379 ούδδ

111 408 308 475 ἐπιπόλαιον
325 413 383 493 τῆς
402 415 522 491 μανίας
535 404 572 475 τό
590 404 692 491 εἶδος,
716 404 799 474 ἀλλά
815 434 846 473 τι
860 406 1005 475 παλαιόν
1020 405 1119 475 ὑποι-

109 511 261 589 κουροῦν
279 506 316 570 ἐν
333 510 374 591 τῆ
390 510 479 591 ψυχῆ
497 500 604 569 κακόν
623 501 788 590 ἀπέρρηξε
809 508 864 573 καλ
881 508 914 582 ἐς
929 503 1120 591 τούμφανὲς

111 605 288 685 ἐξενίκησε.
311 598 417 667 πολλὰ
432 602 494 685 μὲν
508 593 571 666 οὖν
582 602 636 668 καλ
648 598 731 669 ἀλλα
743 599 824 688 ῆμίν
841 606 908 671 ἐστι
922 616 1041 689 σημεῖα
1051 608 1120 669 τῶν

110 696 255 774 ἀνιάτως
270 696 480 782 μεμηνότων,
496 700 534 764 ἓν
549 699 586 764 δὲ
601 701 708 765 ἐκεῖνο
725 698 844 767 καινόν
859 703 910 769 ἐπὶ
924 708 985 786 γῆς
1000 725 1120 785 γυναι-

110 794 169 873 κός
180 796 303 880 ταύτης
314 796 546 879 παρεφύλαξα·
568 793 652 878 πρός
664 798 726 883 μὲν
736 796 801 884 γάρ
813 797 892 878 τοῦς
903 798 1024 876 ἀλλους
1038 796 1119 883 ῆμε·

111 895 239 978 ρωτέρα
254 895 309 960 καί
320 892 440 976 πραεῖά
456 896 523 961 ἐστι
534 895 589 961 καὶ
599 896 778 979 παρόντων
790 898 927 984 εἰρήνην
939 894 1013 982 ἀγει
1027 894 1048 981 ῆ
1060 896 1120 963 νό-

110 1010 185 1075 σος,
205 985 250 1056 ἀν
264 991 303 1056 δέ
315 1015 389 1055 τινα
400 988 516 1076 ίατρδν
528 995 583 1079 ίδη
595 994 651 1061 καὶ
660 991 750 1060 τοῦτ’
767 991 896 1082 ἀκούση
906 994 1028 1079 μόνον,
1044 988 1116 1058 κατ’

111 1092 245 1154 ἐκείνου
258 1087 399 1171 μάλιστα
413 1088 653 1174 παροξύνεται,
674 1088 756 1177 ὅπερ
771 1093 825 1159 καὶ
840 1089 920 1158 αύτό
937 1096 999 1157 τοῦ
1012 1088 1120 1173 πονῆ-

111 1186 244 1268 ρωςκαλ
254 1181 442 1267 ἀνηκέστως
453 1190 539 1268 ἔχειν
550 1187 617 1252 ἐστὶ
628 1187 816 1272 τεκμήριον.
838 1194 942 1254 ταῦτα
953 1185 1043 1272 δρῦν
1054 1182 1118 1270 ἐγω

109 1282 173 1367 μὲν
188 1278 341 1366 ῆνιόμην
354 1285 410 1348 καὶ
423 1278 485 1366 τῆν
501 1295 642 1366 γυναῖκα
658 1280 816 1372 ᾤκτειρον
830 1283 926 1363 ἀξίαν
940 1279 1046 1351 οὖσαν
1062 1286 1117 1350 καὶ
1136 1301 1188 1355 165

110 1376 201 1464 παρὰ
212 1376 249 1445 τό
261 1386 431 1464 προσῆκον
444 1381 685 1462 δυστυχοῦσαν.
707 1384 734 1447 7.
748 1377 766 1447 ὁ
779 1380 885 1467 πατῆρ
898 1385 934 1448 δὲ
946 1378 1012 1447 ύπδ
1025 1384 1119 1448 ίδιω-

110 1484 198 1554 τείας
215 1516 253 1527 -
271 1473 312 1542 ού
326 1473 391 1561 γὰρ
407 1474 497 1542 οέδεν
513 1472 591 1541 οὔτε
606 1472 712 1562 ἀρχῆν
728 1485 789 1544 τοῦ
805 1482 998 1563 κατέχοντος
1012 1484 1118 1543 κακοῦ

111 1573 189 1641 οῦτε
203 1571 265 1659 τῆν
280 1579 388 1641 αίτίαν
405 1571 482 1639 οὔτε
495 1569 532 1639 τό
548 1574 670 1657 μέτρον
684 1581 744 1641 τοῦ
763 1577 897 1653 πόθους
913 1615 950 1625 -
967 1576 1118 1641 ἐκέλευεν

111 1677 229 1737 ίάσθαι
243 1672 298 1737 καλ
313 1667 349 1739 τό
370 1667 488 1754 όμοιον
503 1672 611 1755 ἐγχέαι
625 1671 821 1757 φάρμακον·
844 1670 925 1762 ᾤετο
940 1670 1004 1756 γάρ
1021 1673 1059 1737 ἓν
1071 1666 1118 1735 ελ-

113 1794 167 1835 ναι
181 1774 301 1853 μανίας
316 1765 401 1845 εἶδος
414 1770 470 1834 καί
490 1774 571 1853 μίαν
586 1765 648 1853 τῆν
668 1769 772 1835 νόσον
794 1772 848 1837 καὶ
863 1768 900 1836 τό
916 1768 1118 1853 ἀρρώστημα

109 1864 235 1934 ταύτδν
261 1867 317 1933 καὶ
336 1875 571 1953 παραπλησίαν
594 1866 657 1952 τῆν
680 1875 865 1954 θεραπείαν
889 1870 1116 1953 ἐνδεχόμενον.

110 1965 181 2032 ἐπεὶ
196 1966 249 2048 δέ,
266 1961 349 2048 ὅπερ
361 1962 606 2049 ἀληθέστατον,
628 1962 797 2033 ἀδύνατον
813 1964 900 2032 εἶναί
917 1991 1002 2049 φημι
1017 1965 1118 2044 σύζε-

109 2072 193 2130 σθαι
208 2059 269 2150 τῆν
284 2075 426 2146 γυναῖκα
441 2064 496 2130 καὶ
509 2058 670 2147 ἡττῆσθαι
686 2058 751 2127 ὑπὸ
767 2070 824 2147 τῆς
834 2063 938 2129 νόσου
953 2059 1116 2145 ὁμολογῶ,

108 2160 293 2246 ἀγανακτεῖ
303 2164 358 2227 καὶ
378 2158 539 2246 ὀργίζεται
554 2165 612 2225 καί
629 2179 734 2244 φησιν
749 2160 867 2227 ἑκόντα
887 2161 1118 2241 καθυφίεσθαι

108 2261 166 2326 καὶ
183 2258 380 2341 προδιδόναι
397 2255 459 2344 τῆν
475 2256 677 2342 ἀνθρωπον,
694 2260 844 2343 ἐγκαλῶν
854 2259 925 2343 ἐμοὶ
941 2252 1002 2341 τῆν
1013 2250 1117 2321 ἀσθέ-

108 2383 206 2424 νειαν
221 2363 278 2441 τῆς
294 2359 416 2441 τέχνης.
450 2358 504 2423 καὶ
527 2356 644 2441 πάσχει
661 2358 722 2443 μέν
741 2358 889 2442 σύνηθες
905 2368 972 2433 τοῖς
989 2362 1116 2421 λυπου·

108 2457 238 2541 μένοις·
264 2450 449 2538 ὀργίζονται
471 2460 557 2539 γοῦν
580 2452 724 2533 ἅπαντες
745 2469 813 2533 τοῖς
829 2450 910 2540 μετὰ
933 2458 1118 2539 παρρησίας

107 2552 240 2638 τάληθῆ
255 2553 398 2636 λέγουσι.
422 2549 511 2637 πλῆν
527 2556 631 2636 ἐγωγε
646 2549 689 2630 ῦς
704 2548 747 2619 ἀν
758 2548 827 2631 οἷός
838 2578 873 2619 τε
886 2544 929 2637 τό,
949 2556 1118 2619 δικαιολο-

107 2652 254 2738 γήσομαι
274 2646 359 2734 πρός
375 2646 480 2716 αύτδν
495 2652 551 2716 καὶ
570 2648 656 2733 ὑπὲρ
678 2653 823 2736 ἐμαυτοῦ
841 2653 895 2717 καὶ
916 2658 973 2735 τῆς
993 2654 1115 2736 τέχνης.

108 2757 139 2819 8.
156 2752 211 2816 καὶ
226 2747 361 2833 πρῶτόν
374 2773 412 2832 γε
428 2745 493 2814 ἀπὸ
504 2754 565 2815 τοῦ
576 2746 684 2832 νόμου
696 2747 852 2834 ἄρξομαι,
867 2745 949 2814 καθ’
967 2746 1007 2814 ὃν
1018 2739 1118 2821 οὗτός

107 2874 150 2935 με
166 2846 372 2931 ἀποκηρῦξαι
388 2846 560 2932 βούλεται,
583 2843 629 2911 ’ἐν’
650 2850 720 2931 είδῆ
738 2843 853 2912 οὐκέθ’
873 2842 992 2929 ὁμοίαν
1009 2836 1116 2908 οῦσαν
1136 2859 1191 2914 Ιοθ

108 2944 200 3034 αύτῷ
214 2952 280 3011 νῦν
290 2969 326 3011 τε
340 2946 395 3011 καλ
409 2943 574 3029 πρότερον
583 2939 646 3026 τῆν
660 2945 821 3020 ἐξουσίαν.
845 2939 887 3006 ού
901 2938 966 3026 γὰρ
981 2938 1116 3024 ἅπασιν,

107 3038 136 3112 τό
151 3043 272 3126 πάτερ,
290 3038 308 3108 ὁ
326 3043 511 3126 νομοθέτης
522 3038 600 3107 οῦδὲ
612 3038 738 3115 πάντας
750 3042 840 3115 νίέας
855 3036 933 3104 οὐδὲ
948 3035 1063 3115 ὁσάκις
1074 3033 1117 3103 ἀν

106 3144 273 3209 ἐθέλωσιν
294 3138 538 3224 ἀποκηρύττειν
560 3134 814 3222 συγκεχώρηκεν
835 3130 908 3200 οὐδ’
926 3136 979 3202 ἐπὶ
996 3135 1117 3213 πόσαις

106 3246 243 3323 αίτίαις,
265 3235 338 3305 ἀλλ’
359 3235 469 3319 ὥσπερ
486 3250 553 3313 τοϊς
568 3235 712 3320 πατράσι
732 3233 772 3300 τά
794 3240 973 3320 τηλικαῦτα
990 3232 1117 3319 ὀργίζε-

106 3347 191 3405 σθαι
207 3339 348 3422 ἐφῆκεν,
366 3334 471 3412 ούτως
483 3337 616 3402 καὶτῶν
631 3337 760 3400 παίδων
771 3330 1000 3421 προύνόησεν,
1018 3330 1061 3411 ὡς
1071 3332 1115 3419 μῆ
