2575 3842
376 154 821 246 Τννκααοαυοαοε.
1059 182 1100 247 83

92 344 210 424 παιδός
231 344 413 431 ἀσφαλείας
439 348 682 433 καθῃρημένης.
719 344 850 413 ἀπαντα
872 354 989 414 τοίνυν
1009 343 1099 435 αύτῷ

91 443 203 529 ἀθρόα
213 446 425 529 περιέστησα,
439 442 501 530 τήν
513 444 634 528 φύσιν,
651 441 712 528 τήν
726 444 851 529 λύπην,
868 442 929 531 τήν
943 442 1099 529 ἀπόγνω-

91 562 164 625 σιν,
179 539 239 608 τόν
252 542 378 627 φόβον,
395 541 452 619 τάς
467 543 519 608 ἐπὶ
532 550 600 607 τών
611 541 801 626 μελλόντων
813 545 945 617 ἐλπίδας
955 540 1097 625 χρόνων.

93 638 143 706 ἐπ’
168 637 274 705 αὐτόν
290 639 479 726 ἐχρησάμην
501 640 630 717 τούτοις
651 641 834 726 συμμάχοις
856 642 910 707 καὶ
932 637 1016 724 πρὸς
1037 637 1098 724 τήν

91 743 283 804 τελευταίαν
294 739 426 822 ἐκείνην
439 739 557 817 σκέψιν
568 738 810 822 κατηνάγκασα.
835 734 1006 804 ἀπέθανεν
1017 733 1098 822 ὑμῖν

91 833 238 917 ἀτεκνος,
256 837 493 919 λελυπημένος,
510 832 724 919 ὀδυρόμενος,
741 837 909 922 δακρύων,
926 845 1097 920 πεπενθη-

90 928 157 1008 κώς
168 932 295 1007 πένθος
305 929 535 1016 ὀλιγοχρόνιον
545 935 623 1017 μέν,
639 930 713 1000 ἀλλ’
730 932 849 1000 ίκανόν
863 939 978 1017 πατρί,
994 933 1048 999 καὶ
1059 929 1095 997 τό

90 1028 299 1113 δεινότατον,
317 1026 417 1106 αύτός
429 1026 491 1113 ὑφ’
504 1026 626 1114 αὑτοῦ,
643 1028 747 1116 ὅσπερ
763 1030 925 1098 θανάτων
937 1039 1097 1105 οίκτιστος

89 1127 145 1192 καὶ
160 1132 272 1214 πολλῷ
282 1127 507 1210 χαλεπώτερος
517 1124 539 1212 ή
551 1132 581 1194 εί
594 1124 654 1193 ὑπ’
667 1126 771 1195 ἀλλου
785 1135 941 1213 γίγνοιτο.
967 1134 1015 1195 19.
1029 1136 1097 1194 ποῦ

89 1247 146 1307 μοι
160 1221 199 1289 τό
215 1227 323 1307 ξίφος;
344 1225 390 1309 μή
402 1251 450 1302 τις
461 1222 560 1302 ἀλλος
573 1233 671 1292 τοῦτο
687 1232 852 1311 γνωρίζεις
873 1226 918 1312 μή
932 1251 1022 1303 τινος
1036 1223 1096 1293 ἀλ-

89 1330 153 1388 λον
169 1319 275 1389 όπλον
289 1329 387 1389 τοῦτο
402 1315 462 1407 ήν;
485 1328 533 1399 τίς
552 1320 633 1389 αὐτό
651 1326 684 1400 ές
699 1321 760 1407 τήν
778 1321 961 1408 ἀκρόπολιν
976 1319 1097 1388 ἀνεκό-

91 1438 181 1498 ιιισες
203 1417 268 1503 πρό
281 1428 341 1486 τοῦ
352 1419 523 1504 τυράννου
537 1427 585 1497 τίς
595 1422 771 1506 έχρήσατο;
793 1428 840 1498 τίς
851 1418 931 1487 αύτδ
945 1416 997 1487 ἐπ’
1011 1420 1095 1485 ἐκεῖ·
1117 1442 1166 1495 156

90 1543 153 1584 νον
175 1514 382 1599 ἀπέστειλεν;
413 1511 441 1585 ω’
463 1524 556 1603 ξίφος
577 1519 745 1587 κοινωνόν
772 1522 825 1586 καὶ
851 1518 1006 1602 διάδοχον
1028 1525 1096 1583 τών

91 1619 180 1701 ε’μών
194 1615 484 1701 κατορθωμάτων,
506 1615 586 1701 μετὰ
602 1619 783 1695 τοσούτους
799 1616 996 1699 κινδύνους,
1013 1611 1095 1699 μετά

90 1713 271 1789 τοσούτους
282 1712 409 1797 φόνους
420 1710 635 1798 ἀμελούμεθα
647 1717 700 1782 καλ
712 1712 840 1794 ἀνάξιοι
851 1718 1016 1799 δοκοῦμεν
1028 1716 1095 1778 δω-

88 1816 174 1893 ρεᾶς.
210 1813 240 1875 εί
257 1807 321 1893 γάρ
338 1805 422 1893 ὑπὲρ
438 1809 546 1895 μόνου
561 1812 683 1878 τούτου
703 1810 764 1895 τήν
779 1808 878 1897 τιμήν
891 1808 996 1897 ᾔτουν
1010 1810 1092 1890 παρ’

86 1902 199 1990 ύμών,
217 1910 247 1972 εί
255 1903 319 1990 γάρ
332 1904 623 1992 ἐλεγον,”Ανδρες,
638 1907 827 1974 ἀποθανεῖν
840 1907 1036 1991 ἐθελήσαντι
1048 1913 1094 1994 τῷ

86 2003 245 2090 τυράννῳ
256 2004 310 2069 καλ
321 2001 457 2092 ἀνόπλφ
472 2006 524 2071 έπλ
534 2010 596 2070 τοῦ
609 2010 731 2088 καιροῦ
742 2005 988 2089 κατειλημμένῳ
1001 2006 1095 2086 ξίφος

86 2107 185 2167 τοῦτο
201 2097 282 2184 ἐμόν
297 2098 482 2186 ὑπηρέτησε
496 2103 551 2168 καλ
565 2096 649 2183 πρὸς
669 2097 706 2166 τὸ
723 2101 815 2175 τέλος
831 2106 888 2183 τῆς
903 2102 1095 2178 ἐλευθερίας

86 2198 316 2284 συνήργησεν,
332 2196 394 2265 ούκ
406 2193 450 2264 ἀν
461 2205 555 2284 τιμής
566 2200 668 2265 τεκαὶ
680 2202 806 2282 δωρεᾶς
816 2195 911 2275 ἀξιον
922 2198 1094 2280 ἐνομίσατε

87 2296 255 2380 δεσπότην
266 2294 353 2363 οὕτω
365 2301 545 2382 δημοτικοῦ
557 2295 735 2382 κτήματος;
753 2290 815 2360 ούκ
830 2289 873 2360 ἀν
888 2290 1092 2378 ήμείψασθες

86 2395 149 2463 οῦκ
165 2391 210 2462 ἀν
225 2398 261 2461 ἐν
277 2410 345 2473 τοϊς
360 2392 547 2479 εύεργέταις
562 2391 786 2478 ἀνεγράψατε;
808 2389 870 2459 ούκ
885 2387 928 2458 ἀν
945 2388 981 2458 τό
999 2396 1092 2477 ξίφος

85 2497 122 2561 ἐν
133 2508 204 2571 τοῖς
214 2497 315 2578 ίεροῖς
329 2490 531 2578 ἀνεθήκατε;
553 2490 614 2558 ούκ
625 2488 668 2557 ἀν
682 2490 762 2577 μετά
774 2498 842 2558 τών
856 2498 949 2557 θεῶν
959 2488 1092 2559 κάκεῖνο

85 2591 373 2676 προσεκυνήσατε;
396 2595 445 2656 20.
461 2595 527 2655 νῦν
542 2615 599 2674 μοι
617 2590 796 2675 ἐννοήσατε
812 2584 865 2658 οἷα
876 2594 1091 2677 πεποιηκέναι

86 2686 174 2765 είκός
188 2685 249 2754 τόν
265 2688 452 2773 τύραννον,
468 2683 520 2754 οἷα
536 2689 573 2755 δὲ
589 2693 754 2773 εἰρηκέναι
769 2687 833 2773 πρὸ
852 2697 908 2775 τῆς
923 2697 1089 2774 τελευτῆς·

85 2788 156 2853 ἐπεὶ
169 2783 235 2870 γάρ
251 2782 311 2851 ὑπ’
328 2788 409 2870 ἐμοῦ
424 2787 653 2873 φονευόμενος
664 2790 719 2855 καλ
733 2788 993 2872 τιτρωσκόμενος
1008 2794 1091 2852 πολ-

84 2894 154 2962 λοῖς
169 2883 356 2968 τραύμασιν
372 2886 405 2962 ἐς
417 2881 457 2949 τά
473 2883 604 2967 φανερά
620 2893 681 2953 τοῦ
695 2886 861 2970 σώματος,
879 2882 923 2961 ὡς
937 2878 981 2949 ἀν
992 2882 1090 2968 μάλι-

84 3004 145 3047 στα
165 2981 327 3065 λυπήσειν
347 2987 486 3066 ἔμελλον
506 2980 567 3048 τόν
587 2983 826 3069 γεγεννηκότα,
854 2981 897 3060 ώς
917 2977 961 3047 ἀν
982 2985 1018 3047 ἐκ
1035 2987 1090 3066 τής

83 3078 218 3164 πρώτης
228 3080 309 3155 θέας
319 3081 567 3165 διασπαράξειν,
578 3081 596 3149 ὁ
608 3088 670 3168 μὲν
679 3080 863 3167 ἀνεβόησεν
874 3077 1006 3161 οίκτρόν
1018 3082 1089 3145 ἐπι-

82 3176 256 3263 βοώμενος
269 3176 329 3245 τόν
347 3181 587 3265 γεγεννηκότα,
611 3178 653 3247 ού
669 3176 801 3266 βοηθόν
821 3176 899 3245 οῦδὲ
916 3178 1090 3263 σύμμαχον

85 3316 123 3326 -
140 3274 211 3364 ήδει
228 3274 293 3361 γάρ
305 3279 496 3365 πρεσβύτην
510 3278 591 3346 όντα
602 3280 657 3346 καλ
672 3275 800 3361 ἀσθενῆ
815 3319 854 3329 -
865 3274 948 3344 ἀλλά
963 3274 1089 3363 θεατήν

82 3380 152 3440 τών
168 3380 301 3442 οἰκείων
312 3384 439 3442 κακῶν·
463 3375 527 3461 ε’γώ
539 3375 603 3462 γάρ
615 3375 871 3464 ἀπηλλαττόμην
883 3378 1018 3529 πριχτής
1028 3378 1090 3463 μὲν
