2575 3842
358 162 484 220 ΥΠΕΡ
505 161 606 222 ΤΩΝ
627 164 869 225 ΕΙΚΟΝΩΝ.
1053 162 1117 226 263

112 316 235 387 ὁπόταν
249 313 313 386 οὖν
327 317 366 386 τά
381 329 516 387 τοιαῦτα
532 324 628 410 λέγη,
650 319 925 406 μισελςκάκεῐνον
940 327 995 392 καὶ
1011 320 1118 410 άπορ-

111 423 232 503 ρίπτεις
252 415 289 484 τὸ
311 423 458 504 βιβλίον,
480 412 503 503 ἦ
523 422 622 494 δίδως
643 415 732 506 αὐτῷ
749 420 994 504 ἐλευθεριάζειν
1014 423 1050 487 ἐν
1070 428 1116 509 τῷ

110 519 245 601 &natvm
268 511 352 582 άλλά
373 510 437 580 κάν
459 511 502 579 σδ
524 512 567 598 μὴ
587 519 670 602 δῷς,
691 511 764 600 ὅγε
780 523 938 594 τοσοῦτος
955 515 1038 585 αἰὼν
1059 519 1114 584 δέ·
1134 527 1182 580 504

110 616 234 697 δωκεν,
250 610 321 679 οὐδ’
337 617 425 679 ἐστιν
441 612 530 688 ὅστις
546 609 648 678 αὐτόν
664 614 716 679 ἐπὶ
729 613 837 704 τοάτφ
852 611 1019 701 ᾐτιάσατο,
1037 611 1115 680 οὐδὲ

30 707 32 712 ⁴
109 706 127 774 ὁ
144 711 291 792 μαστίξαι
313 708 478 793 τολμήσας
500 704 605 774 αὐτοῦ
624 705 687 793 τὴν
704 708 816 776 εἰκόνα
832 706 907 775 οὐδ’
931 707 948 775 ὁ
970 708 1010 775 τά
1025 710 1114 777 νόθα

109 806 394 890 ἐπισημηνάμενος
404 812 471 870 τῶν
484 807 573 870 ἐπάν
583 807 620 872 ἐν
631 813 672 890 τῇ
683 813 886 892 παραγραφῇ
897 812 963 871 τάν
975 802 1111 891 ὀβελῶν·

110 901 176 970 εἶτα
188 906 303 992 ἐκείνφ
314 906 376 987 μὲν
387 902 587 987 ἐφεθήσεται
597 901 934 988 βάρβαρονγυναίκα,
946 903 1113 969 καὶταῦτα

108 1008 307 1085 κλαίουσαν,
322 1007 362 1086 τῇ
378 1007 485 1088 χρυσῇ
495 996 672 1086 Ἀφροδίτῃ
690 999 833 1084 εἰκάσαι,
850 998 914 1085 ἐγώ
930 1003 982 1081 δέ,
998 1002 1054 1066 ἵνα
1068 998 1111 1084 μη

107 1095 144 1165 τὰ
160 1097 280 1175 κάλλος
296 1107 386 1182 εἰπω,
405 1098 489 1164 διότι
501 1095 545 1183 μὴ
560 1095 659 1183 άνέχη
671 1094 853 1182 άκοάουσα,
872 1095 934 1163 οὐκ
950 1092 993 1162 άυ
1005 1120 1113 1179 παρα-

107 1195 262 1282 βάλλοιμι
285 1202 376 1262 θεῶν
399 1196 503 1262 εἰκόσι
525 1208 667 1279 γυναῖκα
690 1191 838 1278 φαιδρὰν
858 1197 913 1261 καλ
931 1196 1113 1278 μειδιῶσαν

106 1290 145 1359 τά
164 1293 288 1375 πολλά,
306 1291 388 1378 ὅπερ
403 1302 495 1371 θεοῖς
505 1291 624 1378 ὅμοιον
638 1290 816 1378 άνθρωποι
828 1297 977 1377 ἔχουσιν;
1000 1294 1050 1355 25.
1062 1291 1113 1355 ἐπὶ
1195 1333 1203 1340 „

106 1393 168 1474 μέν
180 1415 218 1475 γε
234 1395 295 1456 τοῦ
313 1386 555 1475 Ἀγαμέμνονος
572 1388 634 1472 ὅρα
652 1388 736 1475 ὅσην
751 1387 850 1467 αὐτὸς
872 1386 976 1474 φειδοδ
999 1388 1113 1472 ἐποιη-

106 1507 184 1554 σατο
208 1495 276 1554 τῶν
297 1495 389 1554 θεῶν
410 1488 464 1556 καί
486 1485 529 1564 άς
550 1488 765 1572 ἐταμιεύσατο
786 1485 844 1565 τάς
866 1488 998 1565 εἰκόνας
1022 1489 1054 1564 ἐς
1075 1482 1111 1551 τό

107 1585 310 1668 σύμμετρον·
345 1580 388 1661 ὡς
411 1582 540 1669 όμματα
565 1587 627 1669 μέν
649 1605 732 1670 φησι
752 1586 807 1651 καὶ
829 1581 979 1670 κεφαλὴν
1000 1592 1112 1652 ἰκελον

108 1675 211 1744 αὐτόν
229 1676 312 1745 εἰναι
328 1687 372 1767 τῷ
388 1685 461 1764 Διί,
487 1679 633 1769 τρί”Αρελ
646 1683 682 1747 δέ
697 1678 758 1766 την
773 1681 899 1768 ζώνην,
921 1686 1061 1765 στέρνον
1077 1685 1112 1746 δὲ

106 1783 153 1865 τῷ
166 1781 371 1861 Ποσειδῶνι,
394 1782 533 1863 διαιρεῖν
552 1777 612 1846 τὸν
630 1778 814 1864 ἄνθρωπον
830 1771 912 1846 κατά
930 1783 1012 1865 μέλη
1029 1776 1113 1862 πρός

20 1886 24 1892 ’
106 1875 277 1944 τοσούτων
287 1883 380 1942 θεαῖν
394 1876 539 1955 εἰκόνας·
562 1880 616 1945 καὶ
630 1871 675 1943 αὖ
690 1878 793 1944 πάλιν
808 1884 1012 1966 βροτολοιγῷ
1021 1876 1114 1963 ’Ἀρεί

37 2036 47 2057 ρ
107 1993 210 2059 φησιν
229 1970 347 2058 ὅμοιον
362 1971 445 2040 εἶναι
464 1976 517 2041 καὶ
532 1975 636 2041 άλλον
651 1973 756 2063 άλλφ,
771 1979 908 2057 θεοειδῆ
918 1972 977 2039 τόν
992 1975 1111 2057 Φρύγα

103 2068 164 2138 τόν
172 2071 339 2156 Πριάμου,
355 2071 410 2139 καλ
421 2077 612 2138 θεοείκελον
622 2072 783 2147 πολλάκις
794 2066 853 2134 τδν
862 2071 1005 2154 Πηλέως.
1028 2066 1111 2134 άλλά

105 2169 256 2253 ἐπάνειμι
279 2161 380 2246 αὖθις
402 2169 454 2235 ἐπὶ
475 2166 513 2235 τά
534 2181 709 2254 γυναικεία
729 2173 797 2232 τῶν
817 2165 1108 2250 παραδειγμάτων·

114 2264 235 2344 ’κοάεις
248 2263 314 2353 γάρ
329 2267 370 2351 δή
386 2291 452 2334 που
468 2263 575 2333 αὐτοῦ
588 2269 742 2351 λέγοντος

274 2360 435 2449 Ἀρτέμιδι
450 2365 539 2449 ἰκέλη
553 2361 590 2449 ἠὲ
605 2366 727 2450 χρυσέη
743 2360 925 2448 Ἀφροδίτη.
1128 2380 1179 2433 50⁵

127 2466 160 2532 αἰ

278 2561 331 2643 οίη
347 2556 377 2624 δ’
388 2556 539 2642 ’Ἄρτεμις
557 2555 618 2626 εἰσι
632 2556 704 2625 κατ’
724 2555 850 2644 οὔρεος.

105 2661 155 2723 26.
173 2653 214 2720 οὐ
229 2655 336 2738 μόνον
354 2658 389 2721 δέ
410 2653 488 2732 τούς
503 2653 709 2738 άνθρωπους
726 2652 848 2730 αὐτοὺς
862 2663 955 2730 θεοῖς
971 2650 1111 2718 άπεικά-

102 2757 166 2833 ζει,
189 2747 273 2818 άλλά
291 2749 397 2819 καλ
362 2777 424 2837 την
439 2748 624 2837 Εὐφόρβου
638 2752 748 2838 κόμην
768 2766 837 2829 ταῖς
853 2748 1035 2836 Χάρισιν’
1016 2757 1110 2816 απεί-

103 2865 201 2928 κασε,
221 2849 275 2914 καί
294 2853 397 2913 ταῦτα
415 2849 526 2930 αἵματι
541 2852 753 2932 δεδευμένην.
786 2849 841 2915 καλ
863 2846 948 2924 ὅλως
964 2846 1109 2912 τοσαῦτά

104 2940 221 3010 ἐστι
186 2969 225 3009 τα
243 2949 395 3025 τοιαῦτα,
418 2968 460 3019 ως
479 2945 581 3028 μηδὲν
598 2943 682 3010 εἰναι
697 2948 797 3030 μέρος
817 2953 873 3030 τῆς
889 2944 1108 3029 ποιησεως,ο
1090 2940 1110 3008 δ

102 3067 146 3127 μη
160 3054 229 3118 ταῖς
240 3046 349 3117 θείαις
361 3038 463 3107 εἰκόσι
477 3039 781 3127 διακεκόσμηται.
761 3040 843 3108 ω’στε
857 3068 875 3126 η
862 3037 1022 3109 ”κάκει”να
1035 3043 1108 3119 ἐξα-

103 3145 274 3224 ληλίφθω,
289 3133 311 3223 ἢ
327 3134 470 3223 καίἡμίν
483 3135 522 3204 τά
538 3137 636 3224 ὅμοια
652 3146 778 3224 τολμᾶν
793 3141 949 3223 ἐφείσθω.
972 3136 1060 3204 οὕτω
1073 3139 1107 3205 δὲ

102 3234 138 3303 τδ
155 3233 237 3302 κατά
254 3233 311 3313 τὰς
326 3235 457 3314 εἰκόνας
472 3238 525 3304 καὶ
542 3234 600 3314 τάς
612 3234 785 3322 ὁμοιώσεις
796 3233 993 3304 άυεόθυνόν
1007 3239 1106 3320 ἐστιν,

103 3332 336 3422 ὥστεὍμηρος
352 3337 406 3405 καλ
421 3334 479 3416 τάς
493 3335 575 3416 θεάς
594 3335 696 3416 αὐτάς
710 3335 772 3405 οόκ
789 3334 939 3424 άκνησεν
954 3334 1018 3405 άπδ
1039 3343 1107 3404 τῶν
