2575 3842
401 193 630 254 ΛΟΤΚΙΟΣ
647 199 676 250 H
698 195 839 254 ΟΝΟΣ.
1064 193 1125 256 331

116 382 172 436 τος
192 357 311 441 τέχνην
329 353 392 440 εἶχε
413 355 554 440 ταύτην,
578 350 618 420 τά
640 351 708 435 ὅρα
727 361 773 443 τῷ
795 355 940 444 δεσπότῃ
962 355 1126 438 ε’σκεύυζε,

116 457 170 522 καὶ
188 453 273 539 εἶχεν
292 450 441 537 ἀδελφὸν
461 451 653 520 σύνδουλον
672 449 795 535 ἄρτους
812 457 942 520 πέττειν
962 455 1016 521 καί
1033 459 1127 538 μελί-

117 577 223 638 πηκτα
234 559 356 636 κιρυάυ
369 551 596 635 ἐπιστάμενον.
619 541 713 617 οὗτοι
725 553 759 617 οἱ
766 548 905 636 ἀδελφοὶ
917 551 1082 635 σύσκηυοί
1091 574 1126 616 τε
1145 561 1197 615 614

116 651 168 722 ἀεὶ
181 645 267 738 ησαν
283 649 438 736 ἀλληλοις
452 653 505 718 καὶ
529 652 692 718 κατέλυον
711 653 749 717 ἐν
763 647 874 738 ταύτῷ
893 645 1004 717 καὶ
968 675 1007 716 τα
1023 648 1127 733 σκεύη

117 757 185 818 τῶν
203 756 329 834 τεχναλν
350 746 477 834 εἷχον’
460 751 726 834 ἀναμεμιγμένα,
753 735 809 816 καί
824 745 906 833 μετά
927 755 1030 815 ταῦτα
1045 743 1128 832 κάμὲ

116 850 257 914 ἵστασαν
271 852 357 914 ἔνθα
372 848 541 914 κατέλυον.
571 849 625 914 καὶ
648 838 742 913 οὗτοι
756 844 838 932 μετά
855 872 891 913 το
882 843 1047 914 δεῖπνον
1067 852 1129 911 τοῦ

117 943 282 1010 δεσπότου
291 940 398 1011 πολλὰ
410 950 550 1024 λείψανα
559 943 661 1029 ἀμφω
671 952 751 1012 είσω
759 941 935 1030 ἐκόμιζον
921 969 939 1010 ο
949 943 1011 1029 μὲν
1020 968 1129 1028 κρεωυ

117 1041 172 1108 καὶ
186 1039 328 1124 ίχθύωυ,
343 1037 360 1106 ὁ
374 1040 409 1108 δὲ
423 1037 534 1126 ἀρτων
546 1043 601 1108 καὶ
610 1042 839 1109 πλακούντων,
863 1046 897 1109 οί
906 1042 942 1108 δὲ
954 1043 1127 1108 κατακλεί-

117 1157 235 1216 σαντες
249 1141 348 1204 ἔνδον
365 1138 420 1223 ἐμὲ
435 1136 515 1224 μετά
531 1139 662 1206 τούτων
676 1141 730 1206 καὶ
742 1137 899 1226 φυλακὴν
914 1141 986 1224 ἐμοὶ
999 1147 1128 1224 γλυκυ-

117 1237 220 1322 τάτηυ
231 1237 486 1323 περιστήσαντες
495 1235 646 1325 ἀπῄεσαν
656 1233 739 1304 ὥστε
748 1235 1019 1305 ἀπολούσεσθαι*
1035 1232 1126 1320 κάγύ

118 1346 187 1411 τοῖς
201 1336 455 1420 παρακειμένοις
471 1339 653 1422 κριθιδίοις
668 1331 778 1420 μακρά
792 1341 921 1420 χαίρειν
935 1338 1044 1419 λέγων
1058 1346 1128 1409 ταῖς

118 1434 245 1518 τέχναις
262 1434 316 1500 καὶ
330 1447 398 1511 τοῖς
412 1435 543 1519 κέρδεσι
554 1439 623 1500 τῶν
634 1437 806 1501 δεσποτῶν
820 1435 954 1501 ἐδίδουν
970 1431 1126 1518 ἐμαυτόν,

117 1531 171 1596 καὶ
194 1526 249 1596 διά
275 1537 406 1615 μακροῦ
426 1529 518 1599 πάνν
539 1529 736 1617 ἐγεμιζόμηυ
756 1529 973 1618 ἀνθρωπείου
990 1535 1124 1615 τροφῆς.

118 1631 151 1694 οί
160 1626 196 1693 δὲ
208 1623 472 1713 ἀναστρέψαντες
484 1638 561 1698 είσω
571 1626 611 1695 τά
623 1628 685 1714 μὲν
696 1637 810 1715 πρῶτα
821 1627 923 1698 οὐδὲν
932 1627 1126 1718 ᾐσθάνοντο

117 1731 174 1810 τῆς
189 1719 376 1808 όψοφαχίας
390 1732 447 1811 τῆς
462 1727 540 1811 ἐμῆς
552 1727 588 1792 ἐκ
602 1733 664 1792 τοῦ
680 1728 833 1812 πλήθους
844 1735 911 1796 τῶν
925 1727 1127 1811 παρακειμέ-

121 1847 190 1888 νων
198 1818 339 1906 ,κάμου
325 1828 401 1889 ἔτι
418 1826 455 1888 έν
469 1823 566 1912 φόβῳ
587 1849 642 1890 και
631 1823 771 1908 φειδοῖ
788 1828 985 1904 κλέπτοντας
999 1823 1036 1892 τό
1052 1823 1126 1910 ἀρι-

120 1921 208 1986 στου
232 1921 302 1986 ἐπεὶ
312 1918 348 1986 δὲ
359 1921 414 1987 καὶ
426 1918 570 1988 τέλεου’
550 1945 640 2005 ημην
651 1918 763 1988 αὐτῶν
778 1920 964 2008 καταγνούς
974 1920 1125 2042 ἀμυοιαν,

120 2014 176 2095 τάς
190 2024 364 2096 καλλίστας
377 2044 445 2086 των
459 2023 605 2104 μερίδων
619 2044 673 2086 και
663 2017 772 2086 ἀλλα
787 2017 893 2087 πολλὰ
908 2021 1126 2104 κατέτρωγον.

117 2141 172 2183 και
161 2113 300 2201 ἐπειδὴ
316 2114 464 2204 ῄσθουτο
479 2115 592 2203 ἤδη
553 2143 611 2202 της
621 2105 750 2201 ζημίας,
768 2143 808 2183 τα
796 2114 885 2202 μὲν
901 2141 1015 2200 πρωτα
1026 2114 1127 2200 ἀμφω

119 2213 271 2284 ὕποπτον
287 2216 320 2293 ἐς
337 2212 502 2302 ἀλλήλους
517 2221 659 2302 ἔβλεπον
674 2217 730 2282 καὶ
747 2217 892 2300 κλέπτην
908 2211 926 2282 ὁ
942 2215 1053 2298 ἔτερος
1067 2209 1127 2278 τόν

118 2316 232 2402 ἕτερον
246 2312 340 2382 καὶ“
318 2339 451 2399 αρπαχα
467 2341 537 2383 των
551 2338 677 2381 κοινων
691 2316 746 2381 καὶ
760 2311 984 2399 ἀναίσχυντον
999 2319 1126 2397 ἔλεγον,
1242 2320 1246 2324 ’

119 2415 172 2481 καὶ
182 2405 269 2499 ἦσαν
280 2409 426 2501 ἀκριβεῖς
437 2409 558 2482 λοιπόν
569 2411 672 2500 ἀμφω
682 2413 737 2480 καί
747 2419 816 2481 τῶν
826 2417 971 2499 μερίδων
982 2408 1129 2497 ἀριθμὸς

118 2514 252 2596 ἐγίνετο.
281 2517 331 2580 47.
354 2510 418 2597 ἐγώ
436 2515 471 2579 δὲ
486 2511 546 2580 τόν
560 2518 636 2598 βίον
651 2508 741 2596 εἶχον
757 2513 794 2578 ἐν
814 2507 988 2599 ἡδονῇκαὶ
1005 2517 1127 2598 τρνφῇ,

117 2610 172 2676 καὶ
186 2607 222 2675 τό
239 2610 333 2695 σῶμά
349 2636 416 2695 μου
437 2613 472 2678 ἐκ
494 2617 551 2696 τῆς
568 2611 744 2698 συνήθους
758 2617 886 2696 τροφῆς
900 2611 1004 2678 πάλιν
1023 2606 1128 2677 καλὸν

118 2705 265 2789 ἐγεγόνει
287 2711 342 2775 καλ
360 2705 397 2775 τό
418 2711 521 2794 δέρμα
545 2709 744 2796 ἐπαυθούση
763 2717 804 2796 τῇ
818 2709 904 2794 τριχὶ
920 2706 1126 2795 ἀπέστιλβευ.

117 2806 152 2871 οί
167 2805 203 2872 δὲ
223 2804 452 2888 γενναιότατοι
474 2808 579 2892 μέγαν
595 2811 632 2874 τέ
650 2833 691 2893 με
711 2809 765 2875 καὶ
785 2815 886 2875 πίονα
906 2805 1050 2891 ὁρωντες
1071 2809 1126 2874 καὶ
1145 2822 1195 2875 615

117 2899 156 2970 τά
174 2906 325 2986 κριθίδια
336 2901 380 2988 μὴ
394 2905 634 2989 δαπανεόμευα,
652 2902 725 2971 ἀλλ’
740 2906 777 2971 ἐν
791 2902 900 2993 ταύτῷ
912 2906 1019 2993 μέτρω
1035 2902 1126 2988 ὅντα,

118 3007 164 3080 είς
183 2997 351 3068 ὑπόνοιαν
371 3005 522 3086 ἔρχονται
542 3008 611 3069 τῶν
627 3003 847 3088 τολμημάτων
862 3009 931 3069 των
946 3005 1051 3088 ἐμῶν,
1074 3005 1129 3070 καὶ

116 3100 342 3186 προελθόντες
363 3097 407 3180 ὡς
423 3106 468 3179 είς
487 3099 525 3168 τό
546 3107 727 3188 βαλανείου
742 3098 913 3187 ἀπιόντες,
940 3107 1050 3170 ἔπειτα
1071 3098 1129 3178 τάς

115 3200 227 3286 θύρας
240 3205 508 3284 συγκλείσαντες,
524 3200 771 3288 προσβαλόντες
785 3198 851 3288 ἀπῇ
861 3226 928 3267 τινι
942 3197 983 3267 τά
998 3198 1128 3286 ὄμματα

115 3306 173 3384 τῆς
184 3299 295 3383 θύρας
309 3301 512 3368 ἐσκοποῦντο
527 3298 662 3367 τάνδου.
684 3296 775 3386 κάχά
794 3301 869 3367 τότε
879 3299 983 3385 μηδὲν
994 3305 1054 3366 τοῦ
1069 3297 1129 3366 δό-

116 3404 178 3464 λου
194 3397 289 3476 ελδάς
303 3395 449 3486 ἠρίστων
463 3399 674 3483 προσελθων.
699 3403 734 3466 οί
746 3398 782 3466 δὲ
796 3396 836 3466 τά
852 3399 915 3484 μὲν
926 3405 1040 3484 πρωτα
1056 3398 1128 3483 ἐχέ-
