2575 3842
172 178 214 241 40
534 179 594 236 ΛΟ
604 179 828 237 ΤΚΙΑΝΟΤ

172 366 229 418 τας
244 336 279 406 τδ
297 342 500 424 διατείχισμα
514 339 569 405 καλ
582 339 697 423 μηκέτι
711 339 745 415 ἐς
758 335 821 423 τήν
829 337 987 424 Σελήνην
998 335 1185 425 ἐσβάλλειν,

172 436 360 504 ἀκοδοῦναι
377 437 413 504 δὲ
428 439 485 503 καὶ
499 434 578 514 τούς
593 434 820 521 αἰχμαλώτους
829 439 935 524 ῥητοῦ
946 437 1089 502 ἕκαστον
1102 435 1185 520 χρή-

172 560 289 622 ματος,
306 532 385 612 τούς
399 536 435 602 δὲ
452 544 634 622 Σεληνίτας
650 532 785 620 ἀφεῖναι
799 537 861 621 μὲν
877 531 1088 621 αὐτονόμους
1103 534 1186 612 τούς

171 659 210 719 γε
224 633 349 710 ἀλλους
359 631 515 717 ἀστέρας,
534 632 620 700 ὅπλα
631 632 668 699 δέ
681 630 725 718 μή
738 634 909 717 ἐπιφέρειν
920 631 1184 719 τοϊςἩλιῶταις,

172 745 357 816 συμμαχεῖν
373 731 410 797 δὲ
424 737 466 818 τῇ
478 728 651 815 ἀλλήλων,
672 727 717 816 ἥν
730 756 779 808 τις
792 732 884 818 ἐπίη·
915 729 1026 815 φόρου
1042 732 1078 797 δὲ
1097 727 1186 796 ὑπο-

171 838 279 898 τελεῖν
291 828 432 896 ἑκάστου
446 834 541 905 ἔτους
552 825 614 894 τόν
628 829 764 913 βασιλέα
780 835 848 895 τῶν
859 834 1053 912 Σεληνιτῶν
1063 835 1110 912 τῷ
1120 833 1185 913 βα-

173 937 260 997 σιλεῖ
271 935 340 994 τῶν
348 925 519 995 Ἡλιωτῶν
531 927 658 1012 δρόσου
673 925 843 1013 ἀμφορέας
854 933 1013 1013 μυρίους,
1032 931 1087 995 καλ
1098 924 1185 1012 ὁμή·

173 1053 255 1113 ρους
270 1026 306 1093 δὲ
328 1032 426 1110 σφῶν
443 1022 556 1092 αὐτῶν
579 1029 697 1092 δοῦναι
713 1033 870 1111 μυρίους,
891 1021 954 1111 τήν
968 1025 1004 1092 δὲ
1025 1023 1185 1092 ἀποικίαν

172 1122 234 1210 τήν
250 1125 282 1201 ἐς
295 1120 358 1190 τδν
374 1123 564 1209 Εωσφόρον
577 1119 698 1208 κοινὴν
708 1133 878 1191 ποιεῖσθαι
893 1125 948 1190 καλ
959 1125 1106 1208 μετέχειν
1114 1127 1184 1187 τῶν

173 1217 353 1288 άλλωντδν
363 1220 589 1307 βουλόμενον·
605 1219 770 1305 ἐγγράψαι
780 1220 817 1286 δλ
825 1216 885 1297 τάς
894 1220 1069 1304 συνθήκας
1079 1218 1183 1305 στήλη

171 1317 347 1407 ήλεκτρίνη
362 1320 418 1387 καὶ
433 1317 616 1403 ἀναστῆσαι
631 1321 669 1385 ἐν
683 1319 773 1409 με’σω
785 1325 831 1408 τῷ
842 1315 914 1402 ἀέρι
929 1320 981 1387 ἐπὶ
996 1332 1064 1395 τοῖς
1075 1326 1181 1402 μεθο-

172 1423 265 1500 ρίοις.
298 1413 434 1501 ὤμοσαν
449 1419 485 1482 δὲ
503 1412 674 1482 Ἡλιωτῶν
687 1416 749 1500 μὲν
758 1421 959 1501 Πυρωνίδης
977 1417 1032 1482 καὶ
1043 1420 1182 1499 Θερίτης

171 1516 226 1581 καὶ
240 1511 399 1598 Φλόγιος,
414 1520 608 1599 Σεληνιτῶν
622 1515 659 1581 δὲ
669 1513 816 1600 Νύκτωρ
830 1516 884 1581 καὶ
896 1512 1030 1599 Μήνιος
1045 1514 1100 1580 καὶ
1110 1519 1181 1578 Πο·

171 1611 378 1696 λνλαμπής.“
399 1618 449 1680 21.
467 1612 602 1698 τοιαύτη
618 1609 714 1698 μὲνὴ
731 1613 846 1699 είρήνη
862 1615 1006 1698 ἐγένετο·
1026 1608 1133 1689 εὐθύς
1145 1611 1182 1679 δλ

171 1706 208 1776 τό
223 1722 328 1793 τεῖχος
347 1720 525 1798 καθῃρεῖτο
542 1715 596 1778 καλ
611 1709 698 1797 ἡμᾶς
717 1709 797 1790 τούς
812 1712 1039 1798 αίχμαλῶτους
1058 1709 1183 1778 ἀπόδο-

124 1826 158 1881 87
175 1826 246 1873 σαν.
281 1807 349 1874 ἐπεὶ
371 1811 407 1874 δὲ
429 1805 623 1895 ἀφικόμεθα
645 1827 677 1886 ες
697 1807 761 1894 τήν
780 1810 954 1895 Σελήνην,
979 1805 1183 1894 ὑπηντίαζον

172 1903 333 1990 ἡμᾶςκαὶ
353 1904 537 1991 ἠσπάζοντο
561 1905 641 1994 μετά
664 1907 822 1992 δακρύων
844 1910 928 1974 οἵτε
949 1907 1072 1990 ἑταῖροι
1093 1903 1182 1973 καὶὸ

167 2000 352 2088 Ἐνδυμίων
366 2003 475 2083 αύτός.
504 2008 559 2072 καλ
580 2003 598 2072 ὁ
619 2007 681 2090 μὲν
701 2001 797 2090 ήξίου
812 2012 925 2091 μεῖναί
941 2031 976 2072 τε
995 2001 1075 2088 παρ’
1091 2001 1182 2092 αύτῷ

170 2104 224 2168 καί
239 2112 488 2188 κοινωνεῖντῆς
502 2101 655 2180 ἀκοικίας
671 2099 939 2188 ὑπισχνούμενος
955 2102 1078 2170 δῶσειν
1097 2099 1184 2186 πρὸς

169 2201 279 2286 γάμον
293 2200 353 2267 τόν
364 2204 486 2268 ἑαυτοῦ
497 2207 613 2268 παῖδα·
633 2216 792 2287 γυναῖκες
804 2200 868 2288 γάρ
880 2200 942 2269 οόκ
954 2204 1016 2270 είσλ
1025 2199 1106 2286 παρ’
1118 2197 1183 2266 αύ-

170 2313 246 2376 τοῖς.
274 2297 337 2384 ἐγῶ
356 2303 391 2366 δὲ
407 2297 562 2382 ούδαμῶς
576 2300 763 2386 ἐπειθόμην
769 2351 779 2385 ,
802 2299 876 2368 ἀλλ’
892 2298 1008 2386 ήξίουν
1030 2297 1182 2385 ἀποπεμ-

171 2403 303 2482 φθῆναι
319 2397 408 2464 κάτω
424 2399 457 2475 ἐς
470 2394 532 2482 τήν
543 2397 724 2465 θάλατταν.
749 2395 794 2477 ῶς
810 2401 846 2466 δὲ
861 2404 947 2485 ἔγνω
959 2397 1127 2466 ἀδύνατον
1139 2394 1182 2465 όν

170 2501 318 2578 πείθειν,
341 2493 528 2581 ἀποπέμπει
547 2493 634 2582 ἡμᾶς
655 2497 807 2576 ἑστιάσας
825 2496 904 2566 ἑκτά
919 2495 1052 2585 ἡμέρας.
1082 2502 1133 2564 22.
1158 2493 1183 2563 ἀ

171 2595 207 2658 δὲ
218 2595 254 2658 ἐν
264 2599 310 2682 τῶ
320 2592 442 2678 μεταξύ
454 2598 633 2681 διατρίβων
645 2597 683 2662 ἐν
691 2604 732 2685 τῇ
739 2595 872 2684 Σελήνη
883 2598 1070 2682 κατενόησα
1079 2592 1181 2662 καινά

170 2693 225 2758 καλ
240 2691 428 2784 παράδοξα,
445 2701 547 2760 ταῦτα
561 2695 727 2782 βούλομαι
743 2699 856 2762 εἰπεῖν.
880 2703 996 2778 πρῶτα
1011 2695 1073 2781 μὲν
1083 2691 1120 2761 τό
1134 2688 1180 2777 μή

171 2791 207 2856 ἐκ
219 2795 391 2874 γυναικῶν
404 2797 590 2876 γεννᾶσθαι
603 2791 743 2878 αὐτούς,
760 2790 833 2860 ἀλλ’
850 2789 915 2859 ἀπό
926 2799 995 2860 τῶν
1009 2789 1179 2877 ἀρρένων·

169 2887 287 2972 γάμοις
301 2885 366 2972 γάρ
377 2903 446 2966 τοῖς
456 2886 574 2972 ἀρρεσι
584 2897 728 2976 χρῶνται
739 2892 795 2956 καλ
806 2886 886 2956 οὐδὲ
898 2888 1005 2975 ὄνομα
1018 2883 1181 2974 γυναικδς

169 2983 254 3063 ὅλως
269 2995 367 3053 ἴσασι.
391 2989 485 3071 μέχρι
500 2988 562 3072 μὲν
573 2981 637 3054 οὖν
647 2990 745 3055 πέντε
760 2989 815 3054 καὶ
828 2997 955 3054 είκοσιν
967 2991 1050 3055 ἐτῶν
1063 2998 1180 3071 γαμεῖ-

168 3109 221 3152 ται
240 3085 391 3168 ἕκαστος,
408 3082 473 3150 ἀιτό
490 3085 525 3153 δὲ
538 3085 668 3153 τούτων
678 3100 778 3171 γαμεῖ
790 3084 906 3164 αύτός·
929 3086 1051 3153 κύουσι
1068 3084 1104 3152 δὲ
1115 3079 1180 3149 ούκ

169 3185 205 3249 ἐν
221 3188 260 3269 τή
275 3182 393 3267 νηδύϊ,
410 3181 484 3251 ἀλλ’
503 3187 539 3251 ἐν
556 3199 626 3263 ταῖς
639 3192 934 3270 γαστροκνημίαις·
963 3182 1099 3252 ἐπειδάν
1112 3178 1181 3267 γάρ
1284 3248 1285 3285 ÷

167 3279 318 3367 συλλάβῃ
340 3278 376 3347 τό
400 3287 565 3369 ἔμβρυον,
592 3284 774 3368 παχύνεται
794 3279 815 3368 ή
837 3282 964 3368 κνήμη,
990 3284 1045 3348 καὶ
1067 3279 1179 3367 χρόνω
1284 3330 1285 3353 2

167 3372 309 3459 ὕστερον
324 3375 544 3465 ἀνατεμόντες
560 3382 715 3466 ἐξάγουσι
729 3379 849 3465 νεκρά,
872 3381 1026 3456 ἐκθέντες
1041 3381 1077 3444 δὲ
1092 3373 1177 3443 αύτά
