2575 3842
358 229 718 290 ΔΗΜΩΝΑΚΤΟΣ
737 233 860 290 ΒΙΟΣ.
1050 228 1109 290 195

100 385 174 456 ἀλλ’
192 391 228 455 ἐν
242 389 359 475 μελέτη
376 391 429 456 καὶ
450 395 632 478 προσδοκίῃ
648 393 757 478 ῥηίδια
780 392 834 456 καὶ
851 390 957 474 πρηέα
969 387 1106 474 ἡγίεται.
1188 405 1191 411 “

101 488 180 553 τάδε
198 483 413 571 ἀστρολογίης
428 489 502 570 πέρι
518 485 604 572 ἐγών
620 485 856 573 ὑπολαμβάνω.

244 811 737 906 'mmmmm
768 840 922 907 3102.
1125 848 1178 904 ιιι

187 1002 214 1062 1.
228 995 386 1084 ’Ἐμελλεν
398 996 462 1080 ἀρα
477 994 588 1084 μηδὲὸ
603 995 685 1064 καθ’
699 995 785 1084 ἡμᾶς
799 1005 870 1085 βιός
884 999 920 1064 τό
932 997 1106 1064 παντάπα-

99 1113 155 1160 σιν
171 1092 310 1179 ἀμοιρος
331 1101 467 1163 ἔσεσθαι
488 1093 622 1178 ἀνδροῖν
642 1095 747 1179 λόγου
769 1097 823 1161 καλ
843 1094 973 1181 μνήμης
994 1092 1105 1175 ἀξίων,

101 1188 185 1257 ἀλλά
202 1194 256 1258 καὶ
278 1193 427 1277 σώματος
450 1190 572 1278 ἀρετὴν
592 1189 750 1277 ὑπερφυᾶ
766 1195 820 1258 καλ
839 1194 978 1278 γνώμην
997 1189 1107 1272 ἀκρως

100 1287 288 1372 φιλόσοφον
305 1292 491 1374 ἐκφαίνειν·
515 1291 600 1374 λέγω
616 1290 652 1356 δὲ
669 1299 715 1366 είς
729 1315 764 1356 τε
778 1287 838 1356 τόν
854 1290 1017 1357 Βοιώτιον
1028 1287 1106 1354 Σώ-

102 1405 241 1466 στρατον
253 1384 448 1473 ἀναφέρων,
464 1384 505 1454 δν
513 1384 677 1468 Ἡρακλέα
688 1391 722 1454 οί
726 1385 881 1473 Ἕλληνες
894 1387 1037 1454 ἐκάλονν
1052 1384 1107 1451 καὶ

101 1481 205 1574 ᾤοντο
219 1483 302 1551 εἶναι
310 1502 323 1570 ,’
337 1488 391 1553 κοιλ
402 1487 543 1573 μάλιστα
555 1491 600 1562 είς
611 1486 824 1571 Δημώνακτα
835 1484 894 1552 τόν
906 1484 1105 1570 φιλόσοφον,

100 1579 160 1658 ούς
180 1585 232 1647 καὶ
255 1579 344 1648 εἶδον
358 1581 457 1661 αύτδς
474 1586 528 1651 καὶ
545 1581 626 1650 ίδών
643 1585 837 1670 ἐθαύμασα,
860 1588 992 1671 θατέρῳ
1008 1581 1043 1648 δὲ
1060 1588 1105 1667 τώ

52 1709 56 1725 *
100 1680 301 1764 Δημώνακτι
316 1684 369 1747 καὶ
383 1684 435 1749 ἐπὶ
448 1681 608 1766 μήκιστον
620 1682 859 1767 συνεγενόμην.
883 1684 958 1765 περὶ
969 1681 1031 1766 μὲν
1044 1670 1106 1744 οὖν

99 1776 304 1858 Σωστράτου
322 1780 357 1844 ἐν
380 1776 468 1868 ἀλλην
485 1785 602 1866 βιβλίῳ
616 1779 801 1863 γέγραπταί
816 1804 872 1862 μοι
888 1780 943 1845 καὶ
959 1776 1106 1862 δεδήλω-

101 1898 152 1941 ται
171 1873 315 1960 μέγεθός
331 1900 365 1941 τε
386 1873 490 1942 αύτού
510 1878 564 1941 καὶ
585 1876 697 1959 ἰσχύος
712 1872 878 1960 ὑπερβολὴ
895 1877 947 1941 καί
965 1871 985 1959 ἡ
1003 1873 1106 1940 ὕπαι-

97 1983 183 2057 θρος
200 1973 235 2038 ἐν
250 1978 294 2059 τῷ
306 1979 474 2063 Παρνασῷ
486 1977 592 2039 δίαιτα
604 1974 658 2038 καὶ
672 1970 692 2057 ἡ
705 1974 756 2039 ἐπὶ
771 1970 855 2048 πόας
870 1968 949 2054 εύνὴ
961 1973 1015 2037 καὶ
1026 1996 1104 2054 τρο-
1122 1982 1173 2036 375

99 2073 160 2154 φαὶ
177 2067 279 2150 όρειοι
295 2071 350 2136 καὶ
365 2075 443 2153 ἔργα
464 2067 525 2136 ούκ
547 2067 664 2159 ἀπφδά
679 2076 739 2136 τού
755 2066 918 2153 ὀνόματος
938 2068 992 2133 καὶ
1006 2065 1068 2132 ὅσα
1083 2062 1105 2151 ἢ

98 2164 220 2254 ληστάς
236 2175 340 2250 αίρων
360 2171 499 2251 ἔπραξεν
512 2162 533 2252 η’
548 2165 715 2234 ὁδοποιών
729 2163 768 2233 τά
791 2165 896 2251 ἀβατα
911 2160 932 2250 ἢ
946 2171 1105 2250 γεφυρῶν

97 2260 138 2328 τά
155 2263 317 2346 δύσπορα.

183 2364 213 2424 2.
237 2361 320 2444 Περὶ
335 2358 370 2426 δὲ
386 2360 612 2446 Δημώνακτος
625 2359 688 2447 ἤδη
707 2366 836 2428 δίκαιον
854 2363 964 2444 λέγειν
979 2355 1104 2442 ἀμφοῖν

97 2457 213 2540 ἕνεκα,
235 2453 279 2533 ὡς
292 2457 417 2534 ἐκεῖνός
431 2483 465 2524 τε
482 2456 536 2525 διοὶ
553 2460 684 2544 μνήμης
700 2468 750 2544 είη
766 2472 833 2535 τοῖς
854 2455 1000 2542 ἀρίστοις
1014 2455 1052 2521 τό
1066 2479 1103 2539 γε

97 2551 172 2620 κατ’
191 2555 246 2638 ἐμὲ
268 2556 322 2620 καὶ
340 2557 374 2620 οί
391 2555 619 2639 γενναιότατοι
640 2562 707 2622 τών
728 2557 815 2623 νέων
832 2557 887 2622 καὶ
907 2551 991 2638 πρός
1007 2561 1102 2637 φιλο-

97 2655 223 2736 σοφίαν
240 2645 382 2735 ὁρώντες
394 2657 498 2736 ἔχοιεν
513 2650 558 2738 μὴ
573 2651 658 2737 πρδς
673 2649 713 2718 τά
729 2649 847 2737 ἀρχαία
862 2651 949 2737 μόνα
961 2657 1028 2716 τών
1039 2673 1103 2714 πα-

97 2744 327 2831 ραδειγμάτων
339 2755 426 2831 σφοῖς
437 2746 559 2826 αύτούς
574 2753 765 2835 ῥυθμίζειν,
781 2745 865 2815 ἀλλά
877 2745 941 2814 κάκ
951 2753 1012 2812 τοῦ
1022 2742 1103 2830 ἡμε-

96 2844 196 2929 τέρου
214 2850 290 2928 βίου
305 2845 433 2911 κανόνα
449 2855 672 2931 προτίθεσθαι
686 2848 740 2912 καὶ
757 2852 877 2930 ζηλοῦν
888 2847 1016 2911 ἐκεῖνον
1028 2840 1103 2925 ἀρι-

97 2960 178 3007 στου
194 2933 243 3007 ών
253 2939 327 3008 οἶδα
342 2941 405 3028 ἐγώ
418 2945 615 3029 φιλοσόφων
624 2942 818 3029 γενόμενον.
841 2948 870 3009 3.
890 2934 934 3026 ἦν
949 2940 985 3007 δδ
995 2937 1030 3006 τό
1042 2941 1103 3023 μὲν

96 3042 193 3122 γένος
207 3042 375 3125 Κύπριος,
394 3040 435 3109 ού
449 3050 517 3109 τών
534 3041 676 3129 ἀφανών
693 3039 755 3108 ὅσα
772 3047 817 3119 είς
834 3038 960 3126 ἀξίωμα
977 3046 1104 3105 πολιτι-

94 3137 157 3204 κόν
167 3141 355 3224 καὶκτησιν.
372 3137 414 3207 οὐ
425 3138 491 3225 μὴν
501 3137 648 3208 ἀλλὰκαὶ
659 3139 795 3206 πάντων
806 3133 1101 3219 τούτωνύπεράνω
1120 3147 1172 3202 376

94 3237 277 3322 γενόμενος
287 3239 341 3304 καὶ
352 3234 493 3317 ἀξιώσας
504 3233 624 3303 ἑαυτόν
638 3243 706 3302 τών
714 3243 899 3329 καλλίστοιν
910 3232 993 3317 πρός
1005 3240 1103 3319 φιλο-

96 3339 221 3417 σοφίαν
240 3329 394 3418 όίρμησεν
410 3331 471 3400 ούκ
487 3332 740 3418 Ἀγαθοβούλου
756 3331 801 3419 μά
816 3330 871 3400 Δί’
890 3329 968 3398 οὐδὲ
983 3341 1103 3416 Δημη-

94 3436 191 3510 τρίου
207 3427 271 3514 πρδ
297 3429 401 3499 αὐτοῦ
424 3428 502 3498 οὐδὲ
518 3427 711 3516 ’Ἐπικτήτου
732 3430 990 3582 ἐπεγειράνιτὲαν,
1018 3426 1101 3496 ἀλλά

953 3523 966 3559 δ
