2575 3842
184 167 247 230 234
531 170 849 247 [Λονπιπαου]

559 332 642 418 τῷδε
656 327 718 412 μὲν
737 333 854 397 δέλτον
868 333 979 398 δίδου·

312 430 430 511 πέμψω
444 423 653 511 γάρ’Ἀργος,
671 424 755 493 ὥστε
771 449 824 494 σοι
839 435 949 507 καλῶς
964 434 1066 514 ἔχειν·

312 519 398 609 ἡμᾶς
413 521 445 590 δ’
464 520 480 590 ὁ
497 522 627 610 χρῄζων
640 528 804 591 κτεινέτω.

186 627 237 692 48.
254 623 308 690 καὶ
328 618 393 707 γάρ
412 619 518 699 οὕτως
535 626 599 706 ἔχει
617 619 655 687 τό
672 627 756 687 πᾶν·
786 619 949 707 ὅτανγὰρ
971 624 1008 689 έκ
1028 626 1162 689 παίδων
1179 614 1196 687 ὁ

188 723 369 797 σπουδαῖος
383 724 464 802 έρως
479 721 653 805 ἐντραφεὶς
667 721 719 786 ἐπὶ
732 717 794 804 τὴν
807 717 870 806 ἤδη
885 725 1075 805 λοηιῖεοθαι
1090 722 1198 786 δυνα-

187 820 293 904 μένην
308 813 441 903 ἡλικίαν
462 813 638 904 άνδρωθῇ,
663 813 700 883 τό
717 818 819 885 πάλαι
838 818 982 903 φιληθὲν
1000 816 1199 903 άμοιβαίους

188 921 311 1000 ἔρωτας
324 911 586 1000 ἀνταποδίδωσι,
606 915 661 981 καὶ
678 915 834 999 δυσχερές
855 918 1035 983 αἰσθέσθαι
1050 917 1197 999 ποτέρου

187 1011 327 1094 πότερος
343 1010 479 1098 ἐραστής
494 1014 598 1096 ἐστιν,
617 1009 727 1096 ὥσπερ
742 1008 800 1077 ἀπ’
814 1011 980 1097 ἐσόπτρου
994 1018 1052 1097 τῆς
1065 1017 1128 1078 τοῦ
1138 1037 1198 1096 φι-

188 1109 350 1195 λήσαντος
365 1107 498 1189 εὐνοίας
514 1112 566 1178 ἐπὶ
582 1106 642 1177 τόν
657 1109 827 1194 ἐρόμενον
841 1107 960 1195 ὁμοίου
971 1109 1132 1188 πεσόντος
1150 1115 1197 1176 εί-

189 1207 308 1275 δοίλου.
331 1213 365 1275 τί
378 1206 418 1294 δὴ
432 1201 565 1276 οὖντοῦ
580 1203 660 1275 καθ’
674 1203 758 1291 ἡμᾶς
772 1212 849 1294 βίον
861 1211 959 1294 ξένην
971 1203 1051 1275 αὐτὸ
1063 1206 1197 1292 τρυφὴν

189 1302 356 1385 ὀνειδίζεις
374 1311 482 1384 θείοις
502 1305 618 1390 νόμοις
639 1302 779 1391 ὁρισθὲν
802 1308 838 1372 ἐκ
857 1309 1013 1392 διαδοχῆς
1034 1303 1089 1390 ἐφ’
1112 1301 1197 1390 ἡμᾶς

189 1403 431 1489 καταβεβηκόςς
454 1401 603 1488 άσμένως
626 1403 662 1469 δὲ
687 1399 768 1469 αὐτό
793 1403 967 1488 δεξάμενοι
989 1398 1070 1487 μεθ’
1092 1399 1197 1487 ἁγνῆς

190 1504 338 1576 διανοίας
353 1505 602 1584 νεωκοροῦμεν·
626 1498 739 1586 ὄλβιος
748 1495 817 1584 ’γάρ
831 1495 874 1577 ὥς
888 1495 1025 1583 άληθῶς
1040 1495 1124 1566 κατὰ
1136 1495 1198 1583 τὴν

190 1604 257 1661 τοῖν
273 1602 389 1680 σοφῶν
405 1593 588 1682 άπόφασιν,

356 1686 383 1783 ᾧ
398 1697 511 1772 παῖδές
525 1720 561 1762 τε
575 1695 645 1761 νέοι
659 1696 714 1761 καλ
728 1692 877 1779 μώνυχες
889 1697 995 1779 ἵπποι,

317 1794 477 1878 γηράσκει
492 1792 524 1862 δ’
540 1791 557 1862 ὁ
573 1796 683 1881 γέρων
699 1807 807 1872 κεῖνος
824 1795 1042 1880 ἐλαφρότατα,

276 1898 393 1977 κοῦροι
407 1890 468 1959 τόν
485 1894 669 1979 φιλέουσιν.

191 1991 228 2055 αἵ
238 2015 277 2074 με
291 1986 358 2076 μὴν
368 1993 580 2074 Σωκρατικαλ
593 1994 800 2057 διδασκαλίαι
811 1992 867 2057 καλ
877 1986 914 2056 τό
927 1986 1081 2075 λαμπρόν
1090 1989 1200 2056 έκεῖνο

122 2105 173 2160 452
192 2095 249 2173 τῆς
257 2087 373 2176 ἀρετῆς
382 2089 596 2177 δικαστήριον
607 2103 676 2166 τοῖς
683 2096 866 2174 Δελφικοίς
874 2093 1028 2173 τρίποσιν
1038 2087 1198 2174 ἐτιμήθη·

191 2185 341 2272 χρησμὸν
354 2187 419 2273 γάρ
435 2187 593 2275 ἀληθείας
609 2184 627 2254 ὁ
640 2185 773 2264 Πύθιος
787 2189 974 2272 ἐθέσπισεν,

318 2281 452 2369 ἀνδρῶν
467 2283 625 2353 ἁπάντων
640 2286 823 2370 Σωκράτης
834 2285 1036 2371 σοφώτατος,

192 2378 228 2456 ὃς
244 2379 311 2465 ἅμα
332 2395 400 2459 τοϊς
422 2381 534 2461 ἄλλοις
549 2383 762 2469 μαθήμασιν,
787 2385 820 2462 έξ
841 2375 889 2451 ὦν
906 2380 966 2452 τόν
985 2391 1061 2470 βίον
1077 2382 1199 2470 όνησε,

192 2479 247 2544 καὶ
270 2475 307 2544 τό
332 2483 563 2563 παιδεραστεῖν
585 2479 628 2558 ὡς
650 2481 792 2566 μάλιστα
818 2479 973 2568 ὠφελοῦν
996 2482 1198 2569 προσήκατο.

192 2581 242 2643 49.
259 2579 361 2643 δεῖδὲ
375 2583 442 2643 τῶν
456 2581 544 2644 νέων
558 2580 639 2664 ἐρᾶν
655 2576 699 2658 ὡς
717 2577 929 2667 Ἀλκιβιάδου
944 2581 1140 2668 Σωκράτης,
1162 2577 1201 2657 ὃς

193 2671 258 2741 ὑπό
282 2680 342 2763 μιᾷ
358 2675 500 2761 χλαμύδι
521 2675 646 2762 πατρὸς
668 2676 800 2758 ὕπνους
815 2681 987 2768 ἐκοιμήθη.
1019 2683 1075 2749 καὶ
1096 2685 1200 2766 ἔγωγε

192 2771 230 2842 τό
248 2774 491 2860 Καλλιμάχειον
507 2777 559 2844 ἐπὶ
574 2780 660 2845 τέλει
673 2784 741 2845 τῶν
756 2778 867 2863 λόγων
880 2777 998 2866 ἥδιστα
1012 2787 1201 2865 προσθείην

193 2868 236 2940 ἂν
252 2871 354 2940 ἅπασι
371 2873 525 2960 κη’ρυγμα

235 2980 324 3039 Αίθε
336 2969 420 3057 γάρ,
437 2964 464 3039 ὦ
479 2973 653 3056 κούροισιν
668 2973 716 3041 ἐπ’
733 2975 863 3060 ὄμματα
877 2982 973 3062 λίχυα
989 2979 1157 3063 φέροντες,

274 3068 395 3155 Έρχίος
413 3067 457 3148 ὡς
472 3068 553 3156 ὑμῖν
570 3070 670 3157 όέρισε
686 3077 908 3160 παιδοφιλείν,

236 3160 301 3234 ὦδε
317 3169 404 3236 νέων
419 3169 563 3255 έράοιτε,
578 3169 679 3239 πόλιν
693 3168 726 3239 κ’
747 3170 913 3257 εὔανδρον
927 3179 1039 3258 ἔχοιτε.

192 3259 286 3330 ταῦτ’
310 3264 446 3348 εἰδότες,
479 3259 506 3332 οἶ
528 3275 673 3354 νεανίαι,
706 3271 893 3355 σωφρόνως
920 3273 1035 3339 παισὶν
1058 3269 1202 3358 άμαθοῖς

192 3361 328 3447 πρόσιτε
340 3363 421 3450 μηδὲ
433 3361 546 3450 όλίχης
555 3369 700 3452 τέρψεως
711 3370 839 3437 εἵνεκεν
850 3367 912 3456 τὴν
922 3368 1055 3457 μακράν
1066 3373 1201 3457 ἐκχέον-
