2575 3842
219 182 554 250 ΑΛΕΞΑΝΔΡΟΣ
572 194 599 243 Η
624 190 1002 253 ΨΕΤΔΟΜΑΝΤΙΣ.
1048 192 1107 255 131

106 365 175 423 φον
192 338 270 409 οὐδὲ
286 351 348 408 τοῦ
360 344 603 429 προστυχόντος
614 354 737 433 λῃστοῦ
752 346 861 427 ἀξιον·
883 351 974 417 λύων
988 350 1052 437 γὰρ
1069 350 1108 419 τά

105 442 299 522 πεπεμμένα
308 444 451 526 βιβλίδια
460 444 514 509 καί
522 442 771 528 ἀναγινώσκων,
783 454 816 511 εί
822 471 853 512 τι
864 444 957 525 εύροι
967 450 1109 533 ἐπισφα-

106 534 160 611 λές
176 536 230 602 καλ
243 542 636 624 παρακεκινδυνευμένον
650 544 687 607 έν
701 555 771 618 ταῖς
786 541 978 629 ἐρωτήσεσι,
1001 560 1110 613 κατεί-

105 659 167 718 χευ
181 629 280 709 αὐτὸς
296 632 405 700 ταδ’
366 661 428 700 ουκ
442 634 651 723 ἀντ’,πεμπευ
668 635 711 714 ἀς
721 634 930 725 ὑποχειρίους
944 644 998 708 καὶ
1007 668 1111 727 μονο-

107 731 202 814 νουχλ
214 728 356 807 δούλους
367 730 421 797 διά
433 758 470 797 το
460 729 556 810 δέος
568 740 635 818 έχοι
649 732 727 811 τούς
741 737 966 822 πεπομφότας,
983 763 1109 823 μεμνη-

106 827 229 910 μένους
244 819 329 891 οἷα
307 853 351 911 ην
366 825 387 893 ἀ
397 826 527 912 ήροντο.
550 836 664 916 συνίης
680 830 760 897 δὲ”
726 856 797 909 οιας
811 831 898 911 είκδς
913 832 991 912 τούς
1004 843 1109 902 πλον-

107 929 199 999 σίους
217 925 271 989 και
292 925 376 1007 μέγα
396 926 658 1010 δυναμένους
622 953 681 1005 τας
704 928 838 1005 πύστεις
862 931 1107 999 πυνθάνεσθαι.

107 1019 293 1105 έλάμβανευ
314 1012 378 1085 οὖν
400 1018 506 1088 πολλά
528 1022 607 1108 παρ’
626 1026 761 1091 ἐκείνων
779 1025 971 1110 είδότων,”
952 1053 1002 1094 οτι
1017 1026 1109 1106 ἐντός

107 1113 231 1193 αύτούς
245 1120 311 1203 ἔχοι
325 1124 393 1183 τῶν
409 1116 556 1202 ἀρκύων.

191 1246 242 1308 33.
258 1243 427 1327 Βούλομαι
439 1247 478 1311 δέ
488 1257 542 1312 σοιΙ
556 1249 611 1314 καί
621 1273 689 1315 των
698 1245 928 1340 Ῥουτιλλιανῷ
939 1255 1109 1319 δοθέντων
1140 1305 1144 1311 -

5 1323 6 1380 Ῐ
106 1346 264 1425 χρησμῶν
284 1342 393 1417 ένίους
410 1347 529 1410 εἰπεῖν·
559 1350 806 1437 πυνθανομένω
828 1346 891 1434 γάρ
912 1347 1001 1439 αύτῷ
1023 1349 1107 1433 ὑπὲρ

106 1463 169 1504 του
155 1435 299 1515 παιδός
314 1442 349 1504 ἐκ
365 1441 525 1526 προτέρας
545 1445 718 1529 γυναικός,
738 1442 930 1523 παιδείας”
903 1471 995 1530 ωραν
1014 1452 1108 1531 ἔχον-

5 1563 6 1620 3
106 1561 178 1619 τος,
199 1532 316 1601 ὅντινα
336 1536 553 1620 προστήσεται
574 1534 633 1604 τόν
651 1538 852 1607 διδάσκαλον
868 1566 936 1607 των
949 1543 1108 1627 μαθημα-

5 1679 6 1698 ,
106 1657 175 1698 των
189 1627 311 1716 αὐτοῦ,
330 1637 411 1717 ἔφη·

148 1742 358 1829 Πυθαγόρην
371 1746 523 1829 πολέμων
537 1769 573 1810 τε
587 1745 764 1829 διάκτορον
778 1746 901 1814 έσθλδν
918 1744 1044 1815 ἀοιδόν.
1124 1767 1173 1821 24!

108 1852 176 1921 εἶτα
190 1851 260 1938 μετ’
282 1851 393 1938 ὀλίγας
411 1852 534 1940 ἡμέρας
553 1862 614 1921 τοῦ
631 1853 749 1935 παιδός
765 1854 996 1936 ἀποθανόντος
1016 1856 1109 1943 ὁμὲν

106 1951 225 2037 ἠπόρει
235 1952 290 2018 καὶ
300 1948 399 2019 οὐδὲν
412 1951 474 2037 εἶχε
484 1956 591 2036 λέγειν
602 1950 684 2037 πρὸς
695 1952 774 2031 τούς
784 1957 1007 2038 αἰτιωμένους,
1018 1952 1107 2039 παρὰ

107 2050 213 2125 πόδας
230 2047 334 2125 οὕτως
349 2051 566 2134 ἐληλεγμένου
579 2057 641 2115 τοῦ
653 2058 817 2137 χρησμοῦ,
833 2046 851 2116 ὁ
865 2050 900 2115 δὲ
912 2047 1107 2116 Ῥουτιλλια-

106 2142 166 2221 νδς
183 2141 282 2222 αὐτὸς
297 2142 458 2228 φθάσαςὸ
472 2149 636 2231 βέλτιστος
648 2145 837 2231 ἀπελογεῖτο
853 2142 937 2230 ὑπὲρ
951 2153 1011 2211 τοῦ
1022 2171 1107 2230 μαν-

106 2248 197 2309 τείου
211 2243 334 2327 λέγων,
357 2251 454 2309 τοῦτο
474 2239 555 2309 αύτδ
573 2247 859 2330 προδεδηλωκέναι
875 2241 934 2311 τόν
949 2239 1033 2311 θεδυ
1053 2246 1107 2309 καί

107 2339 153 2407 δι’
171 2338 250 2405 αύτδ
267 2346 371 2419 ζῶντα
385 2340 446 2425 μέν
460 2348 612 2408 κελεῦσαι
624 2344 749 2425 μηδένα
764 2339 963 2407 διδάσκαλον
974 2339 1107 2406 ἑλέσθαι

108 2437 216 2527 αὐτῷ,
232 2436 442 2523 Πυθαγόραν
456 2437 492 2504 δὲ
503 2436 712 2522 καίὍμηρον
724 2438 824 2506 πάλαι
840 2444 1039 2524 τεθνεῶτας,
1058 2432 1106 2515 οἷς

108 2533 197 2613 είκδς
207 2534 244 2601 τό
256 2535 427 2621 μειράκιον
439 2533 598 2601 ένἍιδου
608 2542 674 2601 νῦν
684 2550 842 2603 συνεῖναι.
857 2542 891 2603 τί
898 2545 1014 2604 τοίνυν
1023 2537 1106 2620 μέμ·

108 2643 235 2719 φεσθαι
257 2632 350 2711 ἀξιον
373 2630 590 2721 Ἀλεξάνδρῳ,
623 2640 653 2701 ί
623 2658 834 2713 τοιουτοις
859 2630 1107 2719 ἀνθρωπίσκοις

108 2726 392 2815 ἐνδιατρίβεινήξί
389 2756 447 2808 ους
468 2734 520 2795 34.
532 2722 935 2833 αύθιςδὲπυνθανομέυω
947 2728 1107 2820 αύτωτήυ

106 2835 198 2905 τίνος
213 2824 324 2911 ψυχήν
338 2823 437 2903 αὐτὸς
452 2828 631 2911 διεδεῖατο,
650 2833 729 2912 ἔφη·

151 2947 293 3022 Πρωτον
308 2942 470 3022 Πηλείδης
482 2938 612 3022 ἐγένου,
630 2938 711 3021 μετὰ
725 2945 827 3005 ταῦτα
842 2940 1050 3021 Μένανδρος,

151 3036 218 3104 τόθ’
232 3034 348 3115 ὅςνῦν
364 3041 482 3122 φαίνη,
500 3032 580 3119 μετὰ
595 3032 625 3100 δ’
641 3040 750 3101 έσσεαι
762 3032 857 3120 ήλιάς
871 3033 970 3118 ἀκτίς,
1125 3056 1177 3108 242

152 3135 255 3221 ζήσεις
270 3131 307 3201 δ’.
320 3130 500 3218 ὀγδώκοντ’
519 3134 571 3199 ἐπὶ
584 3145 652 3208 τοῖς
666 3128 783 3198 ἕκατδυ
797 3130 1014 3217 λυκάβαντας.

108 3242 179 3313 οδ
200 3245 504 3331 ἑβδομηκοντούτης
524 3242 672 3311 ἀπέθανε
692 3240 935 3327 μελαγχολήσας
955 3241 996 3309 οὐ
1013 3266 1108 3327 περι-

107 3350 222 3429 μείνας
236 3340 297 3431 τήυ
309 3367 370 3409 του
354 3349 469 3409 ’θεοῦ
481 3338 669 3425 ὑπόσχεσιν.
693 3346 743 3407 35.
759 3332 869 3407 καὶ
828 3365 925 3418 ουτος
925 3337 1107 3489 ςμβχρησμος
