2575 3842
192 204 254 268 406
553 211 852 269 AOYKIANOY

192 369 247 435 καλ
266 367 485 452 παμπόλλους
500 367 586 446 τινὲς
609 366 693 435 εἶναι
708 367 788 447 τούς
804 369 952 456 κόσμους
976 370 1227 458 ἀπεφαίνοντο

192 467 322 533 καλτοῑν
332 461 375 543 ὡς
384 467 459 552 περὶ
467 462 663 543 ἑνόςαύτῶν
672 470 918 552 διαλεγομένων
927 477 1225 556 κατεγίγνωσκον.

192 565 304 648 ἕτερος
318 565 358 630 δέ
368 589 417 640 τις
432 561 494 630 οὐκ
511 561 677 649 εἰρηνικός
692 561 778 649 ἀνὴρ
789 565 939 652 πόλεμον
952 573 1020 633 τάν
1035 565 1138 635 ὅλων
1153 595 1225 636 πα-

190 666 269 744 τέρα
283 661 369 730 εἷναι
382 664 520 743 ἐδόξαζε.
545 669 574 730 9.
591 666 669 748 περὶ
682 662 744 749 μὲν
757 661 823 748 γάρ
837 671 905 730 τάν
919 662 1012 731 θεάν
1025 674 1059 733 τί
1071 666 1146 754 χρὴ
1164 672 1223 735 καὶ

191 763 317 845 λέγειν;
339 758 426 828 ὅπου
437 775 505 840 τοῖς
520 761 581 846 μὲν
591 759 737 846 ἀριθμός
751 787 801 840 τις
816 760 834 829 ὁ
849 759 931 840 θεὸς
942 755 1002 848 ἦν,
1021 767 1056 830 ολ
1067 765 1112 830 δὲ
1127 765 1223 832 κατά

122 873 173 928 760
191 865 306 924 κυνῶν
321 859 376 924 καὶ
398 865 512 943 χηνοῐν
528 857 583 924 καὶ
599 858 779 924 πλατάνων
793 857 999 943 ἐπώμνυντο.
1022 860 1079 926 καὶ
1099 865 1139 927 οί
1151 863 1221 946 μὲν

190 954 269 1033 τούς
286 955 409 1034 ἀλλους
426 954 574 1033 ἅπαντας
594 952 699 1033 θεούς
713 955 938 1034 ἀπελάσαντες
956 957 1003 1022 ἑνὶ
1024 957 1128 1048 μόνῳ
1148 957 1219 1044 τήν

190 1059 258 1119 τῶν
274 1051 363 1120 ὅλων
379 1051 485 1139 ἀρχὴν
496 1051 679 1138 ἀπένεμον,
698 1051 782 1120 ὥστε
797 1052 902 1141 ἠρέμα
912 1057 967 1122 καὶ
980 1053 1166 1140 ἄχθεσθαί
1173 1085 1217 1143 με

189 1153 357 1239 τοσαύτην
376 1150 520 1238 ἀπορίαν
541 1161 634 1220 θεῶν
651 1151 835 1221 ἀκούοντα·
864 1159 897 1221 οί
912 1155 949 1221 δὲ
965 1159 1113 1239 ἔμπαλιν
1135 1158 1215 1222 ἐπι-
1265 1213 1267 1234 ,

190 1253 448 1338 δαψιλευόμενοι
468 1251 613 1329 πολλούς
627 1277 664 1319 τε
678 1249 801 1330 αύτούς
817 1250 1005 1337 ἀπέφαινον
1018 1253 1075 1319 καλ
1091 1254 1214 1321 διελό-

189 1375 283 1435 μενοι
300 1348 361 1418 τόν
376 1353 438 1436 μέν
458 1377 532 1417 τινα
547 1357 682 1437 πρῶτον
696 1348 782 1417 θεὸν
801 1351 1004 1437 ἐπεκάλουν,
1024 1365 1095 1429 τοῖς
1111 1355 1153 1419 δὲ
1168 1350 1212 1418 τά
1265 1434 1266 1451 ¹

188 1449 329 1534 δεύτερα
348 1451 403 1516 καὶ
424 1456 517 1533 τρίτα
537 1455 658 1534 ἔνεμον
673 1455 731 1534 τῆς
751 1448 929 1534 θεότητος·
958 1454 1004 1516 ἔτι
1024 1449 1061 1515 δὲ
1083 1454 1122 1516 οἱ
1142 1452 1210 1534 μὲν
1265 1488 1266 1517 ι

189 1544 367 1632 ἀσώματόν
380 1573 411 1613 τι
428 1550 482 1613 καὶ
497 1545 653 1632 ἀμορφον
664 1545 809 1632 ἡγοῦντο
828 1544 913 1613 εἶναι
927 1543 965 1614 τό
981 1556 1096 1630 θετον,
1118 1553 1157 1615 οί
1168 1549 1209 1616 δὲ
1265 1534 1266 1573 ³

190 1641 233 1719 ὡς
252 1645 328 1728 περὶ
345 1643 495 1728 σιόματος
513 1641 619 1710 αὐτοῦ
635 1649 839 1712 διενοοῦντο.
874 1643 943 1714 εἶτα
961 1647 1016 1712 καὶ
1037 1661 1206 1731 προνοεῖν

187 1747 256 1806 τάν
276 1738 356 1807 καθ’
381 1737 467 1826 ἡμεῖς
488 1743 694 1828 πραγμάτων
714 1741 757 1809 ού
772 1750 876 1810 κάσιν
896 1744 1037 1810 ἐδόκουν
1057 1748 1091 1809 οἱ
1110 1752 1203 1828 θεοί,

187 1833 261 1904 ἀλλ’
272 1828 360 1922 ἦσάν
368 1863 457 1917 τινες
466 1845 500 1907 οί
507 1847 564 1926 τῆς
574 1839 749 1926 συμπάσης
758 1842 942 1926 ἐπιμελείας
951 1837 1074 1918 αὐτούς
1082 1837 1199 1925 ἀφιέν-

186 1961 255 2020 τες,
279 1935 390 2021 όσπερ
409 1936 503 2024 ἡμεῖς
523 1937 692 2023 εἰώθαμεν
710 1935 875 2006 ἀπολύειν
895 1945 963 2004 τῶν
977 1941 1193 2023 λειτουργιάί,

186 2030 266 2110 τούς
280 2035 530 2121 παρηβηκότας·
553 2033 654 2102 οὐδὲν
669 2031 734 2120 γάρ
750 2033 803 2102 ὅτι
819 2034 865 2122 μὴ
882 2049 951 2113 τοῖς
964 2045 1123 2121 κωμικοῖς
1136 2041 1196 2102 δο-

186 2133 424 2219 ρυφορήμασιν
435 2135 584 2213 ἐοικότας
595 2131 718 2211 αὐτούς
729 2133 931 2219 εἰσάγουσιν.
948 2139 1031 2200 ἔνιοι
1044 2135 1196 2199 δὲταῦτα

185 2231 294 2297 πάντα
309 2227 515 2319 ὑπερβάντες
528 2230 608 2300 οὐδὲ
619 2230 681 2318 την
691 2229 796 2317 ἀρχὴν
808 2230 893 2300 εἶναι
902 2230 1006 2310 θεούς
1015 2257 1107 2309 τινας
1120 2233 1191 2297 ἐπί-

116 2345 323 2417 761στευον,
357 2329 431 2399 ἀλλ’
455 2328 640 2400 ἀδέσποτον
661 2331 716 2398 καλ
737 2328 1009 2416 ἀνηγεμόνευτον
1029 2334 1190 2418 φέρεσθαι
1265 2354 1266 2409 ;

184 2425 244 2494 τόν
265 2428 393 2515 κόσμον
408 2427 648 2516 ἀπελίμπανον.
679 2435 727 2497 10.
743 2428 913 2516 τοιγάρτοι
933 2439 1036 2498 ταῦτα
1055 2429 1190 2498 ἀκούων

185 2524 335 2594 ἀπιστεῖν
346 2527 407 2612 μὲν
418 2525 481 2594 ούκ
493 2527 641 2613 ἐτόλμων
652 2526 886 2615 ὑψιβρεμέταις
895 2554 931 2596 τε
942 2533 997 2598 καὶ
1007 2528 1191 2617 ἠϋγενείοις

184 2622 364 2710 ἀνδράσιν·
393 2622 435 2691 ού
449 2623 517 2710 μὴν
535 2623 623 2716 εἶχόν
637 2652 676 2712 γε
692 2626 757 2713 ὅτιη
772 2635 840 2694 τῶν
853 2629 965 2712 λόγων
983 2630 1189 2715 τραπόμενος

184 2721 411 2809 ἀνεπίληπτόν
423 2749 454 2792 τι
471 2721 583 2791 αὐτῶν
598 2724 731 2812 εὕροιμι
743 2729 799 2793 καλ
814 2723 881 2794 ὑπὸ
895 2731 1044 2814 θατέρου
1057 2733 1189 2816 μηδαμῆ
1265 2772 1266 2775 =

183 2824 476 2910 περιτρεπόμενον.
509 2823 592 2892 ὥστε
610 2821 650 2910 δὴ
668 2825 704 2892 τό
722 2822 904 2910 Ὁμηρικόν
918 2829 1027 2894 ἐκελνο
1048 2823 1188 2912 ἀτεχνῶς

183 2927 342 3007 ἔπασχον·
371 2924 530 3001 πολλάκις
551 2925 614 3008 μὲν
633 2920 699 3008 γάρ
717 2917 762 2988 ἀν
779 2919 917 3008 ι’όρμησα
937 2925 1106 2991 πιστεύειν
1124 2929 1187 2994 τινλ

183 3021 305 3106 αὐτῶν,

431 3123 541 3206 ἕτερος
558 3123 598 3188 δέ
606 3146 649 3206 με
664 3118 777 3205 θυμός
790 3125 919 3206 ἔρυκεν.

183 3217 237 3304 ἐφ’
255 3214 303 3296 οἷς
313 3217 439 3286 ἅπασιν
453 3216 632 3305 ἀμηχανεῖν
642 3223 696 3287 ἐπὶ
708 3225 770 3305 γῆς
780 3219 842 3305 μεν
855 3216 1065 3287 ἀκούσεσθαί
1073 3245 1103 3286 τι
1113 3223 1184 3307 περὶ

181 3317 311 3383 τούτων
333 3316 456 3403 ἀληθὲς
477 3315 748 3403 ἀπεγίγνωσκον,
778 3324 858 3404 μίαν
880 3317 916 3384 δὲ
937 3325 994 3403 τῆς
1015 3319 1183 3406 συμπάσης

180 3409 322 3496 ἀπορίας
338 3412 535 3500 ἀπαλλαγὴν
555 3415 651 3504 η’όμην
665 3421 818 3501 ἔσεσθαι,
840 3423 872 3483 εί
888 3413 989 3492 αάτός
1006 3423 1182 3501 πτερωθείς
1252 3412 1267 3477 f
