<?xml version="1.0" encoding="UTF-8"?>
<!DOCTYPE html PUBLIC "-//W3C//DTD XHTML 1.0 Transitional//EN"
    "http://www.w3.org/TR/xhtml1/DTD/xhtml1-transitional.dtd">
<html xmlns="http://www.w3.org/1999/xhtml" xml:lang="en" lang="en">
 <head>
  <title>
</title>
<meta http-equiv="Content-Type" content="text/html;charset=utf-8" />
  <meta name='ocr-system' content='tesseract 3.04.00' />
  <meta name='ocr-capabilities' content='ocr_page ocr_carea ocr_par ocr_line ocrx_word'/>
</head>
<body>
  <div class='ocr_page' id='page_1' title='image "./operaadoptimoru00jacogoog/operaadoptimoru00jacogoog_0288.png"; bbox 0 0 2575 3842; ppageno 0'>
   <div class='ocr_carea' id='block_1_1' title="bbox 209 190 862 254">
    <p class='ocr_par' dir='ltr' id='par_1_1' title="bbox 209 190 862 254">
     <span class='ocr_line' id='line_1_1' title="bbox 209 190 862 254; baseline 0 0"><span class='ocrx_word' id='word_1_1' title='bbox 209 190 271 254; x_wconf 74' lang='lat'><strong><em>240</em></strong></span> <span class='ocrx_word' id='word_1_2' title='bbox 558 195 862 254; x_wconf 76' lang='grc' dir='ltr'><strong><em>ΛΟΤΚΙΛΝΟῚΙ</em></strong></span> 
     </span>
    </p>
   </div>
   <div class='ocr_carea' id='block_1_2' title="bbox 207 348 1214 635">
    <p class='ocr_par' dir='ltr' id='par_1_2' title="bbox 207 348 1214 635">
     <span class='ocr_line' id='line_1_2' title="bbox 207 348 1214 446; baseline 0.006 -29"><span class='ocrx_word' id='word_1_3' title='bbox 207 348 271 438; x_wconf 81' lang='grc' dir='ltr'><strong><em>γάρ</em></strong></span> <span class='ocrx_word' id='word_1_4' title='bbox 288 353 464 438; x_wconf 76' lang='grc' dir='ltr'><strong><em>ἐπισφαλὲς</em></strong></span> <span class='ocrx_word' id='word_1_5' title='bbox 473 349 512 446; x_wconf 81' lang='grc' dir='ltr'><strong><em>τὸ</em></strong></span> <span class='ocrx_word' id='word_1_6' title='bbox 527 352 692 439; x_wconf 88' lang='grc' dir='ltr'><strong><em>τόλμημα,</em></strong></span> <span class='ocrx_word' id='word_1_7' title='bbox 709 359 739 420; x_wconf 84' lang='grc' dir='ltr'><strong><em>εἰ</em></strong></span> <span class='ocrx_word' id='word_1_8' title='bbox 752 361 836 445; x_wconf 78' lang='grc' dir='ltr'><strong><em>φίλῳ</em></strong></span> <span class='ocrx_word' id='word_1_9' title='bbox 851 351 949 438; x_wconf 80' lang='grc' dir='ltr'><strong><em>άνδρλ</em></strong></span> <span class='ocrx_word' id='word_1_10' title='bbox 961 357 1136 434; x_wconf 65' lang='grc' dir='ltr'><strong><em>ἐπιδειξαις</em></strong></span> <span class='ocrx_word' id='word_1_11' title='bbox 1150 351 1214 442; x_wconf 78' lang='grc' dir='ltr'><strong><em>τὴν</em></strong></span> 
     </span>
     <span class='ocr_line' id='line_1_3' title="bbox 208 444 797 538; baseline 0.007 -24"><span class='ocrx_word' id='word_1_12' title='bbox 208 448 320 516; x_wconf 88' lang='grc' dir='ltr'><strong><em>είκόνα</em></strong></span> <span class='ocrx_word' id='word_1_13' title='bbox 335 446 424 527; x_wconf 81' lang='grc' dir='ltr'><strong><em>ὅπως</em></strong></span> <span class='ocrx_word' id='word_1_14' title='bbox 438 444 482 516; x_wconf 82' lang='grc' dir='ltr'><strong><em>άν</em></strong></span> <span class='ocrx_word' id='word_1_15' title='bbox 495 455 552 534; x_wconf 80' lang='grc' dir='ltr'><strong><em>τῆς</em></strong></span> <span class='ocrx_word' id='word_1_16' title='bbox 565 457 718 535; x_wconf 77' lang='grc' dir='ltr'><strong><em>γραμμῆς</em></strong></span> <span class='ocrx_word' id='word_1_17' title='bbox 733 456 797 538; x_wconf 83' lang='grc' dir='ltr'><strong><em>ἔχη.</em></strong></span> 
     </span>
     <span class='ocr_line' id='line_1_4' title="bbox 292 542 1211 635; baseline 0 -21"><span class='ocrx_word' id='word_1_18' title='bbox 292 552 391 614; x_wconf 73' lang='grc' dir='ltr'><em>ΛΥΚ.</em></span> <span class='ocrx_word' id='word_1_19' title='bbox 422 547 488 613; x_wconf 81' lang='grc' dir='ltr'><strong><em>Καὶ</em></strong></span> <span class='ocrx_word' id='word_1_20' title='bbox 515 542 581 632; x_wconf 84' lang='grc' dir='ltr'><strong><em>μὴν</em></strong></span> <span class='ocrx_word' id='word_1_21' title='bbox 598 543 847 632; x_wconf 80' lang='grc' dir='ltr'><strong><em>ἀσφαλέστερον</em></strong></span> <span class='ocrx_word' id='word_1_22' title='bbox 872 545 954 617; x_wconf 79' lang='grc' dir='ltr'><strong><em>αὐτὸ</em></strong></span> <span class='ocrx_word' id='word_1_23' title='bbox 978 549 1132 635; x_wconf 79' lang='grc' dir='ltr'><strong><em>ποιήσειν</em></strong></span> <span class='ocrx_word' id='word_1_24' title='bbox 1155 574 1211 633; x_wconf 91' lang='grc' dir='ltr'><strong><em>μοι</em></strong></span> 
     </span>
    </p>
   </div>
   <div class='ocr_carea' id='block_1_3' title="bbox 206 646 1283 1030">
    <p class='ocr_par' dir='ltr' id='par_1_3' title="bbox 208 646 1211 732">
     <span class='ocr_line' id='line_1_5' title="bbox 208 646 1211 732; baseline 0.002 -22"><span class='ocrx_word' id='word_1_25' title='bbox 208 648 296 710; x_wconf 82' lang='grc' dir='ltr'><strong><em>δοκῶ</em></strong></span> <span class='ocrx_word' id='word_1_26' title='bbox 307 651 375 710; x_wconf 75' lang='grc' dir='ltr'><strong><em>τολν</em></strong></span> <span class='ocrx_word' id='word_1_27' title='bbox 388 649 538 711; x_wconf 80' lang='grc' dir='ltr'><strong><em>παλαιῶν</em></strong></span> <span class='ocrx_word' id='word_1_28' title='bbox 553 669 645 721; x_wconf 87' lang='grc' dir='ltr'><strong><em>τινας</em></strong></span> <span class='ocrx_word' id='word_1_29' title='bbox 660 646 798 712; x_wconf 83' lang='grc' dir='ltr'><strong><em>ἐκείνων</em></strong></span> <span class='ocrx_word' id='word_1_30' title='bbox 811 655 968 732; x_wconf 78' lang='grc' dir='ltr'><strong><em>τεχνιτῶν</em></strong></span> <span class='ocrx_word' id='word_1_31' title='bbox 983 648 1211 729; x_wconf 79' lang='grc' dir='ltr'><strong><em>παρακαλέσας</em></strong></span> 
     </span>
    </p>

    <p class='ocr_par' dir='ltr' id='par_1_4' title="bbox 207 737 1283 923">
     <span class='ocr_line' id='line_1_6' title="bbox 207 737 1283 828; baseline -0.001 -20"><span class='ocrx_word' id='word_1_32' title='bbox 207 743 259 808; x_wconf 79' lang='grc' dir='ltr'><strong><em>ἐπὶ</em></strong></span> <span class='ocrx_word' id='word_1_33' title='bbox 274 737 311 806; x_wconf 87' lang='grc' dir='ltr'><strong><em>τδ</em></strong></span> <span class='ocrx_word' id='word_1_34' title='bbox 327 745 442 826; x_wconf 80' lang='grc' dir='ltr'><strong><em>ἔργον,</em></strong></span> <span class='ocrx_word' id='word_1_35' title='bbox 458 737 502 819; x_wconf 82' lang='grc' dir='ltr'><strong><em>ὡς</em></strong></span> <span class='ocrx_word' id='word_1_36' title='bbox 515 737 744 808; x_wconf 74' lang='grc' dir='ltr'><strong><em>ἀναπλάσειάν</em></strong></span> <span class='ocrx_word' id='word_1_37' title='bbox 759 767 815 827; x_wconf 93' lang='grc' dir='ltr'><strong><em>μοι</em></strong></span> <span class='ocrx_word' id='word_1_38' title='bbox 829 740 891 827; x_wconf 81' lang='grc' dir='ltr'><strong><em>τὴν</em></strong></span> <span class='ocrx_word' id='word_1_39' title='bbox 905 757 1056 828; x_wconf 80' lang='grc' dir='ltr'><strong><em>γυναῖκα.</em></strong></span> <span class='ocrx_word' id='word_1_40' title='bbox 1282 752 1283 807; x_wconf 73' lang='grc' dir='ltr'><strong><em>λ</em></strong></span> 
     </span>
     <span class='ocr_line' id='line_1_7' title="bbox 290 832 1209 923; baseline 0.002 -19"><span class='ocrx_word' id='word_1_41' title='bbox 290 844 393 904; x_wconf 88' lang='grc' dir='ltr'><strong><em>ΠΟΛ.</em></strong></span> <span class='ocrx_word' id='word_1_42' title='bbox 416 843 493 912; x_wconf 80' lang='grc' dir='ltr'><strong><em>Πῶς</em></strong></span> <span class='ocrx_word' id='word_1_43' title='bbox 508 842 605 903; x_wconf 84' lang='grc' dir='ltr'><strong><em>τοῦτο</em></strong></span> <span class='ocrx_word' id='word_1_44' title='bbox 619 835 701 921; x_wconf 81' lang='grc' dir='ltr'><strong><em>φής;</em></strong></span> <span class='ocrx_word' id='word_1_45' title='bbox 722 832 744 922; x_wconf 79' lang='grc' dir='ltr'><strong><em>ἢ</em></strong></span> <span class='ocrx_word' id='word_1_46' title='bbox 758 844 828 914; x_wconf 78' lang='grc' dir='ltr'><strong><em>πῶς</em></strong></span> <span class='ocrx_word' id='word_1_47' title='bbox 841 833 885 904; x_wconf 78' lang='grc' dir='ltr'><strong><em>δν</em></strong></span> <span class='ocrx_word' id='word_1_48' title='bbox 896 836 1069 923; x_wconf 78' lang='grc' dir='ltr'><strong><em>ἀφίκοιντό</em></strong></span> <span class='ocrx_word' id='word_1_49' title='bbox 1081 858 1134 905; x_wconf 91' lang='grc' dir='ltr'><strong><em>σοι</em></strong></span> <span class='ocrx_word' id='word_1_50' title='bbox 1145 837 1209 922; x_wconf 80' lang='grc' dir='ltr'><strong><em>πρὸ</em></strong></span> 
     </span>
    </p>

    <p class='ocr_par' dir='ltr' id='par_1_5' title="bbox 206 931 737 1030">
     <span class='ocr_line' id='line_1_8' title="bbox 206 931 737 1030; baseline -0.004 -28"><span class='ocrx_word' id='word_1_51' title='bbox 206 934 376 1010; x_wconf 82' lang='grc' dir='ltr'><strong><em>τοσούτων</em></strong></span> <span class='ocrx_word' id='word_1_52' title='bbox 392 936 475 1000; x_wconf 78' lang='grc' dir='ltr'><strong><em>ἐτῶν</em></strong></span> <span class='ocrx_word' id='word_1_53' title='bbox 489 931 737 1030; x_wconf 73' lang='grc' dir='ltr'><strong><em>ᾇποθανόντεςς</em></strong></span> 
     </span>
    </p>
   </div>
   <div class='ocr_carea' id='block_1_4' title="bbox 139 1041 1286 3477">
    <p class='ocr_par' dir='ltr' id='par_1_6' title="bbox 207 1041 1285 1235">
     <span class='ocr_line' id='line_1_9' title="bbox 290 1041 1214 1134; baseline 0.001 -20"><span class='ocrx_word' id='word_1_54' title='bbox 290 1053 389 1114; x_wconf 75' lang='lat' dir='ltr'><em>AYK.</em></span> <span class='ocrx_word' id='word_1_55' title='bbox 405 1042 555 1134; x_wconf 80' lang='grc' dir='ltr'><strong><em>Ῥαδίως,</em></strong></span> <span class='ocrx_word' id='word_1_56' title='bbox 570 1042 677 1130; x_wconf 78' lang='grc' dir='ltr'><strong><em>ἥνπερ</em></strong></span> <span class='ocrx_word' id='word_1_57' title='bbox 692 1041 736 1111; x_wconf 79' lang='grc' dir='ltr'>σύ</span> <span class='ocrx_word' id='word_1_58' title='bbox 746 1042 790 1131; x_wconf 79' lang='grc' dir='ltr'><strong><em>μὴ</em></strong></span> <span class='ocrx_word' id='word_1_59' title='bbox 805 1042 949 1134; x_wconf 79' lang='grc' dir='ltr'><strong><em>ὀκνήσῃς</em></strong></span> <span class='ocrx_word' id='word_1_60' title='bbox 964 1043 1214 1133; x_wconf 78' lang='grc' dir='ltr'><strong><em>ἀποκρίνασθαί</em></strong></span> 
     </span>
     <span class='ocr_line' id='line_1_10' title="bbox 207 1150 317 1230; baseline -0.002 -18"><span class='ocrx_word' id='word_1_61' title='bbox 207 1150 240 1212; x_wconf 88' lang='grc' dir='ltr'><strong><em>τί</em></strong></span> <span class='ocrx_word' id='word_1_62' title='bbox 252 1171 317 1230; x_wconf 91' lang='grc' dir='ltr'><strong><em>μοι.</em></strong></span> 
     </span>
    </p>

    <p class='ocr_par' dir='ltr' id='par_1_7' title="bbox 291 1251 1286 1355">
     <span class='ocr_line' id='line_1_11' title="bbox 291 1251 1286 1355; baseline -0.007 -32"><span class='ocrx_word' id='word_1_63' title='bbox 291 1262 393 1323; x_wconf 90' lang='grc' dir='ltr'><strong><em>ΠΟΛ.</em></strong></span> <span class='ocrx_word' id='word_1_64' title='bbox 412 1252 534 1342; x_wconf 75' lang='grc' dir='ltr'><strong><em>Ἐρώτα</em></strong></span> <span class='ocrx_word' id='word_1_65' title='bbox 549 1251 665 1338; x_wconf 86' lang='grc' dir='ltr'><strong><em>μόνον.</em></strong></span> <span class='ocrx_word' id='word_1_66' title='bbox 1285 1332 1286 1355; x_wconf 22' lang='lat'>¹</span> 
     </span>
    </p>

    <p class='ocr_par' dir='ltr' id='par_1_8' title="bbox 139 1357 1210 1545">
     <span class='ocr_line' id='line_1_12' title="bbox 139 1357 1210 1452; baseline -0.007 -15"><span class='ocrx_word' id='word_1_67' title='bbox 139 1383 188 1437; x_wconf 70' lang='lat'><strong><em>462</em></strong></span> <span class='ocrx_word' id='word_1_68' title='bbox 292 1373 320 1435; x_wconf 80' lang='lat'><strong><em>4.</em></strong></span> <span class='ocrx_word' id='word_1_69' title='bbox 343 1373 441 1434; x_wconf 79' lang='lat' dir='ltr'><em>AYK.</em></span> <span class='ocrx_word' id='word_1_70' title='bbox 460 1361 783 1450; x_wconf 81' lang='grc' dir='ltr'><strong><em>Ἐπεδήμησάςποτε,</em></strong></span> <span class='ocrx_word' id='word_1_71' title='bbox 799 1357 826 1430; x_wconf 74' lang='grc' dir='ltr'><strong><em>ω’</em></strong></span> <span class='ocrx_word' id='word_1_72' title='bbox 836 1362 1059 1448; x_wconf 80' lang='grc' dir='ltr'><strong><em>Πολύστρατε,</em></strong></span> <span class='ocrx_word' id='word_1_73' title='bbox 1076 1370 1116 1452; x_wconf 78' lang='grc' dir='ltr'><strong><em>τῇ</em></strong></span> <span class='ocrx_word' id='word_1_74' title='bbox 1127 1372 1210 1432; x_wconf 86' lang='grc' dir='ltr'><strong><em>Κνι-</em></strong></span> 
     </span>
     <span class='ocr_line' id='line_1_13' title="bbox 207 1468 307 1545; baseline 0.02 -14"><span class='ocrx_word' id='word_1_75' title='bbox 207 1468 307 1545; x_wconf 81' lang='grc' dir='ltr'><strong><em>δίων;</em></strong></span> 
     </span>
    </p>

    <p class='ocr_par' dir='ltr' id='par_1_9' title="bbox 292 1571 599 1657">
     <span class='ocr_line' id='line_1_14' title="bbox 292 1571 599 1657; baseline -0.013 -16"><span class='ocrx_word' id='word_1_76' title='bbox 292 1581 394 1641; x_wconf 78' lang='grc' dir='ltr'><strong><em>αοκ.</em></strong></span> <span class='ocrx_word' id='word_1_77' title='bbox 418 1574 484 1640; x_wconf 77' lang='grc' dir='ltr'><strong><em>καὶ</em></strong></span> <span class='ocrx_word' id='word_1_78' title='bbox 501 1571 599 1657; x_wconf 74' lang='grc' dir='ltr'><strong><em>μάλα.</em></strong></span> 
     </span>
    </p>

    <p class='ocr_par' dir='ltr' id='par_1_10' title="bbox 207 1669 1211 1854">
     <span class='ocr_line' id='line_1_15' title="bbox 291 1669 1211 1759; baseline -0.004 -16"><span class='ocrx_word' id='word_1_79' title='bbox 291 1681 390 1744; x_wconf 74' lang='grc' dir='ltr'><em>ΛΥΚ.</em></span> <span class='ocrx_word' id='word_1_80' title='bbox 425 1669 562 1741; x_wconf 79' lang='grc' dir='ltr'><strong><em>Οὐκοῦν</em></strong></span> <span class='ocrx_word' id='word_1_81' title='bbox 584 1674 639 1740; x_wconf 78' lang='grc' dir='ltr'><strong><em>καὶ</em></strong></span> <span class='ocrx_word' id='word_1_82' title='bbox 665 1670 726 1758; x_wconf 77' lang='grc' dir='ltr'><strong><em>τὴν</em></strong></span> <span class='ocrx_word' id='word_1_83' title='bbox 749 1670 947 1759; x_wconf 77' lang='grc' dir='ltr'><strong><em>Ἀφροδίτην</em></strong></span> <span class='ocrx_word' id='word_1_84' title='bbox 972 1670 1055 1750; x_wconf 76' lang='grc' dir='ltr'><strong><em>εἶδες</em></strong></span> <span class='ocrx_word' id='word_1_85' title='bbox 1079 1671 1211 1751; x_wconf 83' lang='grc' dir='ltr'><strong><em>πάντας</em></strong></span> 
     </span>
     <span class='ocr_line' id='line_1_16' title="bbox 207 1799 334 1854; baseline -0.024 -13"><span class='ocrx_word' id='word_1_86' title='bbox 207 1799 334 1854; x_wconf 81' lang='grc' dir='ltr'><strong><em>αντων;</em></strong></span> 
     </span>
    </p>

    <p class='ocr_par' dir='ltr' id='par_1_11' title="bbox 207 1864 1211 2039">
     <span class='ocr_line' id='line_1_17' title="bbox 292 1864 1211 1955; baseline -0.007 -16"><span class='ocrx_word' id='word_1_87' title='bbox 292 1875 394 1939; x_wconf 90' lang='grc' dir='ltr'><strong><em>ΠΟΛ.</em></strong></span> <span class='ocrx_word' id='word_1_88' title='bbox 413 1867 466 1954; x_wconf 80' lang='grc' dir='ltr'><strong><em>Νὴ</em></strong></span> <span class='ocrx_word' id='word_1_89' title='bbox 477 1873 554 1950; x_wconf 83' lang='grc' dir='ltr'><strong><em>Δία,</em></strong></span> <span class='ocrx_word' id='word_1_90' title='bbox 566 1876 634 1935; x_wconf 81' lang='grc' dir='ltr'><strong><em>των</em></strong></span> <span class='ocrx_word' id='word_1_91' title='bbox 644 1871 866 1952; x_wconf 82' lang='grc' dir='ltr'><strong><em>Πραξιτέλους</em></strong></span> <span class='ocrx_word' id='word_1_92' title='bbox 876 1869 1069 1955; x_wconf 81' lang='grc' dir='ltr'><strong><em>ποιημάτων</em></strong></span> <span class='ocrx_word' id='word_1_93' title='bbox 1080 1864 1116 1934; x_wconf 86' lang='grc' dir='ltr'><strong><em>τδ</em></strong></span> <span class='ocrx_word' id='word_1_94' title='bbox 1129 1864 1211 1934; x_wconf 88' lang='grc' dir='ltr'><strong><em>κάλ-</em></strong></span> 
     </span>
     <span class='ocr_line' id='line_1_18' title="bbox 207 1979 331 2039; baseline -0.016 0"><span class='ocrx_word' id='word_1_95' title='bbox 207 1979 331 2039; x_wconf 90' lang='grc' dir='ltr'><strong><em>λιστον.</em></strong></span> 
     </span>
    </p>

    <p class='ocr_par' dir='ltr' id='par_1_12' title="bbox 193 2067 1213 2463">
     <span class='ocr_line' id='line_1_19' title="bbox 290 2067 1212 2167; baseline -0.008 -16"><span class='ocrx_word' id='word_1_96' title='bbox 290 2089 390 2151; x_wconf 78' lang='lat' dir='ltr'><em>AYK.</em></span> <span class='ocrx_word' id='word_1_97' title='bbox 411 2077 507 2150; x_wconf 80' lang='grc' dir='ltr'><strong><em>Ἀλλά</em></strong></span> <span class='ocrx_word' id='word_1_98' title='bbox 529 2082 583 2148; x_wconf 87' lang='grc' dir='ltr'><strong><em>καὶ</em></strong></span> <span class='ocrx_word' id='word_1_99' title='bbox 603 2067 670 2148; x_wconf 82' lang='grc' dir='ltr'><strong><em>τὸν</em></strong></span> <span class='ocrx_word' id='word_1_100' title='bbox 684 2088 798 2167; x_wconf 83' lang='grc' dir='ltr'><strong><em>μῦθον</em></strong></span> <span class='ocrx_word' id='word_1_101' title='bbox 816 2078 979 2166; x_wconf 82' lang='grc' dir='ltr'><strong><em>ἤκουσας,</em></strong></span> <span class='ocrx_word' id='word_1_102' title='bbox 999 2076 1040 2146; x_wconf 81' lang='grc' dir='ltr'><strong><em>δν</em></strong></span> <span class='ocrx_word' id='word_1_103' title='bbox 1055 2082 1212 2164; x_wconf 80' lang='grc' dir='ltr'><strong><em>λέγουσιν</em></strong></span> 
     </span>
     <span class='ocr_line' id='line_1_20' title="bbox 207 2174 1213 2266; baseline -0.008 -18"><span class='ocrx_word' id='word_1_104' title='bbox 207 2186 241 2248; x_wconf 89' lang='grc' dir='ltr'><strong><em>οί</em></strong></span> <span class='ocrx_word' id='word_1_105' title='bbox 251 2181 419 2266; x_wconf 83' lang='grc' dir='ltr'><strong><em>ἐπιχωριοι</em></strong></span> <span class='ocrx_word' id='word_1_106' title='bbox 435 2179 509 2264; x_wconf 81' lang='grc' dir='ltr'><strong><em>περὶ</em></strong></span> <span class='ocrx_word' id='word_1_107' title='bbox 521 2175 638 2264; x_wconf 76' lang='grc' dir='ltr'><strong><em>αὐτῆς,</em></strong></span> <span class='ocrx_word' id='word_1_108' title='bbox 658 2176 702 2256; x_wconf 82' lang='grc' dir='ltr'><strong><em>ὡς</em></strong></span> <span class='ocrx_word' id='word_1_109' title='bbox 716 2175 874 2264; x_wconf 81' lang='grc' dir='ltr'><strong><em>ἐρασθείη</em></strong></span> <span class='ocrx_word' id='word_1_110' title='bbox 887 2204 936 2256; x_wconf 91' lang='grc' dir='ltr'><strong><em>τις</em></strong></span> <span class='ocrx_word' id='word_1_111' title='bbox 950 2183 1010 2244; x_wconf 86' lang='grc' dir='ltr'><strong><em>τοῦ</em></strong></span> <span class='ocrx_word' id='word_1_112' title='bbox 1025 2174 1213 2262; x_wconf 77' lang='grc' dir='ltr'><strong><em>ἀγάλματος</em></strong></span> 
     </span>
     <span class='ocr_line' id='line_1_21' title="bbox 193 2273 1213 2368; baseline -0.006 -21"><span class='ocrx_word' id='word_1_113' title='bbox 193 2282 260 2354; x_wconf 85' lang='grc' dir='ltr'><strong><em>Ικαὶ</em></strong></span> <span class='ocrx_word' id='word_1_114' title='bbox 276 2275 393 2347; x_wconf 74' lang='grc' dir='ltr'><strong><em>λαθών</em></strong></span> <span class='ocrx_word' id='word_1_115' title='bbox 406 2274 622 2362; x_wconf 78' lang='grc' dir='ltr'><strong><em>ὑπολειφθεὶς</em></strong></span> <span class='ocrx_word' id='word_1_116' title='bbox 637 2280 673 2344; x_wconf 86' lang='grc' dir='ltr'><strong><em>ἐν</em></strong></span> <span class='ocrx_word' id='word_1_117' title='bbox 684 2283 763 2368; x_wconf 76' lang='grc' dir='ltr'><strong><em>ίερῷ</em></strong></span> <span class='ocrx_word' id='word_1_118' title='bbox 777 2282 987 2365; x_wconf 75' lang='grc' dir='ltr'><strong><em>συγγένοιτο,</em></strong></span> <span class='ocrx_word' id='word_1_119' title='bbox 1006 2273 1050 2356; x_wconf 78' lang='grc' dir='ltr'><strong><em>ὡς</em></strong></span> <span class='ocrx_word' id='word_1_120' title='bbox 1064 2273 1213 2343; x_wconf 87' lang='grc' dir='ltr'><strong><em>δννατδν</em></strong></span> 
     </span>
     <span class='ocr_line' id='line_1_22' title="bbox 207 2371 1209 2463; baseline -0.002 -21"><span class='ocrx_word' id='word_1_121' title='bbox 207 2376 380 2463; x_wconf 82' lang='grc' dir='ltr'><strong><em>άγάλματι.</em></strong></span> <span class='ocrx_word' id='word_1_122' title='bbox 418 2383 515 2442; x_wconf 86' lang='grc' dir='ltr'><strong><em>τοῦτο</em></strong></span> <span class='ocrx_word' id='word_1_123' title='bbox 538 2377 651 2460; x_wconf 84' lang='grc' dir='ltr'><strong><em>μέντοι</em></strong></span> <span class='ocrx_word' id='word_1_124' title='bbox 672 2373 779 2455; x_wconf 85' lang='grc' dir='ltr'><strong><em>άλλως</em></strong></span> <span class='ocrx_word' id='word_1_125' title='bbox 805 2382 1012 2461; x_wconf 78' lang='grc' dir='ltr'><strong><em>ἱστορείσθω.</em></strong></span> <span class='ocrx_word' id='word_1_126' title='bbox 1043 2371 1086 2441; x_wconf 81' lang='grc' dir='ltr'><strong>σύ</strong></span> <span class='ocrx_word' id='word_1_127' title='bbox 1113 2376 1150 2441; x_wconf 77' lang='grc' dir='ltr'><strong><em>δὲ</em></strong></span> <span class='ocrx_word' id='word_1_128' title='bbox 1172 2413 1209 2425; x_wconf 91' lang='grc'>-</span> 
     </span>
    </p>

    <p class='ocr_par' dir='ltr' id='par_1_13' title="bbox 161 2469 1213 2752">
     <span class='ocr_line' id='line_1_23' title="bbox 161 2469 1212 2562; baseline -0.003 -20"><span class='ocrx_word' id='word_1_129' title='bbox 161 2469 164 2472; x_wconf 47' lang='grc'>’</span> <span class='ocrx_word' id='word_1_130' title='bbox 205 2474 330 2558; x_wconf 82' lang='grc' dir='ltr'><strong><em>ταύτην</em></strong></span> <span class='ocrx_word' id='word_1_131' title='bbox 346 2473 427 2558; x_wconf 80' lang='grc' dir='ltr'><strong><em>γάρ,</em></strong></span> <span class='ocrx_word' id='word_1_132' title='bbox 450 2469 493 2549; x_wconf 77' lang='grc' dir='ltr'><strong><em>ὡς</em></strong></span> <span class='ocrx_word' id='word_1_133' title='bbox 510 2473 592 2558; x_wconf 81' lang='grc' dir='ltr'><strong><em>φης,</em></strong></span> <span class='ocrx_word' id='word_1_134' title='bbox 616 2470 699 2552; x_wconf 84' lang='grc' dir='ltr'><strong><em>εἶδες</em></strong></span> <span class='ocrx_word' id='word_1_135' title='bbox 717 2516 757 2526; x_wconf 94' lang='grc'><strong>-</strong></span> <span class='ocrx_word' id='word_1_136' title='bbox 772 2485 824 2544; x_wconf 83' lang='grc' dir='ltr'><strong><em>ῖθι</em></strong></span> <span class='ocrx_word' id='word_1_137' title='bbox 841 2478 896 2562; x_wconf 85' lang='grc' dir='ltr'><strong><em>μοὶ</em></strong></span> <span class='ocrx_word' id='word_1_138' title='bbox 913 2477 968 2543; x_wconf 82' lang='grc' dir='ltr'><strong><em>καὶ</em></strong></span> <span class='ocrx_word' id='word_1_139' title='bbox 982 2472 1056 2542; x_wconf 85' lang='grc' dir='ltr'><strong><em>τόδε</em></strong></span> <span class='ocrx_word' id='word_1_140' title='bbox 1070 2471 1212 2555; x_wconf 86' lang='grc' dir='ltr'><strong><em>άπόκρι-</em></strong></span> 
     </span>
     <span class='ocr_line' id='line_1_24' title="bbox 206 2566 1213 2659; baseline 0 -21"><span class='ocrx_word' id='word_1_141' title='bbox 206 2599 279 2656; x_wconf 87' lang='grc' dir='ltr'><strong><em>ναι,</em></strong></span> <span class='ocrx_word' id='word_1_142' title='bbox 313 2577 342 2638; x_wconf 87' lang='grc' dir='ltr'><strong><em>εῖ</em></strong></span> <span class='ocrx_word' id='word_1_143' title='bbox 360 2572 416 2638; x_wconf 83' lang='grc' dir='ltr'><strong><em>καὶ</em></strong></span> <span class='ocrx_word' id='word_1_144' title='bbox 442 2566 504 2655; x_wconf 77' lang='grc' dir='ltr'><strong><em>τὴν</em></strong></span> <span class='ocrx_word' id='word_1_145' title='bbox 530 2573 566 2636; x_wconf 84' lang='grc' dir='ltr'><strong><em>ἐν</em></strong></span> <span class='ocrx_word' id='word_1_146' title='bbox 588 2571 706 2654; x_wconf 84' lang='grc' dir='ltr'><strong><em>κήποις</em></strong></span> <span class='ocrx_word' id='word_1_147' title='bbox 727 2570 885 2659; x_wconf 82' lang='grc' dir='ltr'><strong><em>Ἀθήνησι</em></strong></span> <span class='ocrx_word' id='word_1_148' title='bbox 911 2572 973 2659; x_wconf 80' lang='grc' dir='ltr'><strong><em>τὴν</em></strong></span> <span class='ocrx_word' id='word_1_149' title='bbox 994 2569 1213 2657; x_wconf 75' lang='grc' dir='ltr'><strong><em>Ἀλκαμένους</em></strong></span> 
     </span>
     <span class='ocr_line' id='line_1_25' title="bbox 206 2671 364 2752; baseline -0.013 -15"><span class='ocrx_word' id='word_1_150' title='bbox 206 2671 364 2752; x_wconf 72' lang='grc' dir='ltr'><strong><em>ἑώρακας.</em></strong></span> 
     </span>
    </p>

    <p class='ocr_par' dir='ltr' id='par_1_14' title="bbox 205 2775 1213 3067">
     <span class='ocr_line' id='line_1_26' title="bbox 289 2775 1213 2875; baseline 0.001 -26"><span class='ocrx_word' id='word_1_151' title='bbox 289 2790 392 2850; x_wconf 88' lang='grc' dir='ltr'><strong><em>ΠΟΛ.</em></strong></span> <span class='ocrx_word' id='word_1_152' title='bbox 412 2775 454 2850; x_wconf 81' lang='grc' dir='ltr'><strong><em>Ἦ</em></strong></span> <span class='ocrx_word' id='word_1_153' title='bbox 470 2783 606 2850; x_wconf 90' lang='grc' dir='ltr'><strong><em>πάντων</em></strong></span> <span class='ocrx_word' id='word_1_154' title='bbox 625 2781 660 2869; x_wconf 80' lang='grc' dir='ltr'><strong><em>γ’</em></strong></span> <span class='ocrx_word' id='word_1_155' title='bbox 678 2783 738 2870; x_wconf 84' lang='grc' dir='ltr'><strong><em>άν,</em></strong></span> <span class='ocrx_word' id='word_1_156' title='bbox 766 2779 793 2853; x_wconf 75' lang='grc' dir='ltr'><strong><em>ὦ</em></strong></span> <span class='ocrx_word' id='word_1_157' title='bbox 812 2794 955 2872; x_wconf 86' lang='grc' dir='ltr'><strong><em>Λυκῖνε,</em></strong></span> <span class='ocrx_word' id='word_1_158' title='bbox 977 2784 995 2854; x_wconf 84' lang='grc' dir='ltr'>ὁ</span> <span class='ocrx_word' id='word_1_159' title='bbox 1016 2783 1213 2875; x_wconf 80' lang='grc' dir='ltr'><strong><em>ῥᾳθυμότα-</em></strong></span> 
     </span>
     <span class='ocr_line' id='line_1_27' title="bbox 205 2875 1213 2970; baseline 0 -21"><span class='ocrx_word' id='word_1_160' title='bbox 205 2909 260 2961; x_wconf 89' lang='grc' dir='ltr'><strong><em>τος</em></strong></span> <span class='ocrx_word' id='word_1_161' title='bbox 281 2875 343 2969; x_wconf 79' lang='grc' dir='ltr'><strong><em>ἦν,</em></strong></span> <span class='ocrx_word' id='word_1_162' title='bbox 372 2888 402 2951; x_wconf 85' lang='grc' dir='ltr'><strong><em>εί</em></strong></span> <span class='ocrx_word' id='word_1_163' title='bbox 423 2879 459 2948; x_wconf 87' lang='grc' dir='ltr'>τό</span> <span class='ocrx_word' id='word_1_164' title='bbox 480 2882 658 2950; x_wconf 87' lang='grc' dir='ltr'><strong><em>κάλλιστον</em></strong></span> <span class='ocrx_word' id='word_1_165' title='bbox 678 2891 745 2950; x_wconf 81' lang='grc' dir='ltr'><strong><em>των</em></strong></span> <span class='ocrx_word' id='word_1_166' title='bbox 766 2880 988 2970; x_wconf 82' lang='grc' dir='ltr'><strong><em>Ἀλκαμίνονς</em></strong></span> <span class='ocrx_word' id='word_1_167' title='bbox 1011 2882 1213 2969; x_wconf 88' lang='grc' dir='ltr'><strong><em>πλασμάτων</em></strong></span> 
     </span>
     <span class='ocr_line' id='line_1_28' title="bbox 206 2985 374 3067; baseline -0.018 -18"><span class='ocrx_word' id='word_1_168' title='bbox 206 2985 374 3067; x_wconf 77' lang='grc' dir='ltr'><strong><em>παρεῖδον.</em></strong></span> 
     </span>
    </p>

    <p class='ocr_par' dir='ltr' id='par_1_15' title="bbox 205 3089 1212 3376">
     <span class='ocr_line' id='line_1_29' title="bbox 288 3089 1212 3182; baseline -0.003 -21"><span class='ocrx_word' id='word_1_169' title='bbox 288 3102 388 3162; x_wconf 74' lang='grc' dir='ltr'><em>ΛΥΚ.</em></span> <span class='ocrx_word' id='word_1_170' title='bbox 409 3091 531 3161; x_wconf 80' lang='grc' dir='ltr'><strong><em>Ἐκεῖνο</em></strong></span> <span class='ocrx_word' id='word_1_171' title='bbox 547 3099 607 3179; x_wconf 81' lang='grc' dir='ltr'><strong><em>μέν</em></strong></span> <span class='ocrx_word' id='word_1_172' title='bbox 623 3121 677 3182; x_wconf 80' lang='grc' dir='ltr'><strong><em>με,</em></strong></span> <span class='ocrx_word' id='word_1_173' title='bbox 694 3089 962 3181; x_wconf 78' lang='grc' dir='ltr'><strong><em>ὦΠολάστρατε,</em></strong></span> <span class='ocrx_word' id='word_1_174' title='bbox 980 3092 1043 3163; x_wconf 85' lang='grc' dir='ltr'><strong><em>οὐκ</em></strong></span> <span class='ocrx_word' id='word_1_175' title='bbox 1059 3092 1212 3178; x_wconf 80' lang='grc' dir='ltr'><strong><em>ἐξερήσο-</em></strong></span> 
     </span>
     <span class='ocr_line' id='line_1_30' title="bbox 205 3188 1212 3279; baseline -0.004 -19"><span class='ocrx_word' id='word_1_176' title='bbox 205 3198 266 3279; x_wconf 94' lang='grc' dir='ltr'><strong><em>μαί</em></strong></span> <span class='ocrx_word' id='word_1_177' title='bbox 281 3213 334 3277; x_wconf 87' lang='grc' dir='ltr'><strong><em>σε,</em></strong></span> <span class='ocrx_word' id='word_1_178' title='bbox 359 3197 390 3260; x_wconf 87' lang='grc' dir='ltr'><strong><em>εί</em></strong></span> <span class='ocrx_word' id='word_1_179' title='bbox 402 3191 559 3270; x_wconf 88' lang='grc' dir='ltr'><strong><em>πολλάκις</em></strong></span> <span class='ocrx_word' id='word_1_180' title='bbox 573 3195 606 3271; x_wconf 84' lang='grc' dir='ltr'><strong><em>ε’ς</em></strong></span> <span class='ocrx_word' id='word_1_181' title='bbox 620 3190 682 3278; x_wconf 81' lang='grc' dir='ltr'><strong><em>τὴν</em></strong></span> <span class='ocrx_word' id='word_1_182' title='bbox 702 3193 887 3279; x_wconf 81' lang='grc' dir='ltr'><strong><em>ἀκρόπολιν</em></strong></span> <span class='ocrx_word' id='word_1_183' title='bbox 901 3190 1059 3262; x_wconf 77' lang='grc' dir='ltr'><strong><em>άνελθάν</em></strong></span> <span class='ocrx_word' id='word_1_184' title='bbox 1073 3193 1127 3259; x_wconf 77' lang='grc' dir='ltr'><strong><em>καί</em></strong></span> <span class='ocrx_word' id='word_1_185' title='bbox 1152 3188 1212 3276; x_wconf 80' lang='grc' dir='ltr'><strong><em>τὴν</em></strong></span> 
     </span>
     <span class='ocr_line' id='line_1_31' title="bbox 207 3290 801 3376; baseline 0.005 -19"><span class='ocrx_word' id='word_1_186' title='bbox 207 3292 398 3376; x_wconf 89' lang='grc' dir='ltr'><strong><em>Καλάμιδος</em></strong></span> <span class='ocrx_word' id='word_1_187' title='bbox 412 3290 622 3373; x_wconf 81' lang='grc' dir='ltr'><strong><em>Σωσάνδραν</em></strong></span> <span class='ocrx_word' id='word_1_188' title='bbox 636 3294 801 3360; x_wconf 85' lang='grc' dir='ltr'><strong><em>τεθέασαι.</em></strong></span> 
     </span>
    </p>

    <p class='ocr_par' dir='ltr' id='par_1_16' title="bbox 289 3387 876 3477">
     <span class='ocr_line' id='line_1_32' title="bbox 289 3387 876 3477; baseline 0.003 -21"><span class='ocrx_word' id='word_1_189' title='bbox 289 3396 392 3457; x_wconf 88' lang='grc' dir='ltr'><strong><em>ΠΟΛ.</em></strong></span> <span class='ocrx_word' id='word_1_190' title='bbox 416 3388 520 3457; x_wconf 84' lang='grc' dir='ltr'><strong><em>Εἶδον</em></strong></span> <span class='ocrx_word' id='word_1_191' title='bbox 535 3387 694 3477; x_wconf 84' lang='grc' dir='ltr'><strong><em>κάκείνην</em></strong></span> <span class='ocrx_word' id='word_1_192' title='bbox 709 3392 876 3467; x_wconf 89' lang='grc' dir='ltr'><strong><em>πολλάκις.</em></strong></span> 
     </span>
    </p>
   </div>
   <div class='ocr_carea' id='block_1_5' title="bbox 0 0 1292 3842">
    <p class='ocr_par' dir='ltr' id='par_1_17' title="bbox 0 0 1292 3842">
     <span class='ocr_line' id='line_1_33' title="bbox 0 0 1292 3842; baseline 0 0"><span class='ocrx_word' id='word_1_193' title='bbox 0 0 1292 3842; x_wconf 95' lang='lat' dir='ltr'><strong><em> </em></strong></span> 
     </span>
    </p>
   </div>
  </div>
 </body>
</html>
