2575 3842
404 195 526 253 ΠΕΡΙ
547 194 822 253 ΟΡΧΗΣΕΩΣ.
1055 194 1117 257 163

100 383 160 436 νος
176 358 355 443 ἐρομένου,
377 363 420 424 Τί
430 352 473 422 άν
484 376 537 423 σοι
550 355 709 440 χρήσιμος
721 355 851 439 γένοιτο
865 358 948 438 έκεῖ;
970 363 1117 442 Προσοί-

101 480 199 536 κους,
218 460 300 540 ἔφη,
315 453 510 540 βαρβάρους
520 459 599 539 ἔχω,
617 450 678 538 οὐχ
690 449 936 539 ὁμογλώττους,
948 458 1003 522 καί
1014 458 1117 542 ἑρμη-

101 556 191 620 νέων
211 549 253 618 ού
275 551 395 640 ῥηίδιον
412 550 569 638 εὐπορεῖν
594 549 678 637 πρὸς
699 547 839 628 αύτούς·
870 548 914 638 ήυ
939 546 1004 621 οὑν
1025 579 1116 632 τινος

102 654 243 735 δέωμαι,
260 648 429 717 διανεύων
444 641 542 728 οὑτος
557 647 681 716 ἕκαστά
692 673 749 733 μοι
765 648 972 734 ἑρμηνεύσει.
996 658 1118 718 τοσοῦ-

102 773 162 816 τον
178 745 242 832 άρα
258 751 414 814 καθίκετο
430 743 535 814 αὑτοῦ
551 744 571 833 ή
584 753 720 832 μίμησις
735 752 791 832 τῆς
802 743 985 833 ὀρχήσεως,
1002 750 1118 833 ἐπίση-

102 845 164 932 μός
178 871 214 912 τε
230 846 285 913 καί
299 842 409 929 σαφής
424 858 575 930 φανεῖσα.
598 848 649 912 65.
665 841 686 928 ἡ
702 844 738 910 δὲ
750 851 886 930 πλείστη
897 844 1048 933 διατριβή
1063 847 1117 912 καί

49 960 51 964 ’
102 942 121 1013 ὁ
144 941 269 1023 σκοπός
290 952 348 1030 της
364 940 559 1028 ὀρχηστικῆς
578 939 599 1028 ή
623 939 801 1028 ὑπόκρισίς
822 945 928 1027 ἐστιν,
955 940 999 1022 οὑς
1019 949 1116 1029 ἔφην,

105 1043 189 1111 κατά
207 1040 247 1108 τά
265 1039 348 1108 αύτά
364 1041 418 1108 καὶ
432 1053 500 1118 τοῖς
514 1041 674 1127 ῥήτορσιν
689 1043 965 1128 ἐπιτηδευομένη,
981 1042 1034 1108 καὶ
1052 1041 1118 1127 μά-

102 1149 199 1209 λιστα
222 1153 290 1218 τοῖς
309 1136 367 1216 τάς
391 1139 600 1222 καλουμένας
618 1139 741 1217 ταύτας
763 1140 899 1225 μελέτας
919 1141 1116 1219 διεξιοῦσιν·

104 1241 173 1310 οίδε
186 1239 251 1328 γάρ
268 1242 321 1308 καὶ
336 1243 373 1307 ἐν
384 1241 523 1317 ἐκείνοις
537 1246 667 1325 μᾶλλον
678 1241 902 1324 ἐπαινουμένη
913 1246 960 1329 τῷ
975 1241 1118 1307 ἐοικέναι

103 1355 172 1417 τοῖς
186 1337 419 1422 ὑποκειμένοις
434 1336 626 1423 προσώποις
641 1339 696 1404 καί
711 1335 755 1423 μή
772 1334 888 1427 άπωδά
906 1334 990 1404 εἶναι
1005 1335 1045 1404 τά
1061 1332 1116 1404 λεὲ
1135 1353 1188 1408 ³04

102 1429 230 1522 γόμενα
244 1440 312 1500 τῶν
333 1437 559 1520 εἰσαγομένων
578 1431 742 1518 ἀριστέων
763 1430 784 1520 ή
800 1433 1080 1521 τυραννοκτόνων
1095 1430 1118 1522 ἢ

103 1532 258 1616 πενήτων
271 1525 291 1615 ή
302 1537 472 1616 γεωργῶν,
490 1528 563 1599 ἀλλ’
579 1535 616 1599 ἐν
632 1533 758 1622 ἑκάστῳ
770 1532 900 1600 τούτων
910 1530 947 1601 τό
963 1538 1052 1602 ίδιου
1063 1537 1119 1603 καί

104 1628 141 1697 τὺ
160 1632 326 1712 ἐξαίρετον
342 1631 549 1697 δείκνυσθαι.

190 1735 239 1796 66.
260 1725 383 1795 Ἐθέλω
401 1735 486 1811 γοῦν
494 1748 554 1795 σοι
567 1729 623 1796 καὶ
639 1726 744 1796 άλλου
760 1728 935 1815 βαρβάρου
948 1733 1047 1818 ρῆοιν
1065 1732 1117 1797 &az

105 1828 234 1903 τούτοις
257 1830 376 1893 εἰπεῖν·
409 1824 492 1893 ίδων
516 1823 581 1910 γάρ
607 1828 705 1893 πέντε
727 1826 888 1909 πρόσωπα
908 1835 954 1916 τῷ
976 1826 1118 1916 ὀρχηστῇ

105 1927 400 2012 παρεσκευασμένα
412 1965 454 1976 -
465 1923 637 1990 τοσούτων
652 1921 717 2008 γάρ
728 1931 840 2009 μερῶν
852 1923 889 1991 τό
902 1929 1011 2012 δρᾶμα
1022 1921 1067 2013 ἦν
1077 1967 1115 1979 -

105 2025 207 2111 ἐζήτει
222 2026 281 2092 ἕνα
299 2020 391 2109 δρῶν
404 2019 465 2089 τόυ
479 2019 663 2108 ὀρχηστήν,
678 2027 766 2099 τίνες
780 2026 814 2088 οί
827 2019 1045 2108 ὀρχησόμενοι
1062 2026 1118 2092 καὶ

106 2119 390 2206 ὑποκρινούμενοι
407 2116 447 2185 τά
464 2115 563 2187 λοιπά
579 2131 772 2202 προσωπεῖα
790 2115 872 2184 είεν·
901 2121 970 2186 ἐπεὶ
985 2122 1021 2188 δὲ
1037 2125 1119 2206 ἔμα-

104 2230 169 2288 θευ
186 2215 237 2284 ὅτι
252 2214 270 2284 ὀ
285 2213 385 2294 αύτός
399 2214 628 2302 ὑποκρινεῖται
640 2215 696 2281 καὶ
710 2211 932 2301 ὑπορχήσεται
946 2215 986 2284 τά
997 2218 1117 2304 πάντα,

100 2316 306 2402 Ἐλελήθεις,
319 2307 346 2381 ά
357 2317 518 2401 βέλτιστε,
537 2320 616 2400 ἔφη,
632 2320 727 2397 σῶμα
739 2315 909 2399 μὲντούτο
925 2317 978 2400 ἕν,
994 2312 1118 2394 πολλάς

105 2417 141 2484 δέ
152 2411 211 2492 τάς
225 2409 332 2498 ψυχάς
343 2416 436 2496 ἔχων.
459 2414 509 2479 67.
524 2411 703 2497 ταῦταμὲν
717 2407 925 2498 ὁβάρβαρος.
949 2412 1011 2482 οὐκ
1022 2411 1119 2481 άπει-

105 2512 212 2589 κότως
226 2510 263 2578 δὲ
276 2512 330 2576 καί
343 2513 377 2576 οί
387 2506 565 2578 Ἰταλιῶται
579 2507 639 2576 τόν
652 2505 817 2595 ὀρχηστήν
832 2510 1043 2596 παντόμιμον
1057 2538 1118 2579 κα-

106 2617 241 2692 λοῦσιν,
257 2605 322 2675 άπὸ
337 2612 398 2674 τοῦ
409 2610 584 2693 δρωμένου
599 2607 733 2692 σχεδόν·
756 2605 840 2693 καλή
852 2607 917 2694 γάρ
932 2605 951 2692 ή
965 2607 1117 2694 ποιητική

107 2712 302 2790 παραίνεσις
319 2707 428 2790 ἐκείνη
445 2703 503 2789 τό,
519 2695 571 2790 ,,ι·ὀ
587 2718 662 2789 παῖ,
679 2711 821 2772 ποντίου
835 2702 944 2791 θηρός
958 2712 1119 2789 πετραίου

106 2805 190 2874 νόον
211 2813 314 2890 ίσχωυ
329 2803 450 2882 πάσαις
471 2808 643 2870 πολίεσσιν
660 2800 766 2888 ὁμίλει
774 2809 809 2888 ,“
835 2805 955 2892 καὶτῷ
976 2800 1119 2888 ὀρχηστῇ

106 2901 288 2988 άναγκαία·
305 2903 360 2970 καί
372 2901 631 2986 δεῖπροσφύντα
642 2913 711 2978 τοῖς
724 2899 893 2985 πράγμασι
907 2906 1119 2967 συνοικειοῦν

107 2997 231 3069 ἑαυτόν
246 3002 372 3091 ἑκάστω
386 3008 454 3066 τῶν
465 2998 658 3083 δρωμένων.
681 2995 717 3064 τό
735 2998 772 3064 δέ
786 2995 867 3065 ὅλου
878 2995 947 3082 ήθη
959 2998 1014 3063 καὶ
1025 2998 1119 3083 πάθη

107 3103 228 3180 δείξειν
247 3102 302 3166 καί
322 3096 580 3183 ὑποκρινεῖσθαι
600 3092 621 3181 ἡ
641 3093 775 3181 ὄρχησις
799 3097 1032 3181 ἐπαγγέλλεται
1054 3103 1120 3163 νῦν

107 3199 170 3286 μὲν
185 3202 322 3285 ἐρωντα,
337 3206 404 3266 υῦυ
418 3197 455 3264 δὲ
470 3193 686 3282 ὀργιζόμενόν
700 3219 775 3260 τινα
787 3191 978 3278 εἰσάγουσα,
995 3194 1049 3261 καί
1060 3192 1120 3262 άλ-

108 3308 170 3368 λον
181 3297 350 3384 μεμηνότα
362 3300 416 3366 καὶ
427 3294 532 3364 άλλον
543 3295 789 3379 λελυπημένον,
808 3294 862 3360 καὶ
875 3288 1006 3358 ἅπαντα
1017 3300 1120 3361 ταῦτα

108 3398 379 3483 μεμετρημένως
401 3392 438 3462 τό
451 3399 537 3481 γοῦν
552 3391 838 3480 παραδοξότατον,
856 3397 913 3478 τῆς
925 3388 1027 3478 αὐτῆς
1040 3390 1122 3480 ήμέ-
1138 3406 1191 3461 305

918 3495 956 3560 11
969 3494 984 3534 *
