2575 3842
366 201 495 256 ΖΕΥΣ
517 199 805 259 ΤΡΑΓΩιΔΟΣ.
1028 199 1091 266 367

63 356 150 424 οἶδα
174 356 239 444 γάρ
263 355 419 434 οὕστινας
442 360 555 442 λέγεις.
584 355 658 424 ἀλλ’
682 359 793 425 ἐκεῖνό·
809 385 865 443 μοι
886 360 1037 448 φράσον,
1063 367 1093 430 εί

64 458 183 524 πάλαι
199 461 423 541 ξυγκροτεῖται
440 454 551 533 αὐτοῖς
566 451 587 540 ἡ
604 461 682 540 ἔρις.

162 560 327 622 ΕΡΜΑΓ.
353 550 512 636 Οὐδέπω,
528 549 602 620 ἀλλ’
619 557 656 620 ἐν
670 551 925 640 ἀκροβολισμοῖς
940 560 986 621 ἔτι
1003 549 1090 640 ἦσαν

67 651 400 738 ἀποσφενδονῶντες
416 649 569 737 ἀλλήλοις
586 651 767 737 πόρρωθέν
788 662 897 719 ποθεν
914 654 1092 735 λοιδορού-

69 776 185 834 μενοι.

164 857 291 917 zm.
322 854 364 916 Τί
384 842 448 916 οὖν
466 854 513 916 ἔτι
534 845 596 934 χρὴ
619 863 726 915 ποιεῖν
743 847 878 932 λοιπόν,
904 839 930 914 ά
952 853 1044 932 θεοί,
1067 844 1091 933 ἢ

70 945 269 1030 ἀκροᾶσθαι
292 948 516 1026 ἐπικύψαντας
533 945 660 1025 αὐτῶνς
685 944 768 1013 όόστε
785 942 1032 1032 ἀφαιρείτωσαν
1056 950 1093 1012 αί

66 1039 172 1128 Ὧραι
187 1042 247 1111 τόν
262 1042 385 1130 μοχλόν
399 1042 463 1130 ἤθη
474 1047 528 1112 καὶ
539 1041 730 1129 ἀπάγουσαι
745 1042 786 1110 τά
800 1047 885 1130 νέφη
901 1042 1089 1111 ἀναπεταν-

73 1145 236 1211 νύτωσαν
253 1143 310 1222 τάς
332 1143 438 1220 πύλας
455 1151 516 1210 τοῦ
534 1141 695 1227 οὐρανοῦ.
728 1146 779 1210 34.
791 1140 980 1227 Ἡράκλεις,
1007 1139 1090 1209 ὅσον

75 1238 110 1308 τό
124 1248 257 1327 πλῆθος
269 1244 321 1308 ἐπὶ
331 1239 393 1327 τὴν
405 1239 567 1324 ἀκρόασιν
578 1238 816 1326 ἀπηντήκασιν.
840 1238 858 1306 ὁ
874 1239 910 1307 δὲ
926 1245 1089 1324 Τιμοκλῆς
1107 1248 1158 1304 683

75 1335 180 1414 αὐτός
195 1336 237 1404 οό
257 1339 349 1405 πάνυ
364 1363 421 1425 μοι
441 1336 573 1425 ἀρέσκει
597 1336 796 1424 ὑποτρέμων
812 1341 866 1406 καὶ
887 1336 1089 1422 ταραττόμε-

75 1461 152 1514 νος·
180 1434 300 1504 ἀπολεῖ
314 1435 445 1505 ἅπαντα
468 1429 566 1514 οὗτος
586 1436 745 1522 τήμερον·
778 1441 877 1523 δῆλος
896 1443 980 1521 γοῦν
999 1438 1088 1502 ἐστιν

76 1531 127 1602 ότι
143 1531 219 1600 οὐδ’
237 1532 447 1621 ἀντάρασθαι
460 1543 505 1624 τῷ
517 1533 643 1619 Δάμιδι
657 1535 895 1620 δυνησόμενος.
918 1530 992 1602 ἀλλ’
1005 1530 1088 1617 ὅπερ

75 1625 156 1713 ἡμῖν
173 1632 338 1713 δυνατόν,
354 1631 528 1717 εὐχώμεθα
544 1629 627 1714 ὑπὲρ
645 1628 750 1698 αὐτοῦ
882 1718 890 1726 .

184 1735 260 1814 σιγῇ
277 1725 331 1812 ἐφ’
347 1729 487 1814 ἡμείων,
505 1733 562 1796 ’ίνα
579 1731 623 1815 μὴ
638 1737 747 1818 Δᾶμίς
762 1757 799 1817 γε
815 1730 973 1816 πόθηται.

162 1827 213 1890 35.
233 1831 327 1891 ΤΙΜ.
354 1830 396 1892 Τί
408 1826 489 1912 φής,
509 1819 696 1909 ἀίερόσυλε
707 1835 815 1914 Δᾶμι,
831 1824 935 1905 θεοὺς
945 1823 989 1912 μὴ
1004 1825 1088 1894 εἶναι

79 1919 162 2005 μηδὲ
180 1936 336 2006 προνοεῖν
353 1919 562 2009 ἀνθροόπωνς

165 2026 278 2086 ΔΑΜ.
294 2017 381 2088 Οόκ·
397 2017 481 2088 ἀλλὰ
493 2018 535 2088 σύ
547 2020 712 2106 πρότερον
723 2020 908 2106 ἀπόκριναί
914 2047 981 2108 μοι,
994 2015 1087 2112 ᾧτινι

68 2114 168 2206 -λόμφ
185 2116 340 2202 ἐπείσθης
356 2115 440 2185 εἶναι
455 2115 587 2196 αὐτούς.

167 2222 260 2282 ΤΙΜ.
287 2213 338 2282 Οό
352 2217 414 2303 μὲν
427 2210 507 2304 οὖν,
527 2212 610 2284 ἀλλά
625 2215 686 2295 ου’,
707 2210 862 2303 άμιαρέ,
880 2215 1065 2306 ἀπόκριναι.

162 2321 275 2382 ΛΑΜ.
301 2313 352 2382 Οὐ
367 2319 429 2403 μὲν
444 2309 522 2402 οὖν,
541 2312 625 2383 ἀλλά
643 2315 695 2382 σύ.

163 2420 288 2480 ΖΕΥΣ.
317 2417 418 2483 Ταυτὶ
433 2420 495 2502 μὲν
515 2410 605 2499 παρά
622 2411 710 2480 πολὺ
731 2410 748 2479 ὁ
770 2410 926 2499 ἡμέτερος
948 2412 1087 2500 άμεινον

82 2513 133 2578 καὶ
149 2508 382 2599 εὐφωνότερον
393 2515 598 2601 τραχύνεται.
623 2505 662 2580 εὖ
675 2537 724 2597 με,
741 2505 768 2578 ἀ
785 2511 968 2598 Τιμόκλεις,
985 2515 1087 2598 ε’πίχει

82 2616 146 2673 τῶν
162 2615 396 2696 βλασφημιῶν·
419 2617 455 2680 ἐν
469 2609 534 2699 γάρ
547 2610 654 2701 τοότφ
669 2632 722 2678 σοι
733 2609 770 2679 τό
786 2612 923 2698 κρότος,
940 2608 983 2690 ὡς
997 2611 1037 2679 τά
1048 2637 1087 2698 γε

84 2704 162 2773 ἀλλα
177 2707 278 2791 ίχθόν
294 2729 331 2775 σε
346 2707 516 2795 ἀποφανεῖ
528 2714 752 2795 ἐπιστομιζων.

166 2812 259 2873 ΤΙΜ.
280 2802 387 2891 Ἀλλά,
402 2806 447 2893 μά
460 2807 521 2894 τὴν
533 2806 692 2894 Ἀθηνᾶν,
709 2806 770 2874 οόκ
785 2802 829 2873 άν
840 2805 1086 2894 ἀποκριναίμην
1265 2884 1266 2889 1

84 2924 132 2970 σοι
147 2903 314 2991 πρότερος.
1101 2921 1153 2975 684

162 3010 273 3070 ΔΑΜ.
296 2999 433 3090 Οὐκοῦν
446 3003 563 3088 ἐρώτα,
580 2993 612 3071 ό
621 3002 811 3087 Τιμόκλεις·
828 3003 1010 3089 ἐκράτησας
1021 3003 1085 3093 γὰρ

83 3100 175 3168 τοῦτό
184 3126 222 3185 γε
234 3097 431 3188 ὀμωμοκώς·
447 3099 520 3170 ἀλλ’
532 3101 614 3171 ἀνευ
623 3110 691 3170 τῶν
699 3109 931 3190 βλασφημιων,
944 3109 974 3171 εί
984 3108 1082 3172 δοκεῖ.

159 3203 209 3267 36.
237 3205 332 3269 ΤΙΜ.
354 3193 408 3267 Εό
422 3203 541 3285 λέγεις·
564 3203 633 3269 είπὲ
651 3193 715 3268 οὖν
726 3227 800 3289 μοι,
818 3199 859 3270 οὐ
870 3206 1009 3271 δοκοῦσι’
1019 3222 1082 3289 σοι,

86 3289 109 3363 ιό
123 3299 298 3386 κατάρατε,
316 3313 474 3382 προνοεῖν
492 3304 526 3368 oc
539 3308 619 3368 θεοί
623 3331 631 3382 ;

160 3403 273 3464 AAM.
299 3394 471 3483 οῖεαμες.
