2575 3842
183 181 246 246 334
529 179 852 257 [Αονιιικινοιη

183 349 219 411 έν
240 349 279 430 τῇ
296 343 391 410 πόλει
411 348 623 427 συναριστων
644 344 746 426 μέγας
762 367 798 408 τε
813 341 867 406 καλ
889 346 977 407 πίων
993 344 1112 417 δεινῶς
1132 338 1198 427 ήδη

113 455 165 512 618
185 441 362 527 ἐγεγόνειν.
386 446 445 507 καί
456 463 535 507 ποτε
549 437 634 525 γυνή
648 443 723 524 ξένη
740 437 781 506 οῦ
793 441 908 524 μέτρια
922 441 1117 525 κεκτημένη,
1135 438 1199 526 τήν

184 538 264 620 ὄψιν
287 538 402 624 ίκανή,
429 543 646 624 παρελθοῦσα
668 541 734 603 ἐσω
757 542 840 604 ίδείν
863 540 919 622 ἐμὲ
939 535 1126 619 ἀριστῶντα
1153 544 1199 614 είς

185 635 291 722 ἐρωτά
303 662 368 722 μου
379 633 510 722 θερμὸν
522 637 689 721 ἐμπίπτει,
705 642 803 702 τοῦτο
818 637 880 721 μὲν
891 632 927 702 τὸ
940 634 1061 713 κάλλος
1076 639 1198 702 ἰδοῦσα

185 746 246 804 τοῦ
261 736 360 822 όυου,
376 744 474 803 τοῦτο
493 737 529 804 δὲ
540 743 586 824 τῷ
598 735 775 823 παραδόξῳ
791 741 858 802 τῶν
869 737 960 820 ἐμεῖν
973 734 1198 820 ἐπιτηδευμά-

183 861 251 904 των
266 841 311 912 είς
326 837 509 920 ἐπιθυμίαν
524 839 705 910 συνουσίας
719 839 950 917 προελθοῦσα·
972 833 1026 900 καὶ
1045 835 1198 917 διαλέγε-

183 961 236 1002 ται
248 931 331 1018 πρὸς
345 931 405 1000 τόν
421 932 598 1018 ἐπιστάτην
606 928 667 998 τόν
678 928 760 1017 ἐμὸν
774 932 828 998 καὶ
844 928 971 1016 μισθὸν
981 928 1076 1020 αὐτῷ’
1087 927 1198 1012 ἁδρδν

184 1030 353 1115 ὑπέσχετο,
370 1035 400 1097 εί
409 1028 654 1114 συγχωρήσειεν
666 1024 751 1116 αὐτῇ
761 1025 826 1094 σῦν
839 1031 909 1115 ἐμοὶ
921 1027 983 1114 τήν
993 1027 1100 1095 νύκτα
1112 1024 1198 1094 ἀνα-

184 1127 394 1196 παύσεσθαι·
424 1123 577 1204 κάκείνος
596 1122 698 1193 οὐδὲν
718 1134 914 1211 φροντίσας,
943 1134 1007 1192 είτε
1029 1123 1150 1191 ἀνῦσει
1167 1150 1196 1192 τι

184 1228 293 1309 ἐκείνη
305 1226 337 1302 ἐξ
352 1225 434 1308 ἐμοῦ
446 1231 510 1290 είτε
522 1223 576 1289 καὶ
587 1221 642 1308 μή,
661 1221 823 1308 λαμβάνει
837 1219 897 1290 τδν
907 1222 1044 1308 μισθόν.
1067 1225 1120 1288 51.
1133 1218 1195 1287 κά-

183 1319 280 1406 πειδή
299 1321 420 1405 ἑσπέρα
431 1345 466 1386 τε
478 1313 521 1406 ἦν
536 1317 599 1405 ήδη
615 1318 678 1387 κάκ
689 1327 749 1387 τοῦ
764 1327 954 1406 συμποσίου
968 1317 1100 1405 ἀφῆκεν
1110 1316 1196 1405 ἡμᾶς

184 1418 202 1488 ὁ
219 1419 396 1504 δεσπότης,
423 1415 676 1502 ἀναστρέφομεν
691 1423 776 1486 ἔνθα
793 1418 1118 1508 ἐκαθεῦδομεν,,καί
1134 1415 1194 1502 τήν

183 1530 327 1604 γυναῖκα
345 1513 488 1600 εῦρομεν
505 1515 607 1582 πάλαι
624 1512 815 1602 ἀφιγμένην
829 1519 882 1584 ἐπὶ
895 1515 957 1603 τήν
977 1512 1060 1602 ἐμήν
1079 1513 1193 1602 εὐνήν.

184 1615 359 1700 νενόμιστο
378 1614 413 1678 δὲ
428 1609 513 1700 αῦτή
527 1613 780 1700 προσκεφάλαια
797 1612 929 1701 μαλακά
946 1617 1001 1682 καὶ
1017 1613 1196 1700 στρωματα
1279 1618 1280 1623 ’

185 1721 263 1780 είσω
279 1714 459 1779 κατέθεντο
475 1713 530 1779 καλ
544 1711 727 1796 χαμεύνιον
740 1709 821 1799 ἡμῖν
837 1709 991 1797 εὐτρεπὲς
1001 1705 1055 1797 ήν.
1081 1709 1149 1778 εἶτα
1165 1714 1198 1777 οί

183 1811 246 1896 μέν
267 1817 324 1895 της
342 1806 501 1895 γυναικὸς
520 1808 727 1893 θεράποντες
749 1808 854 1878 αὐτοῦ
874 1835 942 1877 που
964 1816 1106 1896 πλησίον
1127 1807 1193 1894 πρδ

184 1916 245 1977 τοῦ
262 1913 429 1994 δωματίου
448 1909 652 1992 ἐκάθευδον,
674 1905 695 1993 ἡ
715 1909 751 1976 δὲ
768 1909 894 1995 λόχνον
913 1913 1012 1977 ἔνδον
1029 1915 1119 1976 ἔκαιε
1135 1911 1197 1994 με’-

184 2034 248 2095 γαν
263 2013 307 2098 τῷ
320 2009 401 2092 πυρὶ
417 2007 648 2093 λαμπόμενον·
672 2011 782 2074 ἔπειτα
797 2004 1035 2093 ἀποδυσαμένη
1046 2006 1195 2092 παρέστη

182 2113 227 2195 τῷ
251 2105 362 2194 λάχνῳ
385 2101 496 2190 γυμνή
519 2102 580 2190 ὅλη
600 2105 655 2171 καὶ
677 2104 788 2189 μόρου
809 2111 845 2173 ἐκ
868 2130 957 2184 τινος
978 2103 1196 2190 ἀλαβάστρου
1279 2112 1280 2169 f

183 2207 389 2288 προχεαμένη
401 2202 508 2292 τούτῳ
524 2200 704 2287 ἀλείφεται,
721 2200 804 2288 κάμὲ
816 2203 852 2271 δὲ
863 2209 990 2289 μυρίζει
1001 2207 1113 2287 ἐνθεν,
1129 2202 1197 2289 μά-

182 2311 276 2370 λιστα
296 2297 357 2385 τήν
373 2300 451 2383 βῑνά
468 2327 535 2386 μου
549 2302 668 2388 μόρων
685 2303 881 2387 ἐνέπλησεν,
903 2301 971 2386 εἶτά
987 2327 1028 2388 με
1049 2305 1104 2370 καὶ
1119 2305 1197 2388 ε’φί-

182 2408 262 2484 λησε
278 2402 333 2466 καὶ
349 2393 401 2465 οἷα
417 2397 501 2484 πρὸς
516 2397 617 2485 αὐτῆς
633 2400 806 2485 ἐρόμενον
820 2404 875 2468 καὶ
886 2399 1072 2486 ἀνθρωπον
1088 2403 1197 2469 διελέ-

112 2515 163 2570 619
182 2524 258 2586 γετο
276 2507 334 2566 καί
346 2523 386 2583 με
407 2500 443 2565 ἐκ
458 2506 515 2584 τής
532 2506 692 2586 φορβεινλς
707 2502 928 2586 ἐπιλαβομένη
948 2502 1001 2568 ἐπὶ
1017 2497 1053 2567 τὸ
1069 2501 1198 2585 χαμεύ-

181 2625 257 2667 νιον
270 2594 356 2667 εἷλκε
367 2624 373 2637 ·
395 2595 487 2683 κάγιδ
500 2597 600 2668 οὐδέν
612 2626 643 2666 τι
655 2606 717 2666 τοῦ
731 2601 1021 2685 παρακαλέσαντος
1037 2603 1082 2676 είς
1094 2605 1197 2664 τοῦτο

181 2698 339 2783 δεόμενος
354 2698 408 2764 καὶ
423 2705 504 2786 οίνμ
520 2699 556 2764 δὲ
567 2703 698 2787 παλαιῷ
714 2703 826 2787 πολλῷ
837 2695 1128 2784 ὑποβεβρεγμένος
1139 2699 1197 2763 καὶ

179 2803 225 2887 τῷ
241 2797 340 2881 χρωτὶ
362 2801 422 2861 τοῦ
444 2795 556 2882 μόρου
571 2799 786 2882 οίστρημένος
807 2798 861 2864 καὶ
883 2794 945 2882 τήν
962 2800 1143 2881 παιδίσκην
1158 2795 1199 2862 δὲ

180 2893 271 2980 δρῦν
286 2895 395 2961 πάντα
411 2892 518 2981 καλήν
532 2901 703 2982 κλίνομαι,
720 2897 775 2964 καὶ
790 2894 922 2980 σφόδρα
935 2893 1089 2982 ἠπόρουν
1104 2893 1199 2972 ὅπως

180 2990 390 3079 ἀναβήσομαι
405 2993 467 3080 τήν
487 2991 689 3081 ἄνθρωπον·
712 2991 847 3079 καὶγὰρ
868 2996 901 3073 ἐξ
925 2991 1005 3061 ὅπου
1023 2992 1198 3079 ἐγεγόνειν

180 3091 275 3177 όνος,
299 3099 479 3171 συνουσίας
500 3090 573 3161 ἀλλ’
598 3090 677 3160 οῦδὲ
693 3100 750 3178 τῆς
770 3091 862 3171 όνοις
878 3093 1053 3178 συνήθους
1075 3096 1198 3176 ἔτυχον

180 3187 368 3275 ἁψάμενος,
397 3187 475 3258 οῦδὲ
496 3194 631 3275 γυναικὶ
653 3191 844 3276 ἐχρησάμην
864 3188 947 3279 όνφ·
978 3192 1034 3258 καλ
1051 3187 1119 3275 μήν
1139 3189 1197 3255 κοιλ

180 3287 278 3354 τοῦτό
295 3284 330 3371 μ’
354 3292 399 3364 είς
417 3289 490 3365 δέος
511 3287 583 3374 οῦχλ
603 3292 739 3374 μέτριον
756 3283 832 3375 ήγε,
854 3284 957 3374 μήού
977 3283 1196 3373 χωρήσασαὴ

180 3379 266 3466 γυνή
282 3386 492 3472 διασπασθῇ,
507 3383 597 3471 κάγιδ
616 3387 728 3472 ὥσπερ
742 3384 957 3471 ἀνδροφόνος
971 3382 1078 3472 καλήν
1095 3384 1197 3452 δώσω
