2575 3842
335 199 862 259 AHOKHPYTTOMENOZ.
1060 194 1101 257 93

92 363 171 447 μέν,
188 366 219 427 εί
232 361 288 427 καὶ
306 357 409 448 μηδὲν
423 354 638 443 ήδικημένος,
655 354 699 434 ὡς
714 352 757 423 ἀν
772 363 875 443 έγωγε
890 364 1009 442 φαίην,
1025 352 1099 423 ἀλλ’

91 457 171 526 ούδὲ
188 451 228 523 εύ
243 452 422 533 πεπονθιδς
436 468 612 542 παρῃτεῖτο
626 461 684 538 τῆς
699 460 818 538 οἰκίας,
836 463 901 521 νῦν
920 455 955 522 δὲ
971 462 1103 539 σωτῆρα

92 563 232 640 ἔναγχος
242 556 298 621 καὶ
308 550 486 638 εὐεργέτην
497 557 731 638 γεγενημένον,
747 546 789 619 οὗ
799 560 833 620 τί
839 552 956 638 γένοιτ’
969 550 1011 620 ἀν
1022 552 1103 638 ἀχα-
1122 574 1169 629 171

95 653 305 740 ριστότερον,
329 654 482 718 σωθέντα
504 648 548 717 δι’
573 654 630 737 ἐμὲ
652 653 706 717 καὶ
726 659 921 737 τηλικοῦτον
942 656 1104 719 κίνδυνον

96 748 347 834 διαπεφευγότα
363 762 432 825 τοῖς
449 748 613 825 τοιούτοις
629 745 735 825 εύθὺς
754 747 950 835 ἀμείβεσθαι
967 756 1024 834 τῆς
1041 758 1104 815 θε-

97 855 236 929 ραπείας
249 850 376 931 ἐκείνης
393 844 514 914 οὐδένα
529 847 632 932 λόγον
653 852 785 932 έχοντα,
809 844 881 915 ἀλλ’
901 844 1021 914 οὑτωσὶ
1043 848 1105 933 ῥηι-

98 952 176 1024 δίως
190 947 406 1028 ἐπιλελῆσθαι
417 946 471 1010 καὶ
482 946 534 1010 ἐπὶ
547 941 610 1029 τήν
624 946 764 1028 ἐρημίαν
779 943 933 1012 ἐλαύνειν
946 940 1007 1009 τὺν
1022 945 1105 1028 ἐφη-

98 1039 212 1109 σθέντ’
229 1037 274 1107 ἀν
289 1046 424 1133 δικαίως
440 1038 493 1126 ἐφ’
512 1035 560 1116 οἷς
574 1038 697 1118 ἀδίκως
711 1043 917 1127 ἐξεβέβλητο,
938 1036 981 1125 μή
998 1039 1105 1125 μόνον

98 1138 140 1207 ού
160 1138 469 1225 μνησικακήσαντα,
492 1134 646 1205 ἀλλὰκαὶ
668 1137 821 1203 σοι’σαντα
841 1140 894 1205 καὶ
917 1150 1106 1222 σωφρονεῖν

99 1236 417 1317 παρασκευάσαντας
445 1240 495 1302 14.
512 1232 554 1300 ού
574 1231 637 1319 γὰρ
655 1235 814 1319 σμικρόν,
833 1227 994 1320 ἀάνδρες
1011 1237 1106 1301 δικα-

99 1344 185 1423 σταί,
203 1333 330 1403 οὐδὲτὸ
342 1332 444 1419 τυχόν
455 1326 494 1400 εύ
503 1332 691 1418 πεποιηκώς
702 1332 806 1401 αὐτόν
817 1332 906 1420 ὅμως
918 1341 984 1400 των
994 1332 1106 1400 τοιού-

99 1460 169 1501 των
179 1441 245 1500 νῦν
256 1430 418 1518 ἀξιοῦμαι.
442 1428 514 1498 ἀλλ’
529 1436 560 1497 εί
569 1432 624 1497 καὶ
638 1424 736 1509 ούτος
746 1428 862 1517 ἀγνοεῖ
869 1429 909 1498 τά
921 1431 1005 1515 τότε,
1020 1429 1106 1495 πάν-

100 1557 154 1609 τες
164 1528 259 1616 ὑμεῖς
269 1539 338 1597 ῖστε
349 1524 402 1596 οἷα
416 1536 577 1596 ποιοῦντα
589 1525 694 1595 αύτδν
704 1532 758 1599 καὶ
772 1529 940 1614 πάσχοντα
951 1529 1005 1593 καὶ
1017 1525 1107 1603 ὅπως

102 1633 313 1710 διακείμενον
334 1621 398 1708 ἐγὼ
425 1625 644 1710 παραλαβών,
671 1632 739 1692 τῶν
765 1628 827 1711 μὲν
853 1624 964 1693 ἀλλων
984 1630 1106 1704 ίατρων

102 1723 363 1810 ἀπεγνωκότων,
379 1731 447 1789 τῶν
458 1726 494 1789 δὲ
511 1728 642 1789 οίκείων
652 1725 850 1808 φευγόντων
861 1728 915 1792 καὶ
931 1726 1013 1810 μηδὲ
1023 1730 1107 1805 πλη-

103 1830 178 1889 σίον
194 1825 367 1906 προσιέναι
381 1820 598 1905 τολμώντων,
620 1828 775 1888 τοιοῦτον
790 1820 962 1907 ἀπέφηνα,
987 1818 1031 1898 ὡς
1054 1818 1107 1886 καὶ

102 1931 301 2004 κατηγορεῖν
316 1918 485 1985 δύνασθαι
500 1920 554 1985 καὶ
576 1920 652 2003 περὶ
670 1924 737 1984 τῶν
753 1920 867 2004 νόμων
885 1922 1106 2003 διαλέγεσθαι.

9 2080 10 2086 ,
103 2023 232 2101 μᾶλλον
246 2016 282 2081 δὲ
293 2012 383 2103 ὁρᾷς,
397 2010 424 2082 ό
436 2016 550 2100 πάτερ,
565 2012 602 2081 τό
615 2016 839 2101 παράδειγμα·
863 2022 1017 2083 τοιοῦτον
1028 2013 1108 2081 ὅντα

104 2132 142 2178 σε
155 2108 237 2194 παρ’
259 2108 374 2197 ὀλίγον
391 2117 444 2180 οἵα
460 2121 526 2180 νῦν
540 2112 561 2198 ή
577 2112 665 2200 γυνή
682 2114 765 2198 ἐστι,
789 2110 873 2198 πρδς
893 2110 955 2197 τήν
970 2109 1108 2194 ἀρχαίαν

105 2211 274 2296 φρόνησιν
288 2213 509 2298 ἐπανήγαγον.
531 2210 572 2280 ού
586 2209 626 2298 δή
646 2215 791 2295 δίκαιον,
811 2209 969 2295 τοιαύτην
981 2235 1037 2294 μοι
1051 2234 1109 2292 γε·

104 2312 227 2376 νέσθαι
241 2307 302 2395 τήν
316 2307 461 2396 ἀμοιβήν
475 2307 546 2376 ἀντ’
565 2313 702 2378 ἐκείνων
716 2307 794 2376 οὐδὲ
810 2308 883 2376 κατ’
899 2310 981 2393 ἐμοῦ
995 2327 1032 2373 σε
1047 2305 1089 2391 μό
1108 2345 1110 2351 ·

105 2432 170 2475 νου
180 2422 385 2492 σωφρονεῖν·
407 2405 458 2474 ὅτι
471 2408 535 2492 γὰρ
546 2406 589 2493 μή
605 2407 706 2493 μικρὰ
717 2405 774 2475 ὑπ’
789 2410 870 2494 ἐμοῦ
881 2404 1107 2495 εὐηργέτησαι,
1128 2424 1179 2479 172

104 2508 161 2574 καὶ
179 2503 236 2572 ἀπ’
255 2504 366 2572 αὐτῶν
383 2496 431 2571 ιὺν
454 2508 600 2591 ἐγκαλεῖς
617 2507 721 2592 δῆλόν
738 2510 842 2575 ἐστιντ
877 2505 917 2575 δν
932 2504 997 2593 γὰρ
1015 2504 1059 2583 ὡς
1074 2506 1111 2571 ἐν

106 2604 256 2689 ἐσχάτοις
276 2598 384 2671 οὖσαν
403 2602 465 2689 τήν
485 2617 628 2688 γυναῖκα
647 2608 703 2673 καὶ
724 2606 950 2691 παμπονήρως
970 2612 1112 2690 ἔχουσαν

109 2701 172 2769 ούκ
195 2702 339 2787 ίόμενον
359 2714 479 2788 μισεῖς,
502 2708 571 2779 πως
585 2700 627 2768 ού
647 2701 735 2771 πολὺ
755 2711 899 2790 μᾶλλον,
921 2701 972 2770 ότι
989 2722 1025 2768 σε
1044 2708 1111 2768 τῶν

107 2800 235 2886 ὁμοίων
250 2798 435 2887 ἀπήλλαξα,
453 2799 669 2888 ὑπεραγαπᾷς
685 2804 739 2869 καὶ
752 2800 851 2887 χύριν
865 2799 1035 2887 ὁμολογεῖς
1045 2805 1112 2864 τῶν

109 2898 198 2967 οὑτω
212 2904 334 2965 δεινῶν
346 2896 613 2985 ἀπηλλαγμένως
633 2896 676 2965 σύ
693 2902 746 2984 δέ,
764 2897 846 2980 ὅπερ
858 2896 1112 2984 ἀγνωμονέστα-

107 3024 185 3080 τον,
208 2998 430 3082 σωφρονήσας
452 2994 557 3080 εύθὺς
574 3003 619 3075 είς
641 2996 854 3081 δικαστήριον
870 2994 962 3080 ἀγεις
980 2997 1034 3062 καὶ
1056 3014 1112 3061 σε-

108 3100 279 3182 σωσμένος
293 3096 439 3175 κολάζεις
455 3098 510 3163 καὶ
525 3098 577 3164 ἐπὶ
592 3093 628 3164 τό
646 3093 783 3180 ἀρχαῖον
799 3098 905 3162 ἐκεῖνο
921 3109 1014 3180 μῖσος
1029 3091 1112 3161 ἀνα-

108 3199 232 3281 τρέχεις
247 3198 301 3262 καὶ
315 3192 375 3261 τὸν
389 3192 493 3261 αὐτὸν
507 3193 749 3280 ἀναγινώσκεις
762 3192 875 3278 νόμον.
904 3191 1007 3261 καλόν
1027 3200 1112 3279 γοῦν

109 3292 169 3362 τόν
191 3290 318 3379 μισθόν
338 3289 503 3370 ἀποδίδως
522 3301 562 3381 τῇ
583 3296 679 3381 τέχνη
697 3294 752 3359 καὶ
773 3289 863 3370 ἀξίας
883 3288 1023 3378 ἀμοιβὰς
1045 3299 1112 3359 τῶν

110 3391 299 3478 φαρμύκων
313 3394 365 3459 ἐπὶ
378 3387 438 3458 τδν
452 3388 566 3477 ἰατρὸν
580 3390 743 3476 ὑγιαίνων
754 3390 869 3477 μόνον.
896 3396 943 3460 15.
958 3388 1052 3477 ὑμεῖς
1065 3395 1111 3477 δέ,
