2575 3842
404 194 521 251 ΠΕΡΙ
545 192 819 252 ΟΡΧΗΣΕΩΣ.
1054 193 1112 257 161

103 357 209 417 ταῦτα
224 361 361 436 είσεται,
378 353 432 418 καί
445 349 484 416 τά
501 351 647 434 νεώτερα
663 349 699 417 δὲ
713 349 774 417 ὅσα
789 350 869 436 μετὰ
882 351 943 438 τήν
958 358 1116 422 Μακεδό-

104 473 178 513 νων
192 444 297 533 ἀρχήν
319 448 486 533 ἐτολμήθη
505 445 572 515 ῦπό
588 473 622 513 τε
640 446 859 534 Ἀντιπάτρου
872 453 926 518 καὶ
940 453 1030 536 παρά
1047 461 1115 520 Σε-

104 546 230 613 λεῦκου
242 549 293 613 έπί
308 553 353 636 τῷ
367 551 589 631 Στρατονίκης
601 550 706 629 ἔρωτι.
729 551 778 613 59.
795 545 834 613 τά
845 546 909 632 γάρ
922 554 1115 633 Αἰγυπτίων

105 642 336 728 μυστικώτερα
352 642 432 711 όντα
449 652 568 710 εἴσεται
584 648 662 727 μέν,
683 644 972 729 συμβολικώτερον
991 644 1026 711 δέ
1043 647 1114 710 ἐπι-

107 745 261 825 δείξεται,
282 738 343 807 τὸν
355 739 511 824 Ἔπαφον
525 743 609 824 λέγω
626 743 679 806 καὶ
695 738 892 827 τόνὍσιριν
907 745 962 809 καὶ
976 740 1033 819 τάς
1049 748 1116 808 τῶν

107 843 201 904 θεῦν
212 844 258 917 είς
268 837 308 906 τά
324 844 388 927 ζῷα
399 836 598 924 μεταβολάς·
621 834 685 922 πρὸ
701 839 837 904 πόντων
850 838 885 906 δὲ
895 836 935 904 τά
948 840 1020 924 περὶ
1036 834 1113 914 τοῦς
1130 853 1183 907 300

108 940 233 1021 ἔρωτας
253 933 365 1003 αὐτῶν
381 937 435 1002 καλ
458 932 562 1001 αὐτοῦ
583 942 644 1001 τοῦ
662 932 746 1012 Διὸς
765 937 820 1001 καὶ
841 939 887 1013 είς
910 933 972 1001 ὅσα
995 932 1114 1002 ἑαυτὸν

107 1031 359 1116 μετεσκεύασεν.
381 1038 432 1100 60.
453 1040 573 1099 είσεται
589 1031 625 1099 δὲ
646 1034 700 1099 καὶ
721 1029 783 1117 τὴν
798 1035 835 1099 ἐν
847 1031 963 1100 ’Ἅιδου
981 1031 1114 1098 ἅπασαν

108 1134 297 1219 τραγῳδίαν
311 1134 365 1198 καί
376 1127 434 1208 τάς
448 1131 599 1207 κολάσεις
610 1133 664 1197 καὶ
677 1129 735 1207 τάς
747 1127 801 1214 ἐφ’
815 1131 934 1217 ἑκάστη
945 1136 1049 1206 αίτίας
1060 1131 1114 1196 καί

108 1224 171 1312 τήν
193 1233 360 1308 Πειρίθου
384 1230 438 1295 καὶ
463 1231 596 1313 Θησέως
620 1226 696 1312 ἀχρι
720 1235 782 1294 τοῦ
799 1228 914 1294 ’Ἅιδου
940 1229 1112 1312 ἑταιρείαν.

107 1330 159 1392 61.
176 1325 352 1393 συνελόντι
364 1325 399 1392 δέ
416 1331 536 1408 εἰπεῖν,
556 1323 657 1392 οῦδὲν
669 1331 737 1391 τῶν
748 1321 812 1390 ῦπδ
827 1330 888 1390 τοῦ
896 1323 1045 1410 Ὁμήρου
1060 1324 1115 1390 καὶ

103 1417 261 1491 Ἡσιόδου
276 1426 407 1491 καὶτῶν
421 1421 565 1508 ἀρίστων
580 1430 727 1507 ποιητῶν
742 1423 797 1489 καί
810 1422 950 1508 μάλιστα
963 1429 1020 1506 της
1034 1447 1115 1506 τρα-

106 1524 231 1610 γῳδίας
244 1523 434 1606 λεγομένων
447 1519 613 1606 ἀγνοήσει.
640 1526 743 1586 ταῦτα
762 1518 853 1586 ποίνυ
871 1516 965 1603 ὀλίγα
981 1523 1016 1586 ἐκ
1032 1527 1115 1586 πολ-

108 1625 194 1702 λῶν,
207 1625 334 1704 μᾶλλον
346 1620 381 1685 δὲ
393 1615 539 1704 ἀπείρων
550 1614 586 1683 τό
600 1624 729 1702 πλῆθος
741 1614 862 1695 ἐξελῦν
873 1614 913 1683 τά
924 1626 1115 1701 κεφαλαιω-

109 1717 245 1800 δέστερα
262 1719 431 1800 κατέλεξα,
452 1714 491 1782 τοὶ
508 1714 591 1784 ἀλλα
607 1729 675 1792 τοῖς
694 1740 729 1781 τε
744 1729 892 1800 ποιηταῖς
907 1713 1002 1800 ἀφείς
1021 1713 1115 1802 ᾄδειν

108 1813 250 1888 καὶτοῖς
272 1808 443 1897 ὀρχησταῖς
464 1810 576 1890 αῦτοῖς
593 1813 765 1879 δεικνύναι
786 1815 840 1880 καλ
862 1815 913 1880 σοὶ
934 1815 1114 1896 προσεξευ-

108 1915 237 1994 ρίσκειν
248 1905 328 1976 καθ’
342 1905 517 1995 ὁμοιότητα
527 1918 595 1977 τοῖν
606 1911 867 1995 προειρημένων,
884 1907 968 1994 ἅπερ
984 1907 1115 2000 ἅπαντα
1173 1898 1177 1907 ’

107 2006 267 2092 πρόχειρα
282 2007 337 2074 καὶ
352 2005 435 2092 πρδς
450 2005 509 2074 τὸν
525 2004 644 2093 καιρόν
660 2008 799 2073 ἕκαστον
815 2013 859 2094 τῷ
877 2003 1018 2093 ὀρχηστῇ
1032 2030 1115 2090 προ,

109 2107 336 2191 πεπορισμένα
363 2107 418 2174 καλ
441 2105 744 2192 προτεταμιευμένα
764 2113 897 2170 κεῖσθαι
921 2100 1112 2186 ἀναγκαῖον.

108 2207 160 2268 62.
176 2203 246 2270 ἐπεὶ
258 2201 294 2272 δὲ
309 2202 483 2289 μιμητικός
498 2205 565 2269 ἐστι
580 2203 635 2269 καὶ
654 2201 811 2287 κινήμασι
829 2198 868 2267 τά
884 2198 1031 2289 ᾀδόμενα
1045 2203 1115 2266 δεί-

47 2375 55 2392 .
107 2304 177 2379 ξειν
192 2297 414 2387 ὑπισχνεῖται,
429 2298 611 2385 ἀναγκαῖον
625 2296 716 2386 αῦτςῦ
728 2295 811 2382 ὅπερ
821 2298 876 2364 καὶ
889 2311 957 2374 τοῖς
968 2296 1113 2383 ῥήτορσι,

107 2398 296 2486 σαφήνειαν
307 2396 436 2483 ἀσκεῖν,
455 2395 498 2476 ὡς
508 2402 648 2466 ἕκαστον
658 2402 726 2462 τεῦν
736 2398 964 2480 δεικνυμένων
979 2392 1038 2461 ὑπ’
1051 2390 1114 2459 αῦ-

108 2503 170 2563 τοῦ
191 2501 378 2582 δηλοῦσθαι
393 2495 535 2583 μηδενός
552 2500 712 2582 ἐξηγητοῦ
734 2493 911 2578 δεόμενον,
939 2489 1012 2560 ἀλλ’
1031 2490 1112 2576 ὅπερ
1130 2500 1180 2554 ³01

108 2600 173 2679 ἔφη
189 2591 206 2660 ὁ
221 2592 375 2672 Πυθικός
389 2596 550 2682 χρησμός,
572 2599 625 2662 δεῖ
635 2589 696 2658 τόν
715 2591 891 2676 θεεόμενον
907 2588 1044 2675 ὄρχησιν
1061 2592 1115 2656 καλ

109 2701 229 2779 κωφοῦ
246 2697 397 2761 συνιέναι
412 2697 466 2762 καί
481 2693 525 2781 μή
542 2696 717 2767 λαλέοντος
728 2695 805 2776 (τοῦ
816 2687 994 2775 ὀρχηστοῦ)
1010 2686 1114 2755 ἀκοῦ-

110 2819 170 2860 ειν.
191 2798 241 2862 63.
260 2791 279 2861 δ
293 2790 334 2879 δή
346 2795 401 2862 καί
412 2793 607 2879 Δημήτριον
621 2787 680 2855 τόν
692 2784 845 2855 Κυνικόν
859 2795 982 2854 παθεῖν
995 2789 1115 2869 λέγον-

109 2910 180 2958 σιν·
211 2893 278 2960 ἐπεὶ
293 2888 359 2977 γάρ
380 2892 435 2958 καὶ
452 2887 552 2966 αὐτὸς
569 2886 667 2972 ὅμοιά
684 2904 737 2950 σοι
750 2883 928 2969 κατηγόρει
947 2889 1003 2967 τῆς
1015 2878 1115 2964 ὀρχη-

108 2995 239 3074 στικῆς,
255 2993 361 3074 λέγων
372 2995 433 3057 τοῦ
447 2984 554 3054 αῦλοῦ
564 2986 620 3052 καὶ
630 2990 697 3050 τῶν
709 2989 879 3067 συρίγγων
890 2981 944 3047 καὶ
955 2985 1023 3045 τεῦν
1034 2977 1116 3044 κτῦ-

106 3109 182 3153 πων
196 3084 367 3171 πάρεργόν
383 3113 413 3152 τι
428 3083 487 3153 τόν
503 3078 668 3169 ὀρχηστήν
679 3077 780 3162 ελναι,
795 3082 900 3164 μηδὲν
914 3073 1018 3143 αῦτδν
1033 3072 1116 3161 πρὸς

106 3181 143 3250 τδ
160 3187 270 3269 δράμα
285 3190 524 3266 συντελοῦντα,
544 3180 750 3265 κινούμενον
761 3180 797 3245 δὲ
809 3177 934 3264 ἀλογον
945 3174 1052 3254 ἄλλως
1063 3180 1114 3242 κί-

105 3383 143 3447 δὲ
154 3377 349 3527 ἀνθρώποῖρ
359 3391 426 3457 τοῖς
438 3381 511 3465 περὶ
521 3375 556 3446 τό
568 3384 705 3465 πρᾶγμα
718 3378 981 3526 γοητευομένοίιί,
997 3375 1110 3459 έσθητι

191 3489 295 3528 wem.
342 3511 349 3525 .
