2575 3842
172 182 277 240 ΠΩΣ
294 184 383 242 ΔΕΙ
401 184 647 242 ΙΣΤΟΡΙΑΝ
665 185 996 242 ΣΤΓΓΡΑΦΕΙΝ.
1045 178 1084 242 ll

28 345 35 362 '
90 347 186 418 λωνος
210 341 297 427 υίός,
317 339 488 409 Ἀπόλλων
508 343 544 408 δὲ
565 346 786 429 Μουσηγέτης
808 346 864 412 καὶ
880 345 987 427 πάσης
1007 365 1086 407 παι-

89 442 168 516 δείας
183 437 308 524 άργων·
331 441 385 506 καὶ
400 436 450 505 ότι
467 435 652 524 ἀρξάμενος
668 443 704 506 ἐν
719 448 758 529 τῇ
773 439 851 508 Ἰάδι
861 439 1006 526 γράφειν
1022 432 1086 504 οὐκ

88 535 153 602 οἶδα
169 534 188 602 ό
205 562 239 602 ,τι
260 535 361 616 δόξαν
379 533 495 603 αὐτίκα
510 537 599 621 μάλα
620 540 672 604 ἐπὶ
692 536 753 622 τὴν
774 535 891 622 κοινὴν
908 544 1084 623 μετῆλθεν,

88 640 225 718 ἰητρείην
240 632 301 718 μὲν
318 637 424 719 λέγων
439 633 493 700 καὶ
507 639 625 718 πείρην
640 636 695 701 καὶ
712 631 815 701 ὁκόσα
830 634 885 700 καὶ
896 640 1029 714 νοῦσοι,
1044 627 1083 696 τά

90 731 116 799 δ’
135 731 216 800 άλλα
240 729 411 815 ὁμοδίαιτα
438 743 505 808 τοῖς
525 738 659 809 πολλοῖς
675 735 733 798 καὶ
760 729 799 798 τοὶ
821 740 955 800 πλεῖστα
976 725 1028 797 οἷα
1049 732 1085 795 ἐκ

89 829 226 913 τριόδου.

163 930 211 994 17.
234 931 278 992 Ec
292 927 331 991 δέ
347 949 387 1009 με
405 927 456 990 δεῖ
476 927 530 990 καὶ
551 931 661 1009 σοφοῦ
675 924 798 1011 άνδρδς
813 931 1022 1012 μνησθῆναι,
1046 919 1082 988 τό

88 1025 141 1106 μὲν
158 1021 263 1105 όνομα
279 1023 315 1087 ἐν
328 1017 453 1105 ἀφανεῖ
465 1028 605 1105 κείσθω,
623 1017 686 1107 την
698 1023 837 1108 γνώμην
847 1023 883 1088 δὲ
894 1024 960 1104 ἐρῶ
974 1020 1028 1086 καὶ
1043 1015 1082 1083 τά

88 1121 194 1210 πρώην
209 1124 246 1188 ἐν
262 1129 420 1211 Κορίνθῳ
435 1122 691 1208 συγγράμματα,
718 1131 856 1209 κρείττω
870 1123 977 1208 πάσης
993 1124 1084 1188 ἐλπί-

88 1221 152 1294 δος·
178 1219 215 1284 ἐν
229 1215 314 1304 ἀρχῇ
328 1217 390 1304 μὲν
407 1214 471 1303 γάρ
489 1216 593 1297 εὐθὺς
609 1221 646 1286 ἐν
661 1227 701 1308 τῇ
715 1211 829 1309 πρώτη
846 1227 907 1288 τοῦ
923 1224 1082 1305 φροιμίου
1097 1225 1131 1279 16

88 1315 220 1404 περιόδφ
230 1315 447 1400 συνηρώτησε
458 1314 536 1394 τούς
545 1314 836 1402 ἀναγινώσκοντας
848 1319 950 1403 λόγον
960 1317 1083 1383 πάνσο·

88 1438 146 1494 φον
161 1418 263 1493 δεῖξαι
279 1413 449 1499 σπεύδων,
468 1412 511 1492 ὡς
524 1415 615 1505 μόνφ
632 1412 676 1482 άν
689 1425 735 1507 τῷ
749 1423 844 1507 σοφῷ
858 1418 978 1501 πρέποι
992 1418 1083 1481 ίστο-

89 1516 155 1588 ρίαν
170 1511 389 1596 συγγράφειν.
421 1509 488 1577 εἶτα
502 1510 583 1596 μετά
601 1511 722 1599 μικρόν
737 1511 835 1590 ἄλλος
852 1509 1082 1595 συλλογισμός,

88 1603 145 1671 εἶτα
157 1605 272 1686 άλλος·
296 1609 350 1675 καὶ
365 1605 450 1686 ὅλως
462 1611 498 1675 ἐν
508 1607 629 1676 ἅπαντι
642 1611 780 1697 σχήματι
794 1608 1008 1696 συνηρώτητο
1020 1603 1082 1674 αό-

88 1710 124 1790 τῷ
135 1701 168 1769 τό
181 1711 369 1790 προοίμιον.
392 1703 429 1772 τὸ
441 1712 497 1791 τῆς
508 1714 682 1786 κολακείας
691 1711 723 1786 ἐς
733 1709 847 1793 κόρον,
859 1711 914 1776 καὶ
924 1704 964 1774 τά
977 1703 1082 1791 ε’γκώ-

88 1826 137 1882 μια
151 1799 292 1888 φορτικά
311 1806 365 1870 καί
385 1808 504 1892 κομιδῇ
525 1807 752 1890 βωμολοχικά,
779 1803 842 1874 οὐκ
862 1803 1082 1889 ἀσυλλόγιστα

88 1903 203 1986 με’ντοι,
230 1897 316 1967 ἄλλά
336 1906 596 1988 συνηρωτημένα
617 1900 761 1970 κάκεῖνα.
796 1901 934 1989 καὶμὴν
948 1899 1081 1968 κάκεῖνο

88 1993 236 2080 φορτικόν
256 2001 346 2076 ἔδοξέ
359 2024 415 2083 μοι
432 2001 486 2066 καὶ
506 1998 622 2085 ἥκιστα
645 2007 740 2090 σοφῷ
760 1998 857 2082 άνδρὶ
874 2003 929 2066 καί
944 1998 1081 2082 πώγωνι

88 2099 180 2181 πολιῷ
195 2097 251 2160 καὶ
266 2100 370 2180 βαθεῖ
380 2100 524 2183 πρέπον,
547 2097 584 2182 τὸ
602 2101 638 2166 ἐν
656 2105 701 2188 τῷ
716 2104 879 2186 προοιμίφ
896 2102 1016 2178 εἰπεῖν,
1039 2091 1081 2171 ώς

88 2191 242 2277 ἐξαίρετον
256 2201 354 2262 τοῦτο
367 2197 430 2275 ἕξει
442 2194 459 2263 ὁ
472 2194 626 2282 ἡμέτερος
641 2195 762 2281 άρχων,
779 2188 820 2262 οὗ
831 2221 868 2280 γε
879 2191 937 2271 τὰς
947 2192 1081 2276 πράξειε·

62 2339 64 2348 ,
88 2291 134 2354 καὶ
150 2290 328 2375 φιλόσοφοι
346 2290 409 2378 ἤδη
427 2294 641 2379 συγγράφειν,
658 2291 802 2374 ἀξιοῦσι·
831 2293 867 2360 τό
889 2289 953 2378 γάρ
969 2297 1079 2358 τοιοῦ-

87 2411 152 2472 τον,
167 2397 258 2472 είπερ
271 2387 352 2475 άρα,
369 2389 449 2477 ἡμῖν
460 2396 524 2459 ἔδει
539 2401 730 2460 καταλιπεῖν
742 2397 931 2477 λογίζεσθαι
944 2385 966 2475 ἢ
978 2386 1080 2456 αὐτόν

88 2489 189 2554 εἰπεῖν.
214 2492 263 2556 18.
280 2491 335 2556 καὶ
350 2485 416 2575 μὴν
431 2487 504 2557 οὐδ’
523 2493 653 2558 ἐκείνου
669 2486 764 2556 όσιον
778 2486 1026 2573 ἀμνημονῆσαι,
1044 2483 1081 2564 ός

87 2583 208 2651 τοιάνδε
230 2583 335 2671 ἀρχὴν
350 2586 487 2673 ἤρξατο·
520 2585 690 2674 ,ζἘργομαι
708 2589 811 2668 ἐρέων
825 2587 901 2672 περὶ
913 2584 1080 2670 Ῥωμαίων

88 2683 133 2747 καὶ
147 2688 338 2768 Περσέων,“
356 2688 411 2754 καὶ
424 2684 546 2773 μικρόν
562 2685 720 2767 ὕστερον·
749 2689 843 2768 »ἔδεε
856 2681 920 2770 γάρ
933 2688 1081 2772 Πέρσησι

89 2781 235 2860 γενέσθαι
246 2790 389 2867 κακώςίί,
405 2787 460 2852 καὶ
470 2784 586 2852 πάλιν·
609 2776 676 2869 ,ἦν
687 2780 839 2868 Ὀσρόης,
855 2780 915 2850 τόν
926 2780 1082 2868 οίἝλλη-

88 2901 134 2954 νεῖ
145 2877 302 2969 Ὀξυρόην
315 2880 528 2968 όννμέονσάί,
544 2885 597 2950 καὶ
608 2881 691 2950 ἄλλα
703 2880 808 2950 πολλοὶ
818 2889 964 2949 τοιαῦτα.
986 2879 1079 2970 ὁρᾷς;
1097 2899 1130 2956 27

89 2970 191 3057 ὅμοιος
206 2977 306 3059 αὐτὸς
318 2984 448 3070 ἐκείνφ,
467 2980 545 3067 παρ’
559 2983 640 3048 ὅσον
652 2979 670 3047 ὁ
683 2981 745 3067 μὲν
757 2985 965 3069 Θουκυδίδῃ,
983 2973 1081 3058 οὖτος

90 3072 118 3138 δὲ
134 3071 297 3169 Ἡροδότῳ
315 3074 353 3146 εὖ
373 3080 461 3165 μάλα
483 3080 585 3169 ἕςόκει.
622 3085 670 3148 19.
688 3079 788 3158 άλλος
801 3105 849 3157 τις
863 3077 1012 3165 άοίδιμος
1029 3081 1081 3146 ἐπὶ

89 3168 189 3254 λόγων
198 3176 338 3262 δυνάμει
349 3180 540 3266 Θουκυδίδη
549 3180 603 3246 καὶ
612 3175 712 3256 αὐτός
722 3175 835 3263 ὅμοιος
845 3173 867 3263 ἢ
877 3176 977 3267 ὀλίγῳ
987 3175 1081 3263 άμει-

90 3289 151 3332 νων
166 3270 285 3359 αὐτοῦ,
308 3276 414 3354 πάσας
437 3276 549 3354 πόλεις
569 3279 623 3344 καὶ
639 3277 747 3343 πάντα
770 3274 832 3362 όρη
847 3280 902 3345 καί
915 3281 1012 3345 πεδία
1026 3279 1081 3345 καὶ

91 3369 247 3455 ποταμοὺς
263 3374 467 3460 ἑρμηνεύσας
483 3373 565 3460 πρός
588 3374 624 3443 τὸ
643 3378 852 3462 σαφέστατον
871 3379 925 3444 καὶ
944 3375 1081 3461 ίσχνρό-
