2575 3842
400 163 676 221 AOPKIOZH
700 163 839 222 ΟΝΟΣ.
1064 161 1127 224 329

106 337 200 412 χεῖρα
217 327 277 390 τοῦ
294 321 468 390 δεσπότου.
498 326 549 390 43.
566 319 685 399 λεπτδς
705 315 770 388 οὖν
786 322 878 389 πάνυ
899 329 1055 409 γίγνομαι
1072 325 1126 391 καὶ

106 417 258 505 ἀσθενὴς
273 425 318 508 τῷ
334 417 579 504 σῶματι,·ο5’στε
595 424 682 504 ἔγνω
696 445 737 505 με
752 417 770 486 ὁ
785 420 946 505 δεσπότης
962 427 1124 507 πωλῆσαι,

107 523 164 588 καὶ
178 517 375 587 ἀποδίδοταί
382 544 423 604 με
438 516 610 609 ἀνθρώπω
623 526 782 608 κηπουρῷ
794 517 856 605 την
870 523 1003 606 τέχνην·
1026 512 1125 600 οὗτος

106 617 173 704 γάρ
190 615 253 704 εἶχε
271 624 379 702 κῆπον
400 614 514 704 λοβῶν
530 632 700 703 γεωργεῖν.
729 617 784 684 καὶ
803 623 901 684 τοῦτο
918 625 1050 704 είχομεν
1067 624 1124 701 ἔρ-
1143 629 1190 683 611

108 741 188 802 γον·
217 713 234 781 ὁ
252 713 413 800 δεσπότης
428 715 537 782 ἕωθεν
552 716 680 792 ἐπιθείς
696 740 753 799 μοι
773 712 812 780 τά
829 714 956 800 λάχανα
976 711 1126 800 ἐκόμιζεν

109 818 157 890 είς
171 809 233 898 τὴν
248 809 392 898 ἀγοράν,
413 813 467 880 καὶ
482 809 654 895 παραδοὺς
668 825 736 888 τοῖς
756 817 860 878 ταῦτα
876 810 1126 896 πιπράσκουσιν

108 903 173 995 ἦγέ
185 935 225 995 με
237 911 339 978 πάλιν
354 915 399 988 είς
410 908 469 977 τὸν
485 919 601 996 κῆπον.
627 907 694 977 εἶτα
706 913 832 987 ἐκεῖνος
845 911 907 995 μὲν
917 912 972 978 καὶ
984 915 1126 978 ἔσκαπτε

109 1009 165 1074 καλ
188 1005 329 1091 ἐφάτευε
350 1009 404 1075 καὶ
425 1005 462 1076 τό
484 1005 577 1090 ὕδωρ
594 1016 640 1098 τῶ
663 1015 758 1097 φυτῷ
780 1010 919 1093 ἐπῆγεν,
945 1005 1009 1093 ἐγῶ
1029 1009 1065 1076 δὲ
1088 1008 1125 1073 ἐν

109 1104 218 1194 τούτῳ
237 1104 401 1190 είστήκειν
413 1102 524 1192 ἀργός.
547 1099 591 1194 ἦν
603 1109 640 1173 δι’
649 1132 706 1192 μοι
723 1109 841 1184 δεινῶς
854 1102 1009 1190 ἀλγεινδς
1020 1101 1038 1171 ὁ
1050 1102 1125 1171 τότε

110 1209 198 1289 βίος·
213 1209 347 1288 πρῶτον
359 1203 421 1289 μὲν
433 1205 503 1274 ἐπεὶ
513 1201 636 1290 χειμῶν
647 1205 712 1290 ἤδη
722 1196 766 1289 ἦν
777 1200 930 1281 κάκεῖνος
942 1200 1022 1270 οὐδὲ
1033 1199 1124 1290 αὐτῷ

110 1306 246 1386 στρῶμα
263 1297 348 1386 εἶχεν
369 1299 532 1387 ἀγοράσαι
548 1299 609 1389 οὐχ
626 1300 716 1380 ὅπως
732 1305 821 1388 ἐμοί,
843 1303 897 1369 καὶ
914 1297 1124 1384 ἀνυπόδητος

109 1395 218 1482 πηλόν
233 1394 341 1484 ὑγρόν
356 1400 410 1466 καὶ
424 1400 534 1486 πάγον
551 1397 699 1486 σκληρόν
714 1402 769 1468 καὶ
784 1395 866 1480 όξύυ
883 1397 1046 1478 ἐπάτουν,
1069 1397 1123 1463 καὶ

112 1509 232 1579 φαγεῖν
248 1502 346 1562 τοῦτο
358 1495 466 1581 μόνον
481 1494 681 1581 ἀμφοτέροις
697 1487 740 1581 ἦν
756 1499 921 1578 θρίδακας
935 1490 1057 1577 πικράς
1069 1495 1123 1560 καὶ

111 1593 265 1676 σκληράς.
295 1595 346 1658 44.
363 1599 421 1659 καί
438 1617 518 1660 ποτε
535 1592 691 1672 ἐξιόντων
710 1589 805 1678 ἡμῶν
824 1593 857 1670 ἐς
876 1589 938 1676 τὴν
952 1590 1052 1658 πόλιν
1067 1593 1123 1657 ἐν·
1146 1636 1152 1646 ·

111 1687 268 1771 τυγχάνει
279 1683 364 1772 ἀνὴρ
375 1702 529 1772 γενναῖος
540 1688 744 1771 στρατιώτου
754 1687 877 1776 στολην
887 1685 1122 1774 ἠμφιεσμένος,

111 1786 167 1852 καὶ
180 1781 219 1851 τά
237 1783 298 1869 μὲν
313 1792 427 1869 πρῶτα
442 1794 536 1854 λαλεῖ
549 1783 633 1868 πρός
648 1783 734 1872 ἡμᾶς
747 1794 787 1874 τῇ
804 1784 937 1854 Ἰταλῶν
952 1793 1051 1874 φωνῇ
1068 1786 1123 1852 καί

110 1883 208 1970 ἤρετο
220 1880 280 1952 τόν
292 1881 466 1971 κηπουρὸν
482 1881 559 1952 όποι
573 1881 694 1969 ἀπάγει
708 1881 768 1952 τδν
783 1883 865 1951 όνον
879 1887 951 1969 ίμί·
974 1881 992 1950 ὁ
1010 1885 1056 1965 δι’,
1073 1879 1123 1948 οί-

111 2007 186 2066 μαι,
201 1987 385 2068 τῆςφωνῆς
400 1979 542 2066 ἀνόητος
559 1976 606 2048 τόν
622 1978 723 2048 οὐδὲν
736 1979 955 2068 ἀπεκρίνατο·
978 1977 996 2045 ὁ
1013 1977 1049 2045 δὲ
1063 1975 1123 2059 ὀρ-

110 2079 297 2164 γιζόμενος,
321 2077 364 2158 ὡς
378 2079 650 2165 ὑπερορώμενος,
673 2085 762 2146 παίει
778 2085 818 2166 τῇ
835 2078 969 2164 μάστιγι
984 2072 1045 2142 τόν
1061 2101 1123 2160 κη-

111 2176 257 2262 πουρόν,
281 2175 434 2257 κάκεῖνος
450 2181 670 2263 συμπλέκεται
691 2175 780 2266 αὐτῷ
796 2179 851 2244 καὶ
872 2178 908 2243 ἐκ
924 2181 992 2242 τῶν
1008 2177 1123 2240 ποδῶν

112 2281 156 2352 είς
177 2271 238 2360 τὴν
255 2272 338 2343 ὁδόν
361 2273 559 2354 ὑποσπάσας
579 2278 732 2360 ἐκτείνει,
758 2277 813 2343 καὶ
830 2281 985 2360 κείμενον
1006 2279 1121 2341 ἔπαιεν

111 2371 198 2440 οὕτω
213 2375 268 2440 καὶ
284 2377 366 2460 χειρὶ
384 2376 438 2443 καὶ
459 2379 536 2442 ποδὶ
554 2376 608 2442 καλ
625 2380 713 2463 λίθω
732 2380 777 2464 τῷ
794 2376 829 2440 ἐκ
849 2380 907 2459 τῆς
922 2369 1006 2440 ὁδοῦ
1016 2399 1023 2413 ·
1051 2369 1066 2439 ὁ
1085 2372 1121 2439 δὲ

110 2468 148 2537 τά
163 2478 277 2556 πρῶτα
292 2475 346 2540 καλ
359 2471 558 2560 ἀντεμάχετο
570 2478 625 2543 καὶ
639 2472 782 2560 ἠπείλει,
801 2480 832 2542 εί
841 2470 1019 2559 ἀνασταίη,
1036 2468 1122 2538 ἀπο-

111 2585 238 2636 κτενεῖν
255 2577 294 2658 τῇ
314 2577 472 2660 μαχαίρᾳ·
502 2569 519 2640 ὁ
541 2573 577 2640 δὲ
594 2571 705 2656 ῶσπερ
722 2569 780 2639 ὑπ’
800 2569 906 2638 αὐτοῦ
921 2573 1053 2639 ἐκείνου
1069 2574 1122 2636 δι-

112 2671 260 2752 δαχθείς,
282 2665 317 2734 τδ
344 2666 623 2755 ἀκινδυνότατον,
649 2679 716 2759 σπᾷ
736 2669 798 2756 τὴν
824 2669 991 2757 μάχαιραν
1014 2666 1120 2736 αὐτοῦ
1140 2683 1191 2738 612

112 2767 164 2831 καὶ
181 2769 291 2850 ῥιπτεῖ
307 2766 440 2853 πόρρω,
471 2766 540 2835 εἶτα
560 2761 661 2846 αὖθις
682 2775 775 2836 ἔπαιε
791 2775 954 2854 κείμενον.
984 2765 1003 2834 ὁ
1026 2768 1061 2835 δὲ
1083 2763 1120 2832 τό

7 2851 8 2868 ¹
111 2861 215 2929 κακόν
230 2859 320 2945 ὁρῶν
330 2862 394 2950 ἤδη
405 2864 578 2951 ἀφόρητον
593 2867 751 2946 ψεύδεται
764 2865 808 2944 ῶς
819 2863 992 2951 τεθνηκῶς
1003 2866 1041 2932 ἐν
1052 2878 1122 2942 ταῖς

112 2970 265 3046 πληγαῖς
290 2960 361 3029 ὁδε
382 2967 492 3041 δείσας
513 2966 564 3032 ἐπὶ
585 2965 692 3055 τούτῳ
709 2962 769 3032 τόν
782 2965 845 3050 μὲν
866 2962 971 3031 αὐτοῦ
990 2961 1035 3040 ῶς
1057 2961 1121 3047 εἶχε

111 3067 264 3147 κείμενον
280 3059 469 3146 ἀπολείπει,
491 3061 552 3148 τὴν
567 3063 603 3129 δὲ
618 3062 784 3149 μάχαιραν
799 3061 967 3149 βαστάσας
982 3059 1033 3129 ἐπ’
1050 3062 1122 3144 ἐμοὶ

111 3160 256 3246 ἤλαυνεν
268 3163 299 3238 ἐς
311 3157 372 3246 τὴν
383 3160 492 3228 πόλιν.
515 3165 566 3228 45.
584 3159 627 3241 ὡς
640 3163 676 3229 δὲ
687 3160 856 3248 ἤλθομεν,
871 3159 931 3230 τόν
943 3163 1004 3248 μὲν
1014 3167 1122 3247 κῆπον

112 3255 216 3325 αὐτοῦ
227 3267 381 3349 συνεργῷ
395 3284 460 3326 τινι
471 3260 616 3327 ἐπέδωκε
626 3276 799 3348 γεωργεῖν,
818 3258 918 3340 αὐτὸς
930 3262 966 3328 δὲ
977 3256 1037 3328 τόν
1047 3265 1122 3327 κίν-

112 3361 216 3424 δυνον
231 3355 291 3430 τόν
309 3359 345 3425 ἐκ
365 3364 423 3444 τῆς
438 3355 520 3426 ὁδοῦ
534 3355 651 3439 δεδιοδς
667 3360 847 3448 κρύπτεται
865 3356 933 3445 άμα
948 3359 1020 3445 ἐμοὶ
1036 3355 1121 3444 πρός
