2575 3842
173 176 235 239 162
486 229 489 236 .
530 177 833 238 ΛΟΥΚΙΑΝΟΊ

171 343 304 425 Σηρική
318 338 373 404 καὶ
382 343 581 426 προσωπείῳ
593 335 760 421 εὐπρεπεῖ,
776 334 869 426 αὐλῷ
879 365 915 405 τε
925 339 980 406 καὶ
990 345 1184 425 τερετίσμα-

171 455 204 501 σι
220 434 275 501 καί
290 441 331 522 τή
345 441 413 501 των
430 433 583 523 ᾀδόντων
598 432 765 522 εὐφωνίᾳ,
792 430 842 513 οἷς
864 445 1064 522 κοσμεῖσθαι
1078 439 1185 522 μηδὲν

171 527 213 598 ὀν
229 529 266 599 τό
284 539 347 598 τοῦ
363 531 527 617 ὀρχηστοῦ
543 539 696 618 πρᾶγμα·
727 527 745 597 ὑ
768 531 843 598 τότε
859 531 943 600 κατὰ
963 530 1024 601 τόν
1039 537 1183 619 Νέρωνα

172 627 359 716 εὐδοκιμῶν
376 627 536 716 ὀρχηστής
557 627 620 696 οῦκ
640 629 819 714 ἀσύνετος,
847 628 892 709 ὥς
910 650 1030 717 φασιν,
1057 629 1132 699 ἀλλ’
1155 636 1185 698 εί

172 734 230 794 καί
247 752 296 804 τις
312 725 411 804 ἄλλος
429 734 466 795 ἔν
481 753 517 795 τε
533 732 679 815 ἱστορίας
692 727 806 816 μνήμη
822 732 876 797 καὶ
891 730 1054 816 κινήσεως
1068 730 1184 796 κάλλει

172 823 355 912 διενεγκών
366 825 489 911 ἐδεήῦη
504 832 565 894 τοῦ
575 831 772 912 Δημητρίου
787 823 1116 913 εὐγνωμονεστάτην,
1132 823 1183 893 οἰ-

102 935 154 989 ῖολ
173 952 249 1010 μαι,
271 922 333 1010 τήν
350 927 482 1009 δέησιν,
504 928 587 992 ἰδεῖν
607 921 833 1009 ὀρχούμενον,
856 930 968 992 ἔπειτα
984 938 1184 1010 κατηγορεῖν
1283 928 1284 931 ’

172 1020 295 1105 αὐτοῦ,
317 1023 373 1090 καὶ
393 1019 553 1107 ὑπέσχετό
570 1047 609 1106 γε
630 1019 714 1087 ἄνευ
728 1018 837 1089 αὐλοῦ
858 1025 913 1091 καὶ
930 1020 1088 1113 ᾀσμάτων
1109 1026 1184 1090 ἐπι·
1282 1032 1285 1060 ⁴

171 1124 343 1200 δείξασθαι
361 1117 467 1209 αὐτῷ·
491 1121 546 1188 καὶ
561 1117 669 1196 οὑτως
686 1121 855 1204 ἐποίησεν·
876 1117 1018 1206 ἡσυχίαν
1033 1118 1098 1207 γὰρ
1114 1135 1183 1198 τοῖς
1283 1190 1284 1203 ,

170 1243 205 1285 τε
220 1226 384 1286 κτυποῦσι
399 1220 454 1287 καὶ
474 1231 542 1295 τοῖς
558 1215 700 1284 αὐλοῦσι
717 1218 772 1282 καί
791 1215 883 1302 αὐτῷ
903 1225 1125 1304 παραγγείλας
1137 1220 1183 1306 τῷ

170 1323 258 1407 χορῷ
282 1314 382 1395 αὐτός
405 1314 460 1401 ἐφ’
487 1318 609 1384 ἑαυτοῦ
633 1312 802 1400 ὀρχήσατο
828 1313 890 1400 τήν
910 1312 1105 1402 Ἀφροδίτης
1127 1315 1184 1381 καὶ

170 1416 286 1497 ’Ἀρεος
297 1421 457 1502 μοιχείαν,
464 1411 580 1480 Ἥλιον
590 1411 764 1498 μηνύοντα
780 1414 835 1479 καὶ
842 1409 1029 1498 Ἥφαιστον
1044 1414 1183 1498 ἐπιβουέ

171 1511 313 1581 λεύοντα
328 1514 383 1579 καί
396 1525 464 1590 τοῖς
476 1515 608 1596 δεσμοῖς
619 1508 845 1596 ἀμφοτέρους,
863 1512 926 1597 τήν
937 1537 972 1579 τε
984 1510 1183 1597 Ἀφροδίτην

172 1613 225 1676 καὶ
245 1605 306 1675 τόν
324 1605 424 1694 Ἄρη,
453 1607 683 1692 σαγηνεύοντα
705 1609 760 1675 καὶ
778 1605 858 1685 τούς
875 1610 1061 1694 ἐφεστῶτας
1077 1605 1183 1685 θεοὺς

172 1710 312 1774 ἕκαστον
338 1702 466 1789 αὐτῶν,
495 1706 551 1772 καὶ
578 1708 782 1792 αἰδουμένην
807 1708 869 1791 μὲν
890 1702 952 1790 τήν
973 1702 1182 1792 Ἀφροδίτην,

172 1801 413 1871 ὑποδεδοικότα
424 1802 460 1869 δὲ
471 1803 526 1870 καὶ
540 1800 731 1870 ίκετεύοντα
740 1799 891 1887 τόνἎρη
902 1803 958 1870 καί
969 1800 1031 1869 ὅσα
1042 1809 1081 1891 τή
1092 1807 1184 1870 ίστο-

172 1909 227 1991 ρίφ
241 1901 345 1989 ταύτη
360 1901 557 1987 πρόσεστιν,
574 1898 657 1968 ὥστε
670 1897 732 1968 τόν
741 1900 938 1987 Δημήτριον
949 1899 1184 1986 ὑπερησθέντα

170 2016 238 2080 τοῖς
248 2003 460 2088 γιγνομένοις
472 2008 594 2069 τοῦτον
605 2006 744 2069 ἔπαινον
754 1998 942 2069 ἀποδοῦναι
955 1998 1016 2068 τόν
1027 2004 1184 2087 μέγιστον

170 2107 214 2188 τῷ
233 2098 392 2188 ὀρχηστῇ·
425 2098 589 2186 ἀνέκραγε
605 2095 671 2184 γὰρ
695 2100 751 2167 καὶ
772 2098 902 2186 μεγάλη
920 2107 960 2187 τῇ
981 2106 1080 2187 φωνή
1104 2096 1186 2166 ὐυε-

170 2199 355 2282 φθέγξατο,
370 2195 515 2282 Ἀκούω,
534 2195 711 2280 ἄνθρωπε,
727 2193 749 2262 δι’
763 2210 884 2280 ποιεῖς,
903 2193 964 2282 οὐχ
979 2194 1050 2279 ὁρῶ
1064 2198 1183 2283 μόνον,

170 2294 253 2363 ὀλλύ
269 2321 326 2379 μοι
347 2298 455 2372 δοκεῖς
475 2307 545 2370 ταῖς
561 2297 674 2379 χερσὶν
694 2290 809 2370 αὐταῖς
830 2302 953 2362 λαλεῖν.
987 2300 1037 2363 64.
1055 2297 1125 2363 ἐπεὶ
1146 2297 1184 2363 δὲ

169 2389 252 2459 κατὰ
269 2388 328 2457 τὸν
343 2391 490 2475 Νέρωνά
504 2393 603 2477 ἐσμεν
616 2398 663 2480 τῷ
678 2391 785 2481 λόγῳ,
800 2391 966 2477 βούλομαι
980 2395 1035 2462 καί
1050 2395 1183 2480 βαρβά-

171 2513 234 2573 ρου
246 2485 370 2574 ἀνδρὸς
381 2485 417 2554 τό
433 2489 486 2556 ἐπὶ
497 2495 558 2555 τοῦ
573 2485 680 2555 αὐτοῦ
691 2485 856 2574 ὀρχηστοῦ
865 2489 1052 2576 γευόμενον
1065 2495 1183 2575 είπεῑν,

171 2585 253 2669 ὅπερ
273 2587 426 2670 μέγιστος
441 2591 577 2664 ἔπαινος
593 2585 787 2672 ὀρχηστικῆς
802 2586 926 2672 γένοιτ’
945 2588 1005 2655 ὀιν·
1033 2585 1182 2673 τῶνγὰρ

99 2697 151 2753 303
172 2688 207 2752 ἐκ
224 2691 286 2750 τοῦ
298 2681 434 2750 Πόντου
447 2682 630 2770 βαρβάρων
650 2685 821 2770 βασιλικός
837 2712 886 2764 τις
902 2685 1084 2772 ἅνθρωπος
1098 2685 1183 2753 κατύ
1256 2687 1263 2698 “

169 2811 201 2853 τι
220 2783 314 2870 χρέος
333 2779 428 2868 ήκων
443 2779 487 2860 ὦς
507 2779 569 2849 τὸν
581 2784 726 2866 Νέρωνα
746 2786 865 2851 ἐθεᾶτο
883 2782 964 2870 μετὰ
983 2790 1052 2851 τῶν
1068 2781 1183 2852 ἄλλων

169 2881 229 2952 τὸν
243 2878 408 2970 ὀρχηστήν
421 2883 549 2950 ἐκεῖνον
560 2878 667 2960 οὕτως
679 2887 794 2967 σαφῶς
805 2879 1030 2968 ὀρχούμενον,
1048 2879 1093 2960 ὡς
1107 2889 1184 2950 κατ’-

168 3009 220 3050 τοι
237 2980 281 3069 μή
303 2981 512 3048 ἐπακούοντα
531 2987 599 3047 τοῖν
622 2976 848 3069 ᾀδομένωυ-
866 2977 1027 3066 ήμιέλληυ
1048 2980 1111 3067 γάρ
1132 3006 1184 3057 τις

170 3077 219 3149 οόν
234 3079 443 3166 ἐτύγχανε-
456 3093 608 3148 συνεῖναι
625 3077 795 3148 ἁπάντων.
817 3081 872 3148 καὶ
887 3077 927 3164 δή
944 3075 1054 3146 ὐπιεδν
1068 3075 1133 3164 ήδη
1148 3082 1184 3155 ἐς

169 3175 231 3265 τήν
244 3184 386 3263 οίκείαν,
402 3185 463 3245 τοῦ
479 3184 634 3263 Νέρωνος
645 3182 862 3265 δεξιουμένου
876 3174 963 3245 καὶὸ
976 3204 1006 3243 τι
1022 3177 1183 3263 βούλοιτο

169 3281 272 3343 αίτεῖν
287 3276 484 3354 κελεύοντος
500 3278 556 3344 καὶ
576 3277 698 3345 δύσειν
719 3275 1006 3363 ὑπισχνουμένου,
1034 3271 1102 3342 Τόν
1120 3271 1182 3357 ὀρ-

167 3373 307 3457 χηστήν,
324 3378 405 3458 ἔφη,
422 3371 503 3454 δοῦς
517 3372 556 3442 τὰ
572 3378 710 3462 μέγιστα
726 3372 914 3463 εὐφρανεῖς.
937 3379 997 3441 τοῦ
1013 3375 1049 3440 δὲ
1059 3373 1181 3455 Νέρω-
