2575 3842
394 206 517 263 ,ΠΕΡΙ
537 207 810 264 ΟΡΧΗΣΕΩΣ
1042 204 1103 267 143

98 370 303 449 φανωθῆναι
323 370 369 452 τῷ
395 367 617 455 ἱεροφαντικῷ
640 368 695 433 καὶ
717 371 912 455 προφητικῷ
937 367 1101 450 στέμματι.

97 456 141 546 ἦν
158 464 195 531 δὲ
211 462 248 528 ἐν
262 459 375 538 αὐτοῖς
388 463 443 528 καλ
453 468 576 540 Παῖτος
586 461 698 545 ίατρός
708 461 770 548 τὴν
785 466 920 549 τέχνην,
938 462 1103 547 πολιῷδης

98 559 164 644 ἀν,
177 556 254 626 ούτι
264 565 366 647 ἰατρῷ
376 561 544 642 πρέποντα
557 558 634 626 οὔτε
645 566 750 650 πολιῷ
763 558 861 645 ἀνδρλ
870 565 974 625 ταῦτα
985 567 1100 631 ποιῶν,

97 656 172 725 ἀλλ’
190 654 208 723 ὁ
223 656 436 743 ἀγωνοθέτης
452 653 693 734 Ῥουτιλλιανδς
710 656 964 740 ἀστεφανώτους
981 654 1103 732 αὐτούς

97 752 292 839 ἀπέπεμψεν
312 750 401 841 αύτῷ
424 750 486 837 την
508 759 715 837 προφητείαν
735 753 914 836 φυλάττων
937 750 1016 837 μετά
1042 749 1103 831 τὴν

97 854 258 918 ἐντεῦθεν
273 848 477 944 ἀπαλλαγήν.

181 994 231 1057 61.
260 994 386 1072 Ταῦτα,
405 1014 430 1053 ω
418 980 601 1073 φιλότης,
619 986 715 1074 ὀλίγα
730 992 766 1055 ἐκ
781 996 915 1057 πολλῶν
930 993 1102 1085 δείγματος

97 1089 195 1152 ἕνεκα
205 1085 332 1171 γράψαι
343 1081 466 1170 ἠξίωσα
480 1088 534 1151 καί
544 1086 642 1151 σοὶ
607 1111 668 1170 μεν
683 1086 897 1171 χαριζόμενος
907 1083 1032 1171 ἀνδρὶ
1015 1088 1102 1151 εταί-

97 1210 146 1274 ρῷ
160 1184 215 1251 καὶ
230 1190 316 1273 φίλω
331 1180 441 1249 καλόν
456 1181 519 1267 ἐγω
536 1182 671 1249 πάντων
685 1184 826 1269 μάλιστα
840 1184 1020 1268 θαυμάσας
1040 1190 1101 1269 ἔχω

98 1285 154 1349 ε’πί
171 1307 205 1347 τε
226 1287 328 1368 σοφίη
348 1282 402 1347 καὶ
422 1286 467 1369 τῷ
489 1278 572 1363 πρὸς
593 1277 758 1365 ἀλήθειαν
780 1286 876 1365 ἔρωτι
899 1282 953 1348 καὶ
974 1280 1101 1363 τρόπον

96 1379 257 1465 πραότητι
282 1380 336 1445 καλ
357 1381 512 1465 ἐπιεικείᾳ
538 1380 593 1445 καί
616 1377 745 1465 γαλήνη
765 1384 842 1463 βίου
866 1380 919 1445 καὶ
941 1377 1101 1462 δεξιότητι

96 1475 181 1561 πρὸς
194 1474 272 1553 τούς
290 1476 469 1558 συνόντας,
493 1472 530 1541 τό
554 1478 656 1541 πλέον
671 1476 723 1557 δέ,
745 1472 826 1559 ὅπερ
846 1476 900 1541 καὶ
921 1476 974 1541 σοὶ
993 1472 1100 1559 ἥδιον,

95 1572 277 1664 Ἐπικούρῳ
287 1579 452 1659 τιμωρῶν,
467 1570 564 1653 ἀνδρὶ
575 1568 619 1648 ὡς
631 1568 766 1656 άληθῶς
781 1574 858 1660 ίερῷ
869 1574 923 1638 καὶ
934 1578 1101 1659 θεσπεσίῳ

96 1670 158 1758 τὴν
175 1671 280 1756 φύσιν
293 1672 348 1737 καί
362 1670 454 1759 μόνῳ
468 1666 540 1754 μετ’
553 1666 712 1753 ἀληθείας
726 1665 765 1734 τά
780 1667 864 1735 καλά
877 1668 1034 1753 ἐγνωκότι
1047 1670 1101 1735 καὶ
1206 1734 1208 1739 .

95 1766 347 1851 παραδεδωκότι
370 1768 425 1832 καὶ
441 1768 649 1852 ἐλευθερωτῇ
671 1772 740 1831 τῷν
763 1761 996 1850 ὁμιλησάντων
1012 1766 1100 1854 αύτῷ

95 1866 274 1954 γενομένῳ.
307 1860 397 1947 οἶμαι
419 1862 454 1928 δὲ
470 1860 520 1928 ὅτι
537 1865 591 1928 καὶ
611 1874 679 1939 τοῖς
695 1863 869 1947 ἐντυχοῦσι
887 1864 1052 1949 χρήσιμόν
1068 1890 1098 1930 τι
1118 1884 1169 1939 265

96 1974 184 2051 ἔχειν
197 1964 284 2043 δόξει
297 1960 318 2049 6
333 1960 445 2049 γραφη
460 1960 501 2029 τά
516 1962 577 2047 μὲν
593 1964 857 2045 διεξελέγχουσα,
872 1958 912 2027 τά
928 1960 958 2027 δ’
979 1964 1016 2031 ἐν
1031 1976 1101 2040 ταῖς

94 2071 164 2131 τῶν
180 2054 220 2129 εὖ
232 2061 454 2146 φρονούντων
468 2057 615 2145 γνώμαις
629 2065 820 2143 βεβαιοῦσα.

321 2518 480 2585 ΠΕΡΙ
513 2514 877 2583 ΟΡΧΗΣΕΩΣ.

181 2691 211 2754 l.
228 2690 443 2751 ΛΤΚΙΝΟΣ.
462 2680 549 2749 Ἐπεὶ
557 2688 684 2765 τοίνυν,
697 2671 723 2745 6
734 2677 887 2763 Κράτων,
900 2675 1014 2761 δεινήν
1025 2702 1099 2743 τινα

94 2784 221 2867 ταύτην
237 2787 438 2867 κατηγορίαν
452 2782 489 2846 ἐκ
505 2786 686 2862 πολλού,ο
669 2774 774 2861 οἶμαι,
793 2778 1100 2859 παρεσκευασμένος

94 2878 324 3002 κατηγόρηκας
349 2876 515 2963 ὀρχήσεώς
544 2901 579 2943 τε
608 2875 664 2942 καὶ
694 2871 793 2990 αύτῆς
824 2870 1016 2957 ὀρχηστικῆς
1045 2872 1100 2937 καλ

94 2980 231 3064 προσέτι
244 2974 340 3061 ἡμῶν
355 3000 394 3059 γε
411 2981 478 3041 τῷν
493 2971 679 3059 χαιρόντων
698 2976 737 3057 τη
753 2966 889 3054 τοιαύτη
906 2969 970 3053 θέᾳ
989 2962 1032 3041 ὡς
1049 2965 1101 3031 ε’πλ

95 3073 216 3163 φαύλῳ
229 3074 284 3141 καλ
293 3078 473 3161 γυναικείῳ
482 3070 649 3154 πράγματι
660 3064 807 3153 μεγάλην
819 3034 970 3147 σπουδηύ
981 3086 1101 3128 ποιου-

95 3176 224 3258 μένων,
236 3168 385 3237 ἀκουσον
400 3166 482 3235 ὅσον
493 3192 554 3234 του
540 3163 676 3251 ὀρθοῦ
691 3162 914 3249 διημάρτηκας
926 3156 1013 3225 καὶ*
993 3184 1035 3235 ως
1045 3160 1099 3225 λέ-

94 3280 203 3357 ληθας
213 3289 356 3335 σεαυτον
364 3292 425 3335 τον
434 3272 590 3352 μεγιστου
601 3289 670 3331 των
679 3264 715 3328 εν
724 3286 769 3348 τω
756 3266 840 3345 βιω
851 3255 990 3342 αγαθων
999 3281 1099 3341 κατη

93 3373 216 3457 γορῷν.
209 3366 281 3432 καὶ
291 3383 473 3450 συγγνωμη
484 3382 614 3448 σοι,
561 3355 745 3443 ξαρχης
754 3362 815 3445 βιω
826 3377 981 3441 αυχμηρω
968 3356 1100 3433 συζων
