<?xml version="1.0" encoding="UTF-8"?>
<!DOCTYPE html PUBLIC "-//W3C//DTD XHTML 1.0 Transitional//EN"
    "http://www.w3.org/TR/xhtml1/DTD/xhtml1-transitional.dtd">
<html xmlns="http://www.w3.org/1999/xhtml" xml:lang="en" lang="en">
 <head>
  <title>
</title>
<meta http-equiv="Content-Type" content="text/html;charset=utf-8" />
  <meta name='ocr-system' content='tesseract 3.04.00' />
  <meta name='ocr-capabilities' content='ocr_page ocr_carea ocr_par ocr_line ocrx_word'/>
</head>
<body>
  <div class='ocr_page' id='page_1' title='image "./operaadoptimoru00jacogoog/operaadoptimoru00jacogoog_0434.png"; bbox 0 0 2575 3842; ppageno 0'>
   <div class='ocr_carea' id='block_1_1' title="bbox 124 184 862 267">
    <p class='ocr_par' dir='ltr' id='par_1_1' title="bbox 124 184 862 267">
     <span class='ocr_line' id='line_1_1' title="bbox 124 184 862 267; baseline 0.001 -21"><span class='ocrx_word' id='word_1_1' title='bbox 124 259 128 267; x_wconf 88' lang='lat'><em>.</em></span> <span class='ocrx_word' id='word_1_2' title='bbox 200 184 270 246; x_wconf 77' lang='grc' dir='ltr'><strong><em>,εει</em></strong></span> <span class='ocrx_word' id='word_1_3' title='bbox 560 189 862 247; x_wconf 71' lang='grc' dir='ltr'><strong><em>Λοναικαον</em></strong></span> 
     </span>
    </p>
   </div>
   <div class='ocr_carea' id='block_1_2' title="bbox 117 341 1231 1113">
    <p class='ocr_par' dir='ltr' id='par_1_2' title="bbox 117 341 1231 1110">
     <span class='ocr_line' id='line_1_2' title="bbox 207 341 1231 431; baseline 0.009 -20"><span class='ocrx_word' id='word_1_4' title='bbox 207 344 350 430; x_wconf 77' lang='grc' dir='ltr'><strong><em>ἀτεχνῶς</em></strong></span> <span class='ocrx_word' id='word_1_5' title='bbox 369 341 434 428; x_wconf 82' lang='grc' dir='ltr'><strong><em>γάρ</em></strong></span> <span class='ocrx_word' id='word_1_6' title='bbox 455 347 491 412; x_wconf 83' lang='grc' dir='ltr'><strong><em>ἐκ</em></strong></span> <span class='ocrx_word' id='word_1_7' title='bbox 511 352 568 430; x_wconf 85' lang='grc' dir='ltr'><strong><em>τῆς</em></strong></span> <span class='ocrx_word' id='word_1_8' title='bbox 582 347 713 414; x_wconf 79' lang='grc' dir='ltr'><strong><em>ἐκείνου</em></strong></span> <span class='ocrx_word' id='word_1_9' title='bbox 735 365 789 411; x_wconf 92' lang='grc' dir='ltr'><strong><em>σοι</em></strong></span> <span class='ocrx_word' id='word_1_10' title='bbox 808 344 904 431; x_wconf 83' lang='grc' dir='ltr'><strong><em>εάχής</em></strong></span> <span class='ocrx_word' id='word_1_11' title='bbox 924 344 960 414; x_wconf 87' lang='grc' dir='ltr'><strong><em>τό</em></strong></span> <span class='ocrx_word' id='word_1_12' title='bbox 981 349 1163 418; x_wconf 76' lang='grc' dir='ltr'><strong><em>ἐνύπνιον</em></strong></span> <span class='ocrx_word' id='word_1_13' title='bbox 1180 357 1231 420; x_wconf 73' lang='grc' dir='ltr'><strong><em>καὶ</em></strong></span> 
     </span>
     <span class='ocr_line' id='line_1_3' title="bbox 206 438 1017 532; baseline 0.006 -25"><span class='ocrx_word' id='word_1_14' title='bbox 206 444 347 528; x_wconf 76' lang='grc' dir='ltr'><strong><em>μέταλλα</em></strong></span> <span class='ocrx_word' id='word_1_15' title='bbox 364 438 426 508; x_wconf 88' lang='grc' dir='ltr'><strong><em>όλα</em></strong></span> <span class='ocrx_word' id='word_1_16' title='bbox 442 443 578 528; x_wconf 85' lang='grc' dir='ltr'><strong><em>χρύσεια</em></strong></span> <span class='ocrx_word' id='word_1_17' title='bbox 593 447 817 527; x_wconf 79' lang='grc' dir='ltr'><strong><em>κεκοιμῆσθαί</em></strong></span> <span class='ocrx_word' id='word_1_18' title='bbox 829 468 886 532; x_wconf 84' lang='grc' dir='ltr'><strong><em>μοι</em></strong></span> <span class='ocrx_word' id='word_1_19' title='bbox 901 447 1017 524; x_wconf 81' lang='grc' dir='ltr'><strong><em>δοκεῖς.</em></strong></span> 
     </span>
     <span class='ocr_line' id='line_1_4' title="bbox 291 532 1226 631; baseline 0.009 -25"><span class='ocrx_word' id='word_1_20' title='bbox 291 543 319 606; x_wconf 88' lang='grc'><strong><em>7.</em></strong></span> <span class='ocrx_word' id='word_1_21' title='bbox 338 545 436 607; x_wconf 86' lang='grc' dir='ltr'><em>ΜΙΚ.</em></span> <span class='ocrx_word' id='word_1_22' title='bbox 459 540 566 622; x_wconf 83' lang='grc' dir='ltr'><strong><em>Πολύ,</em></strong></span> <span class='ocrx_word' id='word_1_23' title='bbox 586 532 827 624; x_wconf 80' lang='grc' dir='ltr'><strong><em>εόΠυθαγόρν,</em></strong></span> <span class='ocrx_word' id='word_1_24' title='bbox 843 549 982 627; x_wconf 90' lang='grc' dir='ltr'><strong><em>χρυσίον</em></strong></span> <span class='ocrx_word' id='word_1_25' title='bbox 997 543 1104 630; x_wconf 78' lang='grc' dir='ltr'><strong><em>εἶδον,</em></strong></span> <span class='ocrx_word' id='word_1_26' title='bbox 1124 548 1226 631; x_wconf 86' lang='grc' dir='ltr'><strong><em>πολό,</em></strong></span> 
     </span>
     <span class='ocr_line' id='line_1_5' title="bbox 117 634 1226 726; baseline 0.01 -25"><span class='ocrx_word' id='word_1_27' title='bbox 117 709 120 715; x_wconf 53' lang='grc'>,</span> <span class='ocrx_word' id='word_1_28' title='bbox 206 642 276 714; x_wconf 80' lang='grc' dir='ltr'><strong><em>πῶς</em></strong></span> <span class='ocrx_word' id='word_1_29' title='bbox 290 644 352 704; x_wconf 86' lang='grc' dir='ltr'><strong><em>οίει</em></strong></span> <span class='ocrx_word' id='word_1_30' title='bbox 370 635 491 720; x_wconf 87' lang='grc' dir='ltr'><strong><em>καλόν,</em></strong></span> <span class='ocrx_word' id='word_1_31' title='bbox 514 639 590 704; x_wconf 83' lang='grc' dir='ltr'><strong><em>οἵαν</em></strong></span> <span class='ocrx_word' id='word_1_32' title='bbox 608 634 671 721; x_wconf 84' lang='grc' dir='ltr'><strong><em>τήν</em></strong></span> <span class='ocrx_word' id='word_1_33' title='bbox 686 634 794 723; x_wconf 82' lang='grc' dir='ltr'><strong><em>αὐγήν</em></strong></span> <span class='ocrx_word' id='word_1_34' title='bbox 809 635 1063 726; x_wconf 83' lang='grc' dir='ltr'><strong><em>ἀπαστράπτον;</em></strong></span> <span class='ocrx_word' id='word_1_35' title='bbox 1090 651 1131 712; x_wconf 86' lang='grc' dir='ltr'><strong><em>τί</em></strong></span> <span class='ocrx_word' id='word_1_36' title='bbox 1147 670 1226 711; x_wconf 89' lang='grc' dir='ltr'><strong><em>ποτε</em></strong></span> 
     </span>
     <span class='ocr_line' id='line_1_6' title="bbox 206 730 1225 854; baseline 0.009 -55"><span class='ocrx_word' id='word_1_37' title='bbox 206 730 405 817; x_wconf 89' lang='grc' dir='ltr'><strong><em>ὁΠίυδαρός</em></strong></span> <span class='ocrx_word' id='word_1_38' title='bbox 426 753 521 854; x_wconf 82' lang='grc' dir='ltr'><strong><em>φησι</em></strong></span> <span class='ocrx_word' id='word_1_39' title='bbox 530 734 604 818; x_wconf 77' lang='grc' dir='ltr'><strong><em>περὶ</em></strong></span> <span class='ocrx_word' id='word_1_40' title='bbox 624 731 729 800; x_wconf 83' lang='grc' dir='ltr'><strong><em>αὐτοῦ</em></strong></span> <span class='ocrx_word' id='word_1_41' title='bbox 750 736 913 816; x_wconf 74' lang='grc' dir='ltr'><strong><em>ἐπαινῶνς</em></strong></span> <span class='ocrx_word' id='word_1_42' title='bbox 934 735 1143 824; x_wconf 91' lang='grc' dir='ltr'><strong><em>ἀνάμνησον</em></strong></span> <span class='ocrx_word' id='word_1_43' title='bbox 1161 742 1225 826; x_wconf 88' lang='grc' dir='ltr'><strong><em>γάρ</em></strong></span> 
     </span>
     <span class='ocr_line' id='line_1_7' title="bbox 206 827 1224 925; baseline 0.012 -31"><span class='ocrx_word' id='word_1_44' title='bbox 206 854 263 915; x_wconf 81' lang='grc' dir='ltr'><strong><em>με,</em></strong></span> <span class='ocrx_word' id='word_1_45' title='bbox 280 833 310 895; x_wconf 86' lang='grc' dir='ltr'><strong><em>εί</em></strong></span> <span class='ocrx_word' id='word_1_46' title='bbox 323 827 471 914; x_wconf 39' lang='grc' dir='ltr'><strong><em>οίσθαᾙ</em></strong></span> <span class='ocrx_word' id='word_1_47' title='bbox 457 830 557 898; x_wconf 89' lang='grc' dir='ltr'><strong><em>οπότε</em></strong></span> <span class='ocrx_word' id='word_1_48' title='bbox 571 829 698 916; x_wconf 80' lang='grc' dir='ltr'><strong><em>ὕδαρ”</em></strong></span> <span class='ocrx_word' id='word_1_49' title='bbox 676 852 813 916; x_wconf 89' lang='grc' dir='ltr'><strong><em>αριστον</em></strong></span> <span class='ocrx_word' id='word_1_50' title='bbox 826 831 974 902; x_wconf 73' lang='grc' dir='ltr'><strong><em>είποδν</em></strong></span> <span class='ocrx_word' id='word_1_51' title='bbox 943 861 1011 902; x_wconf 91' lang='grc' dir='ltr'><strong><em>ειτα</em></strong></span> <span class='ocrx_word' id='word_1_52' title='bbox 1021 833 1060 902; x_wconf 89' lang='grc' dir='ltr'><strong><em>τό</em></strong></span> <span class='ocrx_word' id='word_1_53' title='bbox 1076 846 1224 925; x_wconf 91' lang='grc' dir='ltr'><strong><em>χρυσίον</em></strong></span> 
     </span>
     <span class='ocr_line' id='line_1_8' title="bbox 205 920 1223 1020; baseline 0.013 -30"><span class='ocrx_word' id='word_1_54' title='bbox 205 920 444 1012; x_wconf 78' lang='grc' dir='ltr'><em>θαυμάζει,</em></span> <span class='ocrx_word' id='word_1_55' title='bbox 404 953 443 994; x_wconf 91' lang='grc' dir='ltr'><strong><em>ευ</em></strong></span> <span class='ocrx_word' id='word_1_56' title='bbox 459 934 583 1012; x_wconf 81' lang='grc' dir='ltr'><strong><em>ποιῶν,</em></strong></span> <span class='ocrx_word' id='word_1_57' title='bbox 606 931 643 995; x_wconf 82' lang='grc' dir='ltr'><strong><em>ἐν</em></strong></span> <span class='ocrx_word' id='word_1_58' title='bbox 660 925 743 1015; x_wconf 79' lang='grc' dir='ltr'><strong><em>ἀρχή</em></strong></span> <span class='ocrx_word' id='word_1_59' title='bbox 760 926 866 1009; x_wconf 76' lang='grc' dir='ltr'><strong><em>εὐθυς</em></strong></span> <span class='ocrx_word' id='word_1_60' title='bbox 881 938 942 998; x_wconf 78' lang='grc' dir='ltr'><strong><em>τοῦ</em></strong></span> <span class='ocrx_word' id='word_1_61' title='bbox 958 939 1113 1020; x_wconf 86' lang='grc' dir='ltr'><strong><em>βιβλίον,</em></strong></span> <span class='ocrx_word' id='word_1_62' title='bbox 1138 936 1223 1003; x_wconf 87' lang='grc' dir='ltr'><strong><em>κάλ-</em></strong></span> 
     </span>
     <span class='ocr_line' id='line_1_9' title="bbox 206 1021 720 1113; baseline 0.002 -23"><span class='ocrx_word' id='word_1_63' title='bbox 206 1025 321 1091; x_wconf 88' lang='grc' dir='ltr'><strong><em>λιστόν</em></strong></span> <span class='ocrx_word' id='word_1_64' title='bbox 334 1052 365 1091; x_wconf 92' lang='grc' dir='ltr'><strong><em>τι</em></strong></span> <span class='ocrx_word' id='word_1_65' title='bbox 380 1021 537 1113; x_wconf 78' lang='grc' dir='ltr'><strong><em>ᾀσμάτων</em></strong></span> <span class='ocrx_word' id='word_1_66' title='bbox 551 1022 720 1092; x_wconf 83' lang='grc' dir='ltr'><strong><em>ἁπάντων.</em></strong></span> 
     </span>
    </p>
   </div>
   <div class='ocr_carea' id='block_1_3' title="bbox 204 1124 1277 1986">
    <p class='ocr_par' dir='ltr' id='par_1_3' title="bbox 290 1124 783 1208">
     <span class='ocr_line' id='line_1_10' title="bbox 290 1124 783 1208; baseline 0.004 -20"><span class='ocrx_word' id='word_1_67' title='bbox 290 1128 422 1188; x_wconf 85' lang='grc' dir='ltr'><em>ΑΛΕΚ.</em></span> <span class='ocrx_word' id='word_1_68' title='bbox 444 1128 533 1188; x_wconf 74' lang='grc' dir='ltr'><strong><em>Μῶν</em></strong></span> <span class='ocrx_word' id='word_1_69' title='bbox 548 1124 655 1189; x_wconf 78' lang='grc' dir='ltr'><strong><em>ἐκεῖνο</em></strong></span> <span class='ocrx_word' id='word_1_70' title='bbox 671 1127 783 1208; x_wconf 77' lang='grc' dir='ltr'><strong><em>ζητεῖς,</em></strong></span> 
     </span>
    </p>

    <p class='ocr_par' dir='ltr' id='par_1_4' title="bbox 269 1216 1123 1308">
     <span class='ocr_line' id='line_1_11' title="bbox 269 1216 1123 1308; baseline 0.006 -23"><span class='ocrx_word' id='word_1_71' title='bbox 269 1217 407 1305; x_wconf 85' lang='grc' dir='ltr'><strong><em>ἀριστον</em></strong></span> <span class='ocrx_word' id='word_1_72' title='bbox 423 1221 485 1304; x_wconf 74' lang='grc' dir='ltr'><strong><em>μὲν</em></strong></span> <span class='ocrx_word' id='word_1_73' title='bbox 501 1217 610 1304; x_wconf 76' lang='grc' dir='ltr'><strong><em>ὕδωρ,</em></strong></span> <span class='ocrx_word' id='word_1_74' title='bbox 630 1216 648 1284; x_wconf 91' lang='grc' dir='ltr'>ὁ</span> <span class='ocrx_word' id='word_1_75' title='bbox 665 1220 700 1286; x_wconf 78' lang='grc' dir='ltr'><strong><em>δὲ</em></strong></span> <span class='ocrx_word' id='word_1_76' title='bbox 715 1217 838 1306; x_wconf 86' lang='grc' dir='ltr'><strong><em>χρυσός</em></strong></span> <span class='ocrx_word' id='word_1_77' title='bbox 854 1220 1037 1307; x_wconf 75' lang='grc' dir='ltr'><strong><em>αἰθόμενον</em></strong></span> <span class='ocrx_word' id='word_1_78' title='bbox 1050 1230 1123 1308; x_wconf 86' lang='grc' dir='ltr'><strong><em>πῦρ</em></strong></span> 
     </span>
    </p>

    <p class='ocr_par' dir='ltr' id='par_1_5' title="bbox 268 1250 1277 1441">
     <span class='ocr_line' id='line_1_12' title="bbox 268 1250 1277 1441; baseline 0.005 -55"><span class='ocrx_word' id='word_1_79' title='bbox 268 1318 326 1387; x_wconf 85' lang='grc' dir='ltr'><strong><em>άτε</em></strong></span> <span class='ocrx_word' id='word_1_80' title='bbox 342 1322 515 1404; x_wconf 84' lang='grc' dir='ltr'><strong><em>διαπρέπει</em></strong></span> <span class='ocrx_word' id='word_1_81' title='bbox 530 1321 626 1386; x_wconf 80' lang='grc' dir='ltr'><strong><em>νυκτὶ</em></strong></span> <span class='ocrx_word' id='word_1_82' title='bbox 643 1321 829 1407; x_wconf 75' lang='grc' dir='ltr'><strong><em>μεγάνορος</em></strong></span> <span class='ocrx_word' id='word_1_83' title='bbox 845 1325 937 1407; x_wconf 83' lang='grc' dir='ltr'><strong><em>ἔξοχα</em></strong></span> <span class='ocrx_word' id='word_1_84' title='bbox 952 1321 1121 1404; x_wconf 71' lang='grc' dir='ltr'><strong><em>πλούτους</em></strong></span> <span class='ocrx_word' id='word_1_85' title='bbox 1273 1250 1277 1441; x_wconf 65' lang='grc' dir='ltr'>ι</span> 
     </span>
    </p>

    <p class='ocr_par' dir='ltr' id='par_1_6' title="bbox 204 1412 1216 1986">
     <span class='ocr_line' id='line_1_13' title="bbox 289 1412 1216 1506; baseline 0.01 -24"><span class='ocrx_word' id='word_1_86' title='bbox 289 1423 388 1483; x_wconf 85' lang='grc' dir='ltr'><strong><em>ΜΙΚ.</em></strong></span> <span class='ocrx_word' id='word_1_87' title='bbox 411 1415 466 1501; x_wconf 86' lang='grc' dir='ltr'><strong><em>Νή</em></strong></span> <span class='ocrx_word' id='word_1_88' title='bbox 478 1421 544 1483; x_wconf 90' lang='grc' dir='ltr'><strong><em>Δία</em></strong></span> <span class='ocrx_word' id='word_1_89' title='bbox 560 1412 652 1483; x_wconf 83' lang='grc' dir='ltr'><strong><em>τοῦτ’</em></strong></span> <span class='ocrx_word' id='word_1_90' title='bbox 672 1415 769 1484; x_wconf 83' lang='grc' dir='ltr'><strong><em>αὐτό·</em></strong></span> <span class='ocrx_word' id='word_1_91' title='bbox 792 1417 903 1506; x_wconf 68' lang='grc' dir='ltr'><strong><em>οἵσπερ</em></strong></span> <span class='ocrx_word' id='word_1_92' title='bbox 917 1417 980 1506; x_wconf 84' lang='grc' dir='ltr'><strong><em>γάρ</em></strong></span> <span class='ocrx_word' id='word_1_93' title='bbox 992 1417 1122 1505; x_wconf 80' lang='grc' dir='ltr'><strong><em>τούμόν</em></strong></span> <span class='ocrx_word' id='word_1_94' title='bbox 1137 1423 1216 1490; x_wconf 82' lang='grc' dir='ltr'><strong><em>ἐνά-</em></strong></span> 
     </span>
     <span class='ocr_line' id='line_1_14' title="bbox 205 1511 1215 1602; baseline 0.006 -21"><span class='ocrx_word' id='word_1_95' title='bbox 205 1538 305 1582; x_wconf 90' lang='grc' dir='ltr'><strong><em>πνιον</em></strong></span> <span class='ocrx_word' id='word_1_96' title='bbox 321 1511 404 1580; x_wconf 79' lang='grc' dir='ltr'><strong><em>ίδάν</em></strong></span> <span class='ocrx_word' id='word_1_97' title='bbox 419 1511 436 1579; x_wconf 88' lang='grc' dir='ltr'><strong>ὁ</strong></span> <span class='ocrx_word' id='word_1_98' title='bbox 454 1519 622 1598; x_wconf 87' lang='grc' dir='ltr'><strong><em>Πίνδαρος</em></strong></span> <span class='ocrx_word' id='word_1_99' title='bbox 635 1512 742 1593; x_wconf 79' lang='grc' dir='ltr'><strong><em>οὕτως</em></strong></span> <span class='ocrx_word' id='word_1_100' title='bbox 758 1515 930 1584; x_wconf 80' lang='grc' dir='ltr'><strong><em>ἐπαινείτὸ</em></strong></span> <span class='ocrx_word' id='word_1_101' title='bbox 945 1523 1093 1602; x_wconf 85' lang='grc' dir='ltr'><strong><em>χρυσίον,</em></strong></span> <span class='ocrx_word' id='word_1_102' title='bbox 1117 1518 1168 1599; x_wconf 78' lang='grc' dir='ltr'><strong><em>ιδς</em></strong></span> <span class='ocrx_word' id='word_1_103' title='bbox 1180 1522 1215 1587; x_wconf 73' lang='grc' dir='ltr'><strong><em>δὲ</em></strong></span> 
     </span>
     <span class='ocr_line' id='line_1_15' title="bbox 204 1603 1213 1702; baseline 0.007 -24"><span class='ocrx_word' id='word_1_104' title='bbox 204 1609 268 1696; x_wconf 83' lang='grc' dir='ltr'><strong><em>ήδη</em></strong></span> <span class='ocrx_word' id='word_1_105' title='bbox 280 1610 391 1695; x_wconf 84' lang='grc' dir='ltr'><strong><em>μάθης</em></strong></span> <span class='ocrx_word' id='word_1_106' title='bbox 402 1605 474 1676; x_wconf 84' lang='grc' dir='ltr'><strong><em>οἷόν</em></strong></span> <span class='ocrx_word' id='word_1_107' title='bbox 485 1636 515 1676; x_wconf 90' lang='grc' dir='ltr'><strong><em>τι</em></strong></span> <span class='ocrx_word' id='word_1_108' title='bbox 526 1603 585 1696; x_wconf 85' lang='grc' dir='ltr'><strong><em>ήν,</em></strong></span> <span class='ocrx_word' id='word_1_109' title='bbox 604 1610 770 1698; x_wconf 86' lang='grc' dir='ltr'><strong><em>ἀκονσον,</em></strong></span> <span class='ocrx_word' id='word_1_110' title='bbox 786 1604 813 1679; x_wconf 80' lang='grc' dir='ltr'><strong><em>ἀ</em></strong></span> <span class='ocrx_word' id='word_1_111' title='bbox 825 1614 995 1698; x_wconf 75' lang='grc' dir='ltr'><strong><em>σοφώτατε</em></strong></span> <span class='ocrx_word' id='word_1_112' title='bbox 1008 1613 1213 1702; x_wconf 73' lang='grc' dir='ltr'><strong><em>ἀλεκτρυών.</em></strong></span> 
     </span>
     <span class='ocr_line' id='line_1_16' title="bbox 206 1702 1214 1801; baseline 0.009 -28"><span class='ocrx_word' id='word_1_113' title='bbox 206 1705 330 1789; x_wconf 78' lang='grc' dir='ltr'><strong><em>ὅτιμὲν</em></strong></span> <span class='ocrx_word' id='word_1_114' title='bbox 346 1703 408 1772; x_wconf 83' lang='grc' dir='ltr'><strong><em>οὐκ</em></strong></span> <span class='ocrx_word' id='word_1_115' title='bbox 424 1707 586 1785; x_wconf 82' lang='grc' dir='ltr'><strong><em>οἰκόσιτος</em></strong></span> <span class='ocrx_word' id='word_1_116' title='bbox 601 1702 643 1794; x_wconf 83' lang='grc' dir='ltr'><strong><em>ἦν</em></strong></span> <span class='ocrx_word' id='word_1_117' title='bbox 657 1712 751 1793; x_wconf 83' lang='grc' dir='ltr'><strong><em>χθές,</em></strong></span> <span class='ocrx_word' id='word_1_118' title='bbox 769 1707 883 1777; x_wconf 83' lang='grc' dir='ltr'><strong><em>οἶσθα·</em></strong></span> <span class='ocrx_word' id='word_1_119' title='bbox 904 1709 1079 1799; x_wconf 80' lang='grc' dir='ltr'><strong><em>Εὐκράτης</em></strong></span> <span class='ocrx_word' id='word_1_120' title='bbox 1093 1715 1163 1800; x_wconf 90' lang='grc' dir='ltr'><strong><em>γάρ</em></strong></span> <span class='ocrx_word' id='word_1_121' title='bbox 1175 1741 1214 1801; x_wconf 90' lang='grc' dir='ltr'><strong><em>με</em></strong></span> 
     </span>
     <span class='ocr_line' id='line_1_17' title="bbox 205 1801 1214 1894; baseline 0.008 -24"><span class='ocrx_word' id='word_1_122' title='bbox 205 1801 222 1870; x_wconf 86' lang='grc' dir='ltr'>ὁ</span> <span class='ocrx_word' id='word_1_123' title='bbox 239 1802 398 1881; x_wconf 84' lang='grc' dir='ltr'><strong><em>πλούσιος</em></strong></span> <span class='ocrx_word' id='word_1_124' title='bbox 414 1804 561 1891; x_wconf 74' lang='grc' dir='ltr'><strong><em>ἐντυχοδν</em></strong></span> <span class='ocrx_word' id='word_1_125' title='bbox 576 1803 646 1873; x_wconf 80' lang='grc' dir='ltr'><strong><em>ἐν’</em></strong></span> <span class='ocrx_word' id='word_1_126' title='bbox 627 1831 734 1893; x_wconf 80' lang='grc' dir='ltr'><strong><em>αγορηι</em></strong></span> <span class='ocrx_word' id='word_1_127' title='bbox 720 1807 958 1892; x_wconf 78' lang='grc' dir='ltr'><strong><em>λουσάμενον</em></strong></span> <span class='ocrx_word' id='word_1_128' title='bbox 972 1808 1067 1894; x_wconf 86' lang='grc' dir='ltr'><strong><em>ήκειν</em></strong></span> <span class='ocrx_word' id='word_1_129' title='bbox 1082 1813 1214 1880; x_wconf 77' lang='grc' dir='ltr'><strong><em>ἐκέλευε</em></strong></span> 
     </span>
     <span class='ocr_line' id='line_1_18' title="bbox 204 1896 653 1986; baseline 0 -18"><span class='ocrx_word' id='word_1_130' title='bbox 204 1896 266 1986; x_wconf 83' lang='grc' dir='ltr'><strong><em>τήν</em></strong></span> <span class='ocrx_word' id='word_1_131' title='bbox 282 1897 373 1985; x_wconf 79' lang='grc' dir='ltr'><strong><em>ἀραν</em></strong></span> <span class='ocrx_word' id='word_1_132' title='bbox 388 1900 488 1969; x_wconf 79' lang='grc' dir='ltr'><strong><em>ἐπὶ</em></strong></span> <span class='ocrx_word' id='word_1_133' title='bbox 454 1928 491 1969; x_wconf 94' lang='grc' dir='ltr'><strong><em>το</em></strong></span> <span class='ocrx_word' id='word_1_134' title='bbox 507 1907 653 1970; x_wconf 80' lang='grc' dir='ltr'><strong><em>δείπνου</em></strong></span> 
     </span>
    </p>
   </div>
   <div class='ocr_carea' id='block_1_4' title="bbox 136 2004 1277 3462">
    <p class='ocr_par' dir='ltr' id='par_1_7' title="bbox 136 2004 1215 2486">
     <span class='ocr_line' id='line_1_19' title="bbox 136 2004 1215 2094; baseline -0.003 -19"><span class='ocrx_word' id='word_1_135' title='bbox 136 2019 187 2075; x_wconf 78' lang='grc'><strong><em>714</em></strong></span> <span class='ocrx_word' id='word_1_136' title='bbox 252 2011 465 2082; x_wconf 84' lang='grc' dir='ltr'><em>8.ΑΛΕΚ.</em></span> <span class='ocrx_word' id='word_1_137' title='bbox 484 2005 567 2073; x_wconf 87' lang='grc' dir='ltr'><strong><em>Οίδα</em></strong></span> <span class='ocrx_word' id='word_1_138' title='bbox 582 2031 673 2074; x_wconf 91' lang='grc' dir='ltr'><strong><em>πανν</em></strong></span> <span class='ocrx_word' id='word_1_139' title='bbox 683 2033 782 2074; x_wconf 93' lang='grc' dir='ltr'><strong><em>τουτο</em></strong></span> <span class='ocrx_word' id='word_1_140' title='bbox 793 2007 952 2094; x_wconf 90' lang='grc' dir='ltr'><strong><em>πεινησας</em></strong></span> <span class='ocrx_word' id='word_1_141' title='bbox 962 2032 1028 2092; x_wconf 91' lang='grc' dir='ltr'><strong><em>παρ</em></strong></span> <span class='ocrx_word' id='word_1_142' title='bbox 1033 2004 1140 2092; x_wconf 87' lang='grc' dir='ltr'><strong><em>ολην</em></strong></span> <span class='ocrx_word' id='word_1_143' title='bbox 1152 2034 1215 2092; x_wconf 84' lang='grc' dir='ltr'><strong><em>την</em></strong></span> 
     </span>
     <span class='ocr_line' id='line_1_20' title="bbox 203 2096 1215 2222; baseline 0 -52"><span class='ocrx_word' id='word_1_144' title='bbox 203 2100 346 2188; x_wconf 81' lang='grc' dir='ltr'><strong><em>ἡμέραν,</em></strong></span> <span class='ocrx_word' id='word_1_145' title='bbox 368 2099 442 2188; x_wconf 87' lang='grc' dir='ltr'><strong><em>ἀχρι</em></strong></span> <span class='ocrx_word' id='word_1_146' title='bbox 457 2129 514 2188; x_wconf 94' lang='grc' dir='ltr'><strong><em>μοι</em></strong></span> <span class='ocrx_word' id='word_1_147' title='bbox 527 2110 666 2188; x_wconf 76' lang='grc' dir='ltr'><strong><em>βαθείας</em></strong></span> <span class='ocrx_word' id='word_1_148' title='bbox 679 2101 744 2189; x_wconf 84' lang='grc' dir='ltr'><strong><em>ήδη</em></strong></span> <span class='ocrx_word' id='word_1_149' title='bbox 759 2096 932 2188; x_wconf 79' lang='grc' dir='ltr'><strong><em>εσπίρας</em></strong></span> <span class='ocrx_word' id='word_1_150' title='bbox 909 2129 988 2189; x_wconf 85' lang='grc' dir='ltr'><strong><em>ηκες</em></strong></span> <span class='ocrx_word' id='word_1_151' title='bbox 1003 2099 1215 2222; x_wconf 75' lang='grc' dir='ltr'><strong><em>ὑποβεβρεγ-</em></strong></span> 
     </span>
     <span class='ocr_line' id='line_1_21' title="bbox 203 2198 1215 2286; baseline -0.001 -18"><span class='ocrx_word' id='word_1_152' title='bbox 203 2203 303 2285; x_wconf 82' lang='grc' dir='ltr'><strong><em>μένος</em></strong></span> <span class='ocrx_word' id='word_1_153' title='bbox 323 2198 401 2278; x_wconf 79' lang='grc' dir='ltr'><strong><em>τούς</em></strong></span> <span class='ocrx_word' id='word_1_154' title='bbox 422 2203 519 2268; x_wconf 82' lang='grc' dir='ltr'><strong><em>πέντε</em></strong></span> <span class='ocrx_word' id='word_1_155' title='bbox 539 2201 691 2286; x_wconf 83' lang='grc' dir='ltr'><strong><em>κυάμους</em></strong></span> <span class='ocrx_word' id='word_1_156' title='bbox 713 2203 861 2278; x_wconf 81' lang='grc' dir='ltr'><strong><em>ἐκείνους</em></strong></span> <span class='ocrx_word' id='word_1_157' title='bbox 887 2206 1029 2285; x_wconf 77' lang='grc' dir='ltr'><strong><em>κομίζων</em></strong></span> <span class='ocrx_word' id='word_1_158' title='bbox 1055 2198 1098 2267; x_wconf 86' lang='grc' dir='ltr'><strong><em>οό</em></strong></span> <span class='ocrx_word' id='word_1_159' title='bbox 1118 2202 1215 2268; x_wconf 90' lang='grc' dir='ltr'><strong><em>πάνυ</em></strong></span> 
     </span>
     <span class='ocr_line' id='line_1_22' title="bbox 203 2296 1214 2390; baseline 0.002 -25"><span class='ocrx_word' id='word_1_160' title='bbox 203 2298 339 2378; x_wconf 76' lang='grc' dir='ltr'><strong><em>δαψιλὲς</em></strong></span> <span class='ocrx_word' id='word_1_161' title='bbox 359 2296 395 2365; x_wconf 87' lang='grc' dir='ltr'><strong><em>τό</em></strong></span> <span class='ocrx_word' id='word_1_162' title='bbox 419 2303 556 2366; x_wconf 81' lang='grc' dir='ltr'><strong><em>δεῖπνον</em></strong></span> <span class='ocrx_word' id='word_1_163' title='bbox 577 2297 776 2383; x_wconf 76' lang='grc' dir='ltr'><strong><em>ἀλεκτρυόνι</em></strong></span> <span class='ocrx_word' id='word_1_164' title='bbox 792 2296 923 2385; x_wconf 80' lang='grc' dir='ltr'><strong><em>ἀθλητῇ</em></strong></span> <span class='ocrx_word' id='word_1_165' title='bbox 942 2323 1020 2366; x_wconf 87' lang='grc' dir='ltr'><strong><em>ποτε</em></strong></span> <span class='ocrx_word' id='word_1_166' title='bbox 1040 2305 1214 2390; x_wconf 78' lang='grc' dir='ltr'><strong><em>γενομένῳ</em></strong></span> 
     </span>
     <span class='ocr_line' id='line_1_23' title="bbox 202 2393 926 2486; baseline 0.001 -24"><span class='ocrx_word' id='word_1_167' title='bbox 202 2398 257 2462; x_wconf 80' lang='grc' dir='ltr'><strong><em>καὶ</em></strong></span> <span class='ocrx_word' id='word_1_168' title='bbox 270 2393 432 2480; x_wconf 82' lang='grc' dir='ltr'><strong><em>Ὀλύμπια</em></strong></span> <span class='ocrx_word' id='word_1_169' title='bbox 449 2394 512 2464; x_wconf 80' lang='grc' dir='ltr'><strong><em>οὐκ</em></strong></span> <span class='ocrx_word' id='word_1_170' title='bbox 528 2395 666 2482; x_wconf 76' lang='grc' dir='ltr'><strong><em>ἀφανῶς</em></strong></span> <span class='ocrx_word' id='word_1_171' title='bbox 680 2395 926 2486; x_wconf 76' lang='grc' dir='ltr'><strong><em>ἀγωνισαμένῳ.</em></strong></span> 
     </span>
    </p>

    <p class='ocr_par' dir='ltr' id='par_1_8' title="bbox 202 2491 1277 2872">
     <span class='ocr_line' id='line_1_24' title="bbox 287 2491 1213 2580; baseline 0.003 -22"><span class='ocrx_word' id='word_1_172' title='bbox 287 2499 387 2560; x_wconf 78' lang='lat' dir='ltr'><strong><em>MJK.</em></strong></span> <span class='ocrx_word' id='word_1_173' title='bbox 400 2491 486 2560; x_wconf 83' lang='grc' dir='ltr'><strong><em>Ἐπεὶ</em></strong></span> <span class='ocrx_word' id='word_1_174' title='bbox 498 2494 533 2561; x_wconf 80' lang='grc' dir='ltr'><strong><em>δὲ</em></strong></span> <span class='ocrx_word' id='word_1_175' title='bbox 546 2494 727 2579; x_wconf 75' lang='grc' dir='ltr'><strong><em>’δειπνήσας</em></strong></span> <span class='ocrx_word' id='word_1_176' title='bbox 738 2498 941 2580; x_wconf 77' lang='grc' dir='ltr'><strong><em>ἐπανῆλθον,</em></strong></span> <span class='ocrx_word' id='word_1_177' title='bbox 952 2494 1141 2562; x_wconf 75' lang='grc' dir='ltr'><strong><em>ἐκάθευδον</em></strong></span> <span class='ocrx_word' id='word_1_178' title='bbox 1153 2494 1213 2562; x_wconf 84' lang='grc' dir='ltr'><strong><em>εό-</em></strong></span> 
     </span>
     <span class='ocr_line' id='line_1_25' title="bbox 202 2588 1277 2680; baseline 0.001 -22"><span class='ocrx_word' id='word_1_179' title='bbox 202 2588 269 2668; x_wconf 76' lang='grc' dir='ltr'><strong><em>θός</em></strong></span> <span class='ocrx_word' id='word_1_180' title='bbox 289 2588 369 2666; x_wconf 84' lang='grc' dir='ltr'><strong><em>τούς</em></strong></span> <span class='ocrx_word' id='word_1_181' title='bbox 389 2592 540 2676; x_wconf 90' lang='grc' dir='ltr'><strong><em>κυάμους</em></strong></span> <span class='ocrx_word' id='word_1_182' title='bbox 560 2611 613 2659; x_wconf 90' lang='grc' dir='ltr'><strong><em>σοι</em></strong></span> <span class='ocrx_word' id='word_1_183' title='bbox 629 2593 850 2680; x_wconf 75' lang='grc' dir='ltr'><strong><em>παραβαλών,</em></strong></span> <span class='ocrx_word' id='word_1_184' title='bbox 878 2589 947 2659; x_wconf 78' lang='grc' dir='ltr'><strong><em>εἶτά</em></strong></span> <span class='ocrx_word' id='word_1_185' title='bbox 969 2617 1026 2678; x_wconf 90' lang='grc' dir='ltr'><strong><em>μοι</em></strong></span> <span class='ocrx_word' id='word_1_186' title='bbox 1044 2588 1128 2658; x_wconf 85' lang='grc' dir='ltr'><strong><em>κατά</em></strong></span> <span class='ocrx_word' id='word_1_187' title='bbox 1151 2593 1213 2659; x_wconf 87' lang='grc' dir='ltr'><strong><em>τόν</em></strong></span> <span class='ocrx_word' id='word_1_188' title='bbox 1276 2660 1277 2667; x_wconf 64' lang='grc'>,</span> 
     </span>
     <span class='ocr_line' id='line_1_26' title="bbox 202 2680 1277 2775; baseline 0.001 -18"><span class='ocrx_word' id='word_1_189' title='bbox 202 2687 351 2774; x_wconf 74' lang='grc' dir='ltr'><strong><em>’Όμηρον</em></strong></span> <span class='ocrx_word' id='word_1_190' title='bbox 365 2684 551 2774; x_wconf 81' lang='grc' dir='ltr'><strong><em>ἀμβροσίην</em></strong></span> <span class='ocrx_word' id='word_1_191' title='bbox 563 2687 618 2756; x_wconf 82' lang='grc' dir='ltr'><strong><em>διὰ</em></strong></span> <span class='ocrx_word' id='word_1_192' title='bbox 630 2691 736 2757; x_wconf 84' lang='grc' dir='ltr'><strong><em>νύκτα</em></strong></span> <span class='ocrx_word' id='word_1_193' title='bbox 747 2688 840 2766; x_wconf 78' lang='grc' dir='ltr'><strong><em>θεῖός</em></strong></span> <span class='ocrx_word' id='word_1_194' title='bbox 854 2715 902 2767; x_wconf 91' lang='grc' dir='ltr'><strong><em>τις</em></strong></span> <span class='ocrx_word' id='word_1_195' title='bbox 916 2685 960 2768; x_wconf 80' lang='grc' dir='ltr'><strong><em>ἀς</em></strong></span> <span class='ocrx_word' id='word_1_196' title='bbox 972 2686 1107 2775; x_wconf 82' lang='grc' dir='ltr'><strong><em>ἀληθῶς</em></strong></span> <span class='ocrx_word' id='word_1_197' title='bbox 1118 2687 1214 2758; x_wconf 83' lang='grc' dir='ltr'><strong><em>ὄνει-</em></strong></span> <span class='ocrx_word' id='word_1_198' title='bbox 1276 2680 1277 2697; x_wconf 42' lang='lat'>¹</span> 
     </span>
     <span class='ocr_line' id='line_1_27' title="bbox 203 2785 470 2872; baseline -0.007 -18"><span class='ocrx_word' id='word_1_199' title='bbox 203 2814 261 2872; x_wconf 90' lang='grc' dir='ltr'><strong><em>ρος</em></strong></span> <span class='ocrx_word' id='word_1_200' title='bbox 275 2785 407 2864; x_wconf 82' lang='grc' dir='ltr'><strong><em>ἐπιστάς</em></strong></span> <span class='ocrx_word' id='word_1_201' title='bbox 422 2840 428 2854; x_wconf 92' lang='grc'><em>.</em></span> <span class='ocrx_word' id='word_1_202' title='bbox 443 2841 470 2853; x_wconf 93' lang='grc'><strong><em>..</em></strong></span> 
     </span>
    </p>

    <p class='ocr_par' dir='ltr' id='par_1_9' title="bbox 203 2878 1211 3365">
     <span class='ocr_line' id='line_1_28' title="bbox 287 2878 1210 2976; baseline 0.004 -25"><span class='ocrx_word' id='word_1_203' title='bbox 287 2892 417 2952; x_wconf 83' lang='grc' dir='ltr'><em>ΑΛΕΚ.</em></span> <span class='ocrx_word' id='word_1_204' title='bbox 435 2885 635 2976; x_wconf 79' lang='grc' dir='ltr'><strong><em>Τάπαράτῷ</em></strong></span> <span class='ocrx_word' id='word_1_205' title='bbox 646 2886 811 2970; x_wconf 87' lang='grc' dir='ltr'><strong><em>Εόκράτει</em></strong></span> <span class='ocrx_word' id='word_1_206' title='bbox 822 2885 997 2971; x_wconf 84' lang='grc' dir='ltr'><strong><em>πρότερον,</em></strong></span> <span class='ocrx_word' id='word_1_207' title='bbox 1008 2878 1210 2974; x_wconf 80' lang='grc' dir='ltr'><strong><em>ἀΜίιιυλλε,</em></strong></span> 
     </span>
     <span class='ocr_line' id='line_1_29' title="bbox 204 2981 1210 3070; baseline 0 -20"><span class='ocrx_word' id='word_1_208' title='bbox 204 2983 358 3069; x_wconf 77' lang='grc' dir='ltr'><strong><em>διήγησαι</em></strong></span> <span class='ocrx_word' id='word_1_209' title='bbox 374 2985 428 3051; x_wconf 79' lang='grc' dir='ltr'><strong><em>καὶ</em></strong></span> <span class='ocrx_word' id='word_1_210' title='bbox 444 2982 481 3050; x_wconf 89' lang='grc' dir='ltr'><strong><em>τό</em></strong></span> <span class='ocrx_word' id='word_1_211' title='bbox 498 2989 636 3052; x_wconf 79' lang='grc' dir='ltr'><strong><em>δεῖπνον</em></strong></span> <span class='ocrx_word' id='word_1_212' title='bbox 653 2981 726 3052; x_wconf 83' lang='grc' dir='ltr'><strong><em>οἷον</em></strong></span> <span class='ocrx_word' id='word_1_213' title='bbox 740 2987 869 3070; x_wconf 80' lang='grc' dir='ltr'><strong><em>ἐγένετο</em></strong></span> <span class='ocrx_word' id='word_1_214' title='bbox 887 2987 941 3051; x_wconf 82' lang='grc' dir='ltr'><strong><em>καλ</em></strong></span> <span class='ocrx_word' id='word_1_215' title='bbox 955 2982 995 3051; x_wconf 85' lang='grc' dir='ltr'><strong><em>τά</em></strong></span> <span class='ocrx_word' id='word_1_216' title='bbox 1012 2987 1049 3051; x_wconf 83' lang='grc' dir='ltr'><strong><em>ἐν</em></strong></span> <span class='ocrx_word' id='word_1_217' title='bbox 1062 2991 1108 3070; x_wconf 80' lang='grc' dir='ltr'><strong><em>τῷ</em></strong></span> <span class='ocrx_word' id='word_1_218' title='bbox 1121 3004 1210 3070; x_wconf 91' lang='grc' dir='ltr'><strong><em>σνμ-</em></strong></span> 
     </span>
     <span class='ocr_line' id='line_1_30' title="bbox 203 3075 1211 3169; baseline 0.002 -21"><span class='ocrx_word' id='word_1_219' title='bbox 203 3089 308 3169; x_wconf 78' lang='grc' dir='ltr'><strong><em>ποσίῳ</em></strong></span> <span class='ocrx_word' id='word_1_220' title='bbox 323 3079 468 3148; x_wconf 76' lang='grc' dir='ltr'><strong><em>ἅπαντα·</em></strong></span> <span class='ocrx_word' id='word_1_221' title='bbox 491 3082 613 3150; x_wconf 79' lang='grc' dir='ltr'><strong><em>κοιλόει</em></strong></span> <span class='ocrx_word' id='word_1_222' title='bbox 627 3080 693 3168; x_wconf 83' lang='grc' dir='ltr'><strong><em>γάρ</em></strong></span> <span class='ocrx_word' id='word_1_223' title='bbox 704 3081 805 3150; x_wconf 70' lang='grc' dir='ltr'><strong><em>οὐδὲν</em></strong></span> <span class='ocrx_word' id='word_1_224' title='bbox 819 3075 920 3160; x_wconf 81' lang='grc' dir='ltr'><strong><em>αὖθίς</em></strong></span> <span class='ocrx_word' id='word_1_225' title='bbox 931 3102 968 3148; x_wconf 87' lang='grc' dir='ltr'><strong><em>σε</em></strong></span> <span class='ocrx_word' id='word_1_226' title='bbox 983 3086 1130 3150; x_wconf 74' lang='grc' dir='ltr'><strong><em>δειπνεῖν</em></strong></span> <span class='ocrx_word' id='word_1_227' title='bbox 1141 3081 1211 3150; x_wconf 75' lang='grc' dir='ltr'><strong><em>δι’σ-</em></strong></span> 
     </span>
     <span class='ocr_line' id='line_1_31' title="bbox 203 3177 1210 3260; baseline 0.002 -14"><span class='ocrx_word' id='word_1_228' title='bbox 203 3205 265 3260; x_wconf 90' lang='grc' dir='ltr'><strong><em>περ</em></strong></span> <span class='ocrx_word' id='word_1_229' title='bbox 280 3177 414 3259; x_wconf 88' lang='grc' dir='ltr'><strong><em>όνειρόν</em></strong></span> <span class='ocrx_word' id='word_1_230' title='bbox 428 3205 502 3246; x_wconf 89' lang='grc' dir='ltr'><strong><em>τινα</em></strong></span> <span class='ocrx_word' id='word_1_231' title='bbox 517 3189 579 3246; x_wconf 83' lang='grc' dir='ltr'><strong><em>τοῦ</em></strong></span> <span class='ocrx_word' id='word_1_232' title='bbox 590 3185 729 3248; x_wconf 89' lang='grc' dir='ltr'><strong><em>δείπνου</em></strong></span> <span class='ocrx_word' id='word_1_233' title='bbox 743 3183 874 3247; x_wconf 84' lang='grc' dir='ltr'><strong><em>ἐκείνου</em></strong></span> <span class='ocrx_word' id='word_1_234' title='bbox 888 3179 1140 3248; x_wconf 88' lang='grc' dir='ltr'><strong><em>ἀναπλάττοντα</em></strong></span> <span class='ocrx_word' id='word_1_235' title='bbox 1154 3184 1210 3248; x_wconf 79' lang='grc' dir='ltr'><strong><em>καὶ</em></strong></span> 
     </span>
     <span class='ocr_line' id='line_1_32' title="bbox 203 3274 970 3365; baseline 0.009 -26"><span class='ocrx_word' id='word_1_236' title='bbox 203 3274 512 3359; x_wconf 73' lang='grc' dir='ltr'><strong><em>ἀναμαρυκώμενον</em></strong></span> <span class='ocrx_word' id='word_1_237' title='bbox 525 3285 565 3364; x_wconf 80' lang='grc' dir='ltr'><strong><em>τῇ</em></strong></span> <span class='ocrx_word' id='word_1_238' title='bbox 582 3279 696 3365; x_wconf 84' lang='grc' dir='ltr'><strong><em>μνήμη</em></strong></span> <span class='ocrx_word' id='word_1_239' title='bbox 710 3275 750 3345; x_wconf 79' lang='grc' dir='ltr'><strong><em>τά</em></strong></span> <span class='ocrx_word' id='word_1_240' title='bbox 765 3280 970 3365; x_wconf 80' lang='grc' dir='ltr'><strong><em>βεβρωμένα.</em></strong></span> 
     </span>
    </p>

    <p class='ocr_par' dir='ltr' id='par_1_10' title="bbox 286 3370 1208 3462">
     <span class='ocr_line' id='line_1_33' title="bbox 286 3370 1208 3462; baseline 0.012 -28"><span class='ocrx_word' id='word_1_241' title='bbox 286 3377 316 3438; x_wconf 84' lang='grc'><strong><em>9.</em></strong></span> <span class='ocrx_word' id='word_1_242' title='bbox 336 3379 435 3438; x_wconf 87' lang='grc' dir='ltr'><strong><em>ΜΙΚ.</em></strong></span> <span class='ocrx_word' id='word_1_243' title='bbox 448 3370 573 3460; x_wconf 79' lang='grc' dir='ltr'><strong><em>Ὤιμην</em></strong></span> <span class='ocrx_word' id='word_1_244' title='bbox 584 3375 776 3460; x_wconf 79' lang='grc' dir='ltr'><strong><em>ἐνοχλήσειν</em></strong></span> <span class='ocrx_word' id='word_1_245' title='bbox 786 3379 957 3444; x_wconf 82' lang='grc' dir='ltr'><strong><em>καὶταῦτα</em></strong></span> <span class='ocrx_word' id='word_1_246' title='bbox 972 3378 1208 3462; x_wconf 81' lang='grc' dir='ltr'><strong><em>διηγούμενος·</em></strong></span> 
     </span>
    </p>
   </div>
   <div class='ocr_carea' id='block_1_5' title="bbox 0 0 1292 3842">
    <p class='ocr_par' dir='ltr' id='par_1_11' title="bbox 0 0 1292 3842">
     <span class='ocr_line' id='line_1_34' title="bbox 0 0 1292 3842; baseline 0 0"><span class='ocrx_word' id='word_1_247' title='bbox 0 0 1292 3842; x_wconf 95' lang='lat' dir='ltr'><strong><em> </em></strong></span> 
     </span>
    </p>
   </div>
  </div>
 </body>
</html>
