2575 3842
187 161 250 223 ενι
532 161 855 239 [Λονκικαοεγ

187 319 263 412 ὁδῳ.
293 325 327 388 οί
346 324 381 388 δὲ
396 348 436 388 τα
453 322 514 406 μὲν
532 328 646 403 πρῶτα
662 323 750 410 ξύλῳ
767 329 920 402 παίοντες
935 321 1119 411 ἀναστῆναι
1137 328 1203 392 τόν

186 418 309 490 ῦθλιον
323 421 489 504 ἐκέλευον,
506 417 550 496 ὡς
566 419 601 486 δὲ
614 417 715 486 οῦδὲν
727 417 877 506 ῦπήκουε
887 434 957 501 ταῖς
969 432 1120 508 πληγαῖς,
1137 433 1202 490 λα-

186 519 301 607 βόντες
316 515 420 584 αῦτόν
437 521 471 584 οί
485 517 546 603 μὲν
564 523 631 583 τῶν
646 515 756 601 ῦτων,
777 523 811 585 οί
826 521 862 585 δὲ
875 527 932 604 τῆς
949 518 1051 601 ούρᾱς
1066 519 1201 605 άνεγεί-

186 643 257 699 ρειν
280 619 475 700 ἐπειρῶντο·
510 611 554 692 ὡς
572 615 607 680 δὲ
629 611 730 682 οὐδὲν
748 615 875 700 ἤνυον,
905 622 1010 683 ἔκειτο
1031 621 1067 684 δὲ
1085 615 1199 699 ὥσπερ
1286 636 1287 643 ’

184 723 280 792 λίθος
295 717 331 780 ἐν
346 721 386 801 τῇ
403 710 471 801 ὁδῷ
487 707 741 797 άπηγορευκιός,
757 714 971 800 λογισάμενοι
988 717 1025 782 ἐν
1041 711 1200 800 άλλήλοις

185 813 236 880 ότι
252 810 292 900 δὴ
310 813 418 898 μάτην
437 817 578 878 πονοῦσι
596 811 652 876 καὶ
666 808 727 877 τόν
741 811 865 896 χρόνον
880 820 936 899 τῆς
953 821 1064 900 φυγῆς
1079 809 1200 878 ἀναλί-

186 930 338 997 σκουσιν,
355 909 423 1002 όυῳ
438 916 546 999 νεκρῷ
558 910 830 995 παρεδρεύοντες,
845 909 885 977 τὰ
897 911 959 996 μὲν
971 910 1075 997 σκεύη
1087 910 1198 977 πάντα

185 1008 248 1077 ὅσα
264 1008 414 1095 ἐκόμιζεν
429 1010 571 1094 ἐκεῖνος,
594 1011 812 1093 διανέμουσιν
826 1011 901 1094 ἐμοί
913 1035 948 1076 τε
964 1011 1019 1076 καὶ
1033 1016 1079 1099 τῷ
1093 1011 1196 1098 ἵππῳ,

185 1107 244 1175 τόν
267 1108 303 1174 δὲ
325 1105 448 1174 άθλιον
473 1103 639 1173 κοινωνόν
660 1111 714 1174 καί
737 1114 793 1192 τῆς
817 1112 1038 1192 αἰχμαλωσίας
1061 1110 1115 1174 καὶ
1139 1114 1196 1191 τῆς

185 1205 393 1292 άχθοῳορίας
405 1205 563 1292 λαβόντες
574 1212 619 1294 τῳ
631 1209 718 1289 ξίφει
728 1202 975 1290 ῦποτέμνουσιν
990 1209 1027 1275 ἐκ
1038 1213 1106 1273 τῶν
1118 1225 1195 1272 σκε-

185 1311 255 1374 λῦν
271 1306 325 1372 καλ
347 1311 531 1386 σπαίροντα
552 1307 599 1370 ἐτι
622 1299 773 1369 ὠθοῦσιν
796 1304 829 1380 ἐς
848 1303 908 1369 τὸν
927 1303 1088 1390 κρημνόν.
1123 1301 1193 1369 ὁδέ

184 1402 283 1492 ἀπῄει
301 1401 391 1468 κάτω
406 1399 465 1468 τδν
482 1401 634 1468 θάνατον
655 1397 867 1487 ὀρχούμενος.
896 1408 946 1468 20.
970 1400 1035 1487 ἐγω
1052 1401 1087 1468 δὲ
1104 1398 1193 1483 ὁρῶν

185 1504 288 1588 ἐντῷ
313 1499 547 1586 συνοδοιπόρῳ
571 1507 638 1565 των
662 1503 751 1584 ἐμῦν
771 1500 1011 1586 βουλευμάτων
1031 1498 1067 1566 τό
1090 1501 1193 1582 τέλος,

185 1605 293 1683 ἐγνων
312 1598 428 1678 φέρειν
447 1593 591 1681 εὐγενῶς
611 1601 651 1663 τά
673 1600 710 1664 ἐν
727 1601 804 1665 ποσὶ
825 1602 879 1665 καί
899 1598 1084 1684 προθύμως
1098 1622 1192 1681 περι-

184 1707 316 1776 πατεῖν,
341 1693 473 1772 ἐλπίδας
496 1700 579 1780 ἔχων
596 1694 729 1773 πάντως
751 1695 828 1763 ποτὲ
849 1697 1064 1780 ἐμπεσεῖσθαι
1084 1702 1131 1774 είς
1152 1691 1191 1762 τά

183 1791 266 1876 ῥόδα
280 1789 344 1858 κάκ
359 1791 487 1858 τούτων
503 1797 548 1870 είς
566 1794 711 1879 ἐμαυτόν
727 1790 1025 1879 άνασωθύσεσθαι·
1055 1797 1193 1860 καὶτῶν

114 1909 166 1963 588
185 1895 315 1979 λῃστῶν
331 1891 367 1958 δὲ
380 1889 508 1976 ἤκουον
521 1889 565 1970 ὡς
579 1889 641 1959 οῦκ
658 1901 707 1977 εἴη
722 1896 770 1959 ἔτι
785 1889 872 1960 πολύ
889 1899 946 1978 τῆς
962 1889 1045 1960 όδοῦ
1061 1892 1182 1959 λοιπόν

183 1991 238 2056 καὶ
253 1985 304 2054 ότι
328 1995 573 2074 καταμενοῦσιν
591 1994 676 2056 ἔνθα
693 1990 955 2058 καταλύσουσιν·
984 1989 1067 2057 ὥστε
1089 1996 1191 2055 ταῦτα

182 2086 291 2154 πάντα
308 2088 421 2178 δρόμῳ
436 2090 646 2175 ἐκομίζομεν,
664 2091 719 2155 καὶ
735 2086 799 2173 πρό
816 2095 873 2174 τῆς
889 2091 1028 2172 ἑσπέρας
1041 2086 1192 2174 ἤλθομεν

183 2193 228 2264 είς
245 2184 285 2253 τά
303 2191 417 2254 οίκεῑα.
450 2195 555 2272 γραῦς
572 2190 609 2254 δὲ
628 2186 715 2272 γυνὴ
737 2191 838 2255 ἔνδον
857 2195 1023 2272 καθῆστο,
1048 2188 1103 2252 καὶ
1122 2191 1192 2268 πῦρ

182 2281 268 2351 πολὺ
281 2286 415 2350 ἐκαίετο.
435 2287 468 2350 οί
479 2283 514 2350 δὲ
524 2283 633 2350 πάντα
646 2286 755 2352 ἐκεῖνα
765 2284 850 2369 άπερ
863 2284 1087 2371 ἐτυγχάνομεν
1098 2280 1192 2369 ἡμεῖς

181 2387 385 2466 κομίζοντες,
417 2391 493 2449 είσω
514 2385 714 2469 κατέθηκαν.
748 2383 815 2453 εἶτα
838 2383 961 2472 ἤροντο
983 2384 1045 2469 τὴν
1069 2389 1190 2468 γραῦν,

136 2487 139 2494 “
181 2476 249 2548 Διά
277 2485 311 2546 τί
331 2477 437 2557 οὕτως
462 2482 585 2566 καθίζῃ
609 2484 663 2549 καί
689 2484 730 2551 οὐ
755 2484 1012 2570 παρασκευάζεις
1036 2480 1191 2567 άριστον;

177 2575 274 2646 Ἀλλά
291 2579 416 2665 πάντα,
442 2577 565 2666 είπενὴ
581 2588 702 2667 γραῦς,
720 2580 862 2669 εὐτρεπῆ
877 2579 973 2668 ὑμῖν,
997 2580 1091 2662 άρτοι
1106 2588 1191 2647 πολ-

181 2684 249 2765 λοί,
266 2687 363 2745 οίνου
377 2685 521 2745 παλαιοῦ
535 2685 647 2766 πίθοι,
665 2685 721 2750 καὶ
737 2681 777 2751 τά
793 2685 873 2769 κρέα
887 2683 924 2749 δὲ
940 2677 1021 2766 ὑμίν
1035 2680 1075 2748 τά
1089 2680 1191 2766 άγρια

180 2776 372 2846 σκευάσασα
388 2782 458 2863 ἔχω.
490 2782 523 2846 οί
537 2779 572 2846 δὲ
589 2776 651 2865 τὴν
665 2788 774 2865 γραῦν
791 2783 1039 2864 ἐπαινέσαντες,
1060 2777 1190 2846 άποδυ-

180 2877 319 2963 σάμενοι
333 2875 510 2964 ἠλείφοντο
526 2876 609 2964 πρδς
623 2875 660 2947 τό
675 2887 744 2964 πῦρ
758 2879 813 2946 καὶ
828 2880 965 2965 λέβητος
981 2881 1080 2945 ἔνδον
1096 2876 1188 2959 ὕδωρ

178 2974 310 3061 θερμόν
325 2982 457 3062 ἔχοντος
472 2975 678 3065 άρυσάμενοι
694 2984 796 3046 ἐνθεν
810 2979 866 3045 καὶ
876 2975 1114 3062 καταχεόμενοι
1126 2973 1190 3041 αῦ-

178 3077 335 3163 τοσχεδίῳ
350 3082 395 3164 τῷ
409 3081 541 3164 λουτρῷ
555 3077 744 3164 ἐχρήσαντο.
779 3081 829 3143 21.
845 3073 913 3143 εἶτα
927 3073 1027 3166 όλίγῳ
1045 3075 1190 3158 ὕστερον

177 3165 262 3258 ἧκον
275 3179 444 3240 νεανίσκοι
460 3177 575 3242 πολλοὶ
586 3181 774 3260 κομίζοντες
790 3184 927 3244 πλείστα
939 3173 1002 3242 ὅσα
1015 3183 1122 3260 χρυσοῖ
1132 3176 1188 3241 καὶΙ

178 3269 309 3357 άργυρῦ
326 3275 380 3339 καὶ
398 3273 510 3358 ίμάτια
532 3275 587 3342 καὶ
600 3275 729 3359 κόσμον
743 3288 936 3360 γυναικεῖον
956 3276 1013 3342 καὶ
1029 3272 1188 3355 ἀνδρεῖον

177 3369 294 3434 πολύν.
318 3370 523 3438 ἐκοινώνουν
537 3373 574 3440 δὲ
586 3365 679 3439 οῦτοι
694 3370 863 3459 ἀλλήλοις·
887 3373 942 3440 καὶ
956 3371 1069 3458 ἐπειδὴ
1077 3379 1189 3438 ταῦτα
