2575 3842
385 195 595 264 ΤΟΞΑΡΙΣ
613 206 638 255 H
662 202 822 260 ΦΙΛΙΑ.
1042 205 1103 266 301

93 367 195 428 νιτῶν
211 360 312 428 πόλιν
332 358 536 443 ἐπαγόμενος
551 362 605 426 καὶ
624 373 785 445 γυναῖκα,
809 355 849 446 ἧς
868 361 932 449 ἦρα
949 363 1102 448 μάλιστα,

92 459 147 526 καὶ
162 460 277 525 παιδία
288 454 367 523 δύο·
391 452 427 521 τὸ
439 457 502 540 μὲν
512 457 741 541 ἐπιμαστίδιον
752 455 871 543 ἀρρευ,
888 458 925 525 τό
939 460 975 526 δὲ
988 463 1102 544 ἕτερον

91 557 176 642 κόρη
192 555 315 630 ἑπτέτις
325 547 384 639 ἦν·
402 553 628 639 συναπεδήμει
643 555 679 621 δέ
690 556 745 621 καὶ
756 559 882 641 ἑταῖρος
893 555 998 624 αύτοῦ
1009 565 1101 625 Γυν-

92 655 210 739 δάνης,
227 644 325 729 οὗτος
338 651 400 736 μὲν
414 652 470 718 καὶ
485 659 596 718 νοσῶν
612 649 679 718 ἀπό
693 652 897 738 τραύματος,
913 651 1100 739 δέτέτρωτο

81 745 173 818 κατὰ
191 749 252 837 τὴν
269 747 350 817 ὁδόν
364 745 430 815 ὑπό
453 755 585 836 λῃστῶν
602 749 829 817 ἐπιπεσόντων
845 758 957 836 σφίσι·
980 755 1100 837 διαμα-

89 848 230 936 χόμενος
241 845 307 934 γάρ
325 845 408 932 πρὸς
419 843 542 923 αύτούς
560 847 733 914 ἐλαύνεται
746 853 792 926 είς
804 846 863 916 τόν
873 849 997 936 μηρόν,
1016 847 1099 917 ὥστε
1119 876 1168 929 565

91 945 170 1014 ούδέ
183 943 316 1013 ἑστάναι
327 944 469 1010 ἐδύνατο
481 939 547 1009 ὑπό
560 950 617 1029 τῆς
628 942 762 1030 όδύνης.
778 945 912 1030 νύκτωρ
924 949 960 1012 δὲ
970 956 1097 1013 καθευ-

91 1045 222 1112 δόντων
235 1081 279 1094 —-
293 1048 410 1128 ἐτνχον
425 1040 462 1108 δὲ
480 1043 518 1108 ἐν
535 1039 678 1132 ὑπερῴῳ
692 1045 758 1111 τινὶ
772 1049 942 1123 οἰκοῦντες
954 1085 998 1096 -
1011 1070 1099 1129 πυρ-

90 1140 168 1211 καλά
193 1140 318 1227 μεγάλη
344 1143 548 1220 ἐξανίσταται
577 1143 631 1208 καὶ
657 1141 765 1209 πάντα
797 1151 1016 1227 περιεκλείετο
1039 1146 1099 1227 Ικαὶ

89 1253 253 1326 περιεῖχεν
268 1235 290 1324 ἡ
306 1236 390 1324 φλὸξ
406 1235 643 1324 ἁπανταχόθεν
662 1237 725 1325 τὴν
739 1245 863 1307 οἰκίαν·
892 1244 1041 1308 ἐνταῦθα
1057 1238 1098 1327 δὴ

90 1335 314 1424 ἀνεγρόμενος
331 1333 348 1402 ὁ
363 1333 523 1423 Ἀβαύχας
534 1335 726 1405 καταλιπων
738 1335 778 1404 τά
793 1345 908 1406 παιδία
919 1348 1098 1424 κλαυθμυι

89 1435 244 1522 ριζόμενα
259 1435 314 1502 καὶ
330 1432 392 1520 τὴν
414 1449 556 1520 γυναῖκα
573 1437 821 1522 ἐκκρεμαμένην
836 1435 1098 1523 ἀποσεισάμενος

87 1539 143 1602 καὶ
153 1535 270 1615 σοι’ζειν
283 1530 387 1619 αὐτὴν
399 1532 748 1618 παρακελευσάμενος,
764 1531 929 1620 ἀράμενος
939 1535 999 1603 τόν
1011 1538 1099 1603 ἑταί-

89 1660 151 1718 ρου
165 1641 310 1718 κατῆλθε
323 1635 375 1699 καὶ
392 1637 483 1718 έφθη
496 1635 688 1710 διεκπαίσας
702 1631 782 1702 καθ’
800 1631 819 1700 ό
833 1638 969 1721 μηδέπω
980 1636 1098 1711 τελέως

88 1727 292 1797 ἀπεκέκαυτο
309 1726 375 1796 ὑπὸ
390 1734 451 1795 τοῦ
466 1727 589 1813 πυρός·
610 1726 631 1813 ἡ
649 1728 735 1816 γυνη
752 1733 788 1798 δὲ
804 1735 954 1815 φέρουσα
969 1728 1007 1799 τό
1018 1734 1097 1817 βρέ-

90 1852 152 1912 φος
170 1828 279 1892 εἵπετο
295 1823 499 1892 ἀκολουθεῖν
516 1825 699 1892 κελεύσασα
720 1830 774 1894 καὶ
791 1825 853 1913 τὴν
869 1831 992 1913 κόρην,
1017 1825 1037 1913 ἡ
1061 1826 1096 1894 δὲ

87 1920 289 2008 ἡμίφλεκτος
304 1919 424 2006 ἀφεῖσα
439 1917 475 1986 τό
492 1923 626 1986 παιδίον
641 1924 676 1987 ἐκ
687 1930 744 2007 τῆς
758 1919 905 2008 ἀγκάλης
919 1925 1014 2008 μόλις
1026 1928 1096 1990 διε-

88 2020 216 2107 πήδησε
233 2017 294 2105 την
314 2019 424 2104 φλόγα
441 2019 496 2085 καὶ
516 2015 536 2103 ἡ
558 2031 634 2095 παῖς
658 2017 723 2085 σύν
741 2018 841 2109 αὐτῇ,
867 2018 957 2105 παρά
975 2019 1097 2106 μικρὸν

88 2121 236 2186 ἐλθοῦσα
247 2113 384 2202 κάκείνη
399 2113 596 2183 ἀποθανεῖν.
620 2117 674 2183 καὶ
686 2115 798 2204 ἐπειδὴ
811 2116 965 2186 ὠνείδισέ
974 2146 1023 2196 τις
1036 2119 1097 2187 τόν

84 2215 249 2303 Ἀβαύχαν
265 2213 425 2301 ὕστερον,
449 2215 532 2282 διότι
548 2213 695 2300 προδούς
713 2215 754 2282 τά
771 2219 870 2284 τέκνα
888 2220 943 2286 καὶ
957 2216 1019 2304 τὴν
1034 2244 1097 2304 γυ-

86 2329 184 2384 ναῖκα
196 2312 213 2382 ὁ
227 2315 262 2382 δέ
273 2315 455 2402 Γυνδάνην
467 2314 671 2401 ἐξεκόμισεν,
685 2313 782 2384 ’Λλλά
793 2321 913 2394 παῖδας
926 2319 1003 2404 μέν,
1020 2323 1096 2403 ἔφη,

84 2416 139 2483 καὶ
160 2406 261 2493 αὖθις
278 2413 487 2501 ποιήσασθαί
504 2441 560 2499 μοι
578 2410 697 2504 ῥηίδιον
712 2418 767 2484 καὶ
787 2414 913 2503 άδηλον
930 2423 961 2485 εί
973 2416 1097 2503 ἀγαθοὶ

85 2518 218 2581 ἔσονται
234 2504 344 2598 οὗτοι,
363 2520 464 2599 φίλον
480 2515 515 2581 δὲ
530 2511 592 2580 οὐκ
607 2510 651 2582 άν
665 2513 797 2602 εόροιμι
814 2513 917 2585 ἀλλον
930 2519 968 2584 ἐν
983 2523 1096 2606 πολλῷ

84 2613 195 2700 χρόνῳ
212 2618 366 2679 τοιοῦτον
383 2607 453 2691 οἷος
469 2613 647 2700 Γυνδάνης
666 2617 735 2683 ἐστὶ
756 2615 876 2698 πελράυ
891 2641 949 2701 μοι
967 2612 1096 2701 πολλὴν

85 2717 143 2794 τῆς
158 2705 291 2786 εὐνοίας
305 2716 560 2798 παρεσχημένος.

171 2813 222 2874 62.
244 2815 388 2893 Είρηκα,
412 2803 439 2875 ά
454 2811 655 2896 Μνήσιππε,
672 2808 737 2878 ἀπὸ
754 2819 889 2879 πολλῶν
901 2814 1000 2878 πέντε
1014 2809 1095 2878 τούἱ

85 2933 164 2984 τους
180 2907 482 2993 προχειρισάμενος.
511 2907 575 2994 ἤδη
595 2907 631 2975 δὲ
647 2905 763 2993 Ικαιρός
777 2905 822 2975 ἀν
836 2919 887 2995 εἴη
908 2916 1094 2993 κεκρίσθαι,

84 3003 249 3088 ὁπότερον
264 3002 360 3090 ἡμῶν
380 3001 402 3091 ἢ
417 3005 479 3092 τὴν
498 3014 648 3092 γλῶτταν
663 3000 685 3090 ἢ
703 3003 765 3091 τὴν
781 3006 893 3087 δεξιάν
910 3005 1094 3094 ἀποτετμῆ-
1114 3022 1164 3078 566

84 3113 167 3172 σθαι
182 3106 261 3170 δέοι.
285 3109 333 3181 τίς
348 3096 412 3170 ούν
428 3100 445 3170 ὁ
463 3103 609 3171 δικάσων
624 3106 730 3186 ε’στίν;

168 3209 318 3270 ΜΝΗΣ.
344 3199 433 3268 Ούδέ
450 3195 510 3279 εἷς·
538 3199 579 3269 ού
598 3199 663 3287 γάρ
678 3203 882 3287 ἐκαθίσαμέν
902 3229 977 3269 τινα
999 3206 1095 3269 δικα-

84 3298 166 3387 στὴν
188 3308 248 3368 τοῦ
269 3301 382 3387 λόγου.
416 3297 487 3368 ἀλλ’
512 3298 612 3368 οἶσθα
636 3297 656 3367 ὃ
679 3299 867 3386 δράσομενς
895 3297 1008 3387 ἐπειδὴ
1029 3308 1095 3369 νῦν

84 3397 215 3466 ἀσκοπα
231 3399 485 3485 τετοξεύκαμεν,
504 3389 605 3478 αὖθις
622 3398 772 3485 ἑλόμενοι
788 3397 959 3487 διαιτητὴν
974 3397 1096 3478 ἀλλους
