2575 3842
174 167 237 231 366
529 170 836 228 AOYKIANOT

106 346 158 401 680
176 354 243 416 μου
257 326 315 395 τὸν
331 323 454 412 νεοδνῆ
470 325 665 412 ἀνατρέπων
677 325 713 393 τὰ
729 325 877 412 ἀγαλμα,
894 323 938 413 ἢν
951 327 995 413 μη
1014 338 1197 407 ταίςΜοί-

176 451 248 509 ραις
262 425 365 493 πάλαι
383 426 584 511 δεδογμένον
600 418 638 512 ᾗ,
656 422 718 491 οῦκ
734 427 894 508 ἐπιτρίψω
911 423 1030 506 αὐτόν;

259 531 386 591 ΖΕΥΣ.
409 520 582 607 Οὐδαμῶς.

259 628 391 689 ΗΡΑΚ.
418 617 556 687 Οὐκοῦν
571 618 735 704 ἀκουσον,
752 612 779 685 οδ
789 629 872 704 Ζεῦ,
888 619 968 706 μετά
982 630 1194 706 παρρησίας·

176 716 238 805 ε’γδ
257 719 338 804 γάρ,
359 715 402 796 ὡς
418 715 435 785 ὁ
452 716 612 806 κωμφδὸς
626 723 707 803 ἔφη,
724 715 882 802 ἀγροικός
897 724 962 804 είμι
976 717 1037 804 τὴν
1048 719 1195 806 σκάφην

176 816 311 901 σκάφην
325 820 448 900 λέγων·
476 821 506 882 εί
515 815 655 881 τοιαῦτά
670 818 738 881 ε’στι
755 811 794 880 τά
811 811 971 899 ἡμέτερα,
986 813 1097 901 μακρά
1112 825 1194 901 χαί-

176 939 248 996 ρειν
261 913 393 998 φράσας
406 925 476 990 ταῖς
490 915 527 979 έν
539 910 674 1002 οὐρανῷ
685 926 793 996 τιμαῖς
803 913 858 979 καὶ
871 920 969 1001 κνίση
985 915 1040 981 καὶ
1054 918 1191 999 ἱερείων
1271 930 1273 977 Ι

177 1014 289 1096 αἵματι
306 1013 338 1089 ἐς
355 1007 417 1077 τὸν
437 1008 523 1098 ᾅδην
545 1007 681 1094 ἀπειμι,
702 1007 790 1076 ὅπου
813 1035 854 1095 με
876 1008 1007 1095 γυμνδν
1027 1009 1063 1077 τδ
1087 1010 1188 1091 τόξον

176 1113 292 1192 ἔχοντα
306 1103 371 1174 κάν
382 1104 421 1174 τά
433 1112 553 1174 εἴδωλα
568 1106 749 1196 φοβήσεται
765 1115 832 1173 τῶν
846 1103 905 1174 ὑπ’
920 1110 1002 1194 ἐμοῦ
1013 1134 1186 1194 πεφονευ-

174 1207 286 1291 μένων
301 1211 442 1291 θηρίων.

258 1312 384 1372 ΖΕΥΣ.
407 1297 459 1372 Εὖ
471 1331 518 1390 γε,
534 1313 672 1372 οἴκοθεν
683 1301 701 1370 ὁ
714 1303 851 1390 μάρτυς,
869 1311 988 1390 φησίν·
1010 1301 1186 1384 ἀπέσωσάς

107 1421 155 1477 581
176 1397 208 1487 γ’
226 1397 269 1468 ἀν
283 1395 347 1468 οὖν
361 1410 406 1490 τῷ
418 1404 545 1487 Δάμιδι
561 1409 664 1468 ταῦτα
677 1408 781 1470 εἰπεῖν
795 1400 1007 1489 ὑποβάλλειν.
1029 1408 1079 1470 33.
1098 1401 1182 1471 ἀλλά
1274 1420 1275 1457 ss

174 1507 222 1580 τίς
243 1499 260 1568 ὁ
285 1505 414 1587 σπουδῇ
429 1500 579 1582 προσιών
597 1493 713 1586 οὗτος,
737 1500 754 1569 ὁ
772 1508 929 1587 χαλκοῦς,
953 1499 970 1567 ὁ
994 1499 1183 1588 εὔγραμμος

175 1601 229 1664 καὶ
246 1593 520 1682 εὐπερίγραπτος,
545 1596 563 1664 ὁ
580 1595 715 1683 ἀρχαῖος
735 1596 797 1684 τὴν
814 1596 972 1666 ἀνάδεσιν
987 1605 1044 1683 τῆς
1062 1599 1185 1686 κόμης;

174 1693 349 1779 μᾶλλονδὲ
363 1690 381 1761 ὁ
396 1693 470 1779 σός,
489 1687 643 1782 ἀῈρμῆ,
660 1693 805 1782 ἀδελφός
820 1698 924 1782 ἐστιν,
941 1694 959 1762 δ
975 1694 1149 1782 ἀγοραῖος,
1167 1693 1185 1762 ὁ
1275 1708 1276 1717 ’

175 1789 263 1876 παρὰ
282 1789 344 1878 την
360 1798 539 1879 Ποικίλην·
570 1801 683 1880 πίττης
696 1802 782 1879 γοῦν
798 1791 1045 1879 ἀναπέπλησται
1061 1791 1185 1878 ὁσημέ-
1276 1812 1277 1815 ’

174 1914 229 1973 ραι
251 1891 490 1977 ἐκματτόμενος
504 1887 568 1958 ὑπὸ
587 1898 655 1958 τῶν
672 1889 968 1975 ἀνδριαντοποιῶν.
999 1897 1046 1976 τί,
1069 1883 1185 1974 ἀπαί,

174 1991 332 2073 δρομαῖος
346 1985 426 2075 ἡμῖν
443 1986 573 2075 ἀφῖξαι;
596 1982 616 2075 ἦ
634 1989 701 2056 ποῦ
717 2016 747 2056 τι
762 1990 797 2056 ἐκ
819 1996 878 2075 γης
893 1989 1056 2073 νεώτερον
1074 1987 1186 2074 ἀπαγ-

175 2088 315 2168 γέλλεις;
1277 2076 1278 2091 ¹

257 2191 541 2253 ΕΡΜΑΓΟΡΑΣ.
560 2185 758 2273 ’Ῥπέρμεγα,
776 2178 900 2272 ἀΖεῦ,
920 2189 975 2253 καὶ
992 2192 1112 2270 μυρίας
1126 2193 1186 2270 τῆς

175 2285 322 2369 σπουδῆς
341 2285 511 2369 δεόμενον.

258 2389 384 2449 ΖΕΥΣ.
408 2388 493 2470 Λέγε
510 2383 590 2471 ἤδη,
609 2394 684 2452 εἴτι
701 2386 755 2451 καὶ
768 2381 848 2450 ἀλλο
863 2379 948 2469 ἡμᾶς
962 2380 1184 2466 ἐπανιστάμε-

174 2502 236 2543 νον
252 2482 404 2564 λέληθευ.
676 2531 678 2535 .

256 2584 419 2646 EPMAF.
439 2577 638 2666 Ἐτύγχανον
651 2583 712 2666 μὲν
727 2579 802 2668 ἀρτι
816 2583 1034 2666 χαλκουργῶν
1049 2576 1115 2645 ὕπο

280 2676 496 2762 πιττούμενος
514 2683 654 2765 στέρνον
670 2670 773 2747 τεκαὶ
790 2678 1016 2764 μετάφρενον·

278 2771 393 2856 θώραξ
411 2778 450 2843 δέ
460 2803 516 2862 μοι
531 2785 658 2862 γελοῖος
673 2775 758 2863 ἀμφὶ
774 2776 900 2862 σώματι

279 2878 439 2953 πλασθεὶς
452 2878 650 2964 παρῃώρητο
664 2883 789 2964 μιμηλῇ
805 2877 902 2962 τέχνη

280 2978 447 3058 σφραγῖδα
464 2983 588 3060 χαλκοῦ
603 2983 714 3042 πᾶσαν
731 2976 992 3059 ἐκτυπούμενος·

281 3068 349 3156 δρῶ
365 3069 396 3140 δ’
414 3071 512 3158 ὄχλον
528 3079 696 3159 στείχοντα
711 3079 770 3143 καί
779 3101 872 3152 τινας
886 3072 948 3139 δύο
973 3097 976 3102 ·

282 3166 409 3256 ἀχροῦς
421 3171 618 3258 κεκράκτας,
631 3171 825 3257 πυγμάχους
837 3170 1063 3256 σοφισμάτων,

279 3274 391 3351 Δᾶμίν
405 3293 440 3334 τε
457 3271 511 3336 καὶ
527 3309 565 3318 -

259 3371 384 3429 ΖΕΥΣ.
413 3371 523 3448 Παῦε,
557 3357 790 3452 ἀἘρμαγόρα
809 3370 975 3453 βέλτιστε,
1003 3371 1178 3449 ίαμβίζωυ·
