2575 3842
367 186 819 246 ΤΥΡΑΝΝΟΚΤΟΝΟΣ.
1056 186 1096 248 81

87 348 205 425 ἀξιοῦν
222 344 265 424 ὡς
282 345 461 431 εὐεργέτην
476 343 670 429 λαμβάνειν.
695 346 777 430 ἐμοῦ
789 346 851 429 μέν
866 343 907 413 ού
927 348 1098 432 δυνηθέν-

86 470 159 528 τος,
181 442 286 512 ἀλλου
308 445 344 511 δὲ
364 440 437 529 μετ’
460 442 516 527 ἐμὲ
536 444 937 529 τετυραννοκτονηκότος,
962 443 1099 531 ἀλογον,

87 546 160 609 είπέ
172 568 245 627 μοι,
261 538 282 627 ἦ
299 541 457 627 ἀγνῶμον
471 532 515 625 ἦν
529 554 729 624 παρασχεῖν;
751 543 805 608 καὶ
825 542 965 626 μάλιστα
984 549 1014 610 εί
1026 548 1098 610 ἐλε-

85 637 327 724 γον,”Ανόρες,
342 637 547 725 ἐβουλόμην,
562 635 729 723 ἠθέλησα,
741 640 950 724 ἐπεχείρησα,
963 639 1097 720 ἐπειρά-

86 745 173 819 θην,
190 742 249 820 τῆς
262 735 397 820 γνώμης
412 733 518 819 μόνης
532 732 622 812 άξιός
637 740 703 819 είμι
719 741 896 821 τιμᾶσθαι,
911 741 946 801 τί
956 730 999 801 ἀν
1015 730 1097 801 ἀπε-

85 837 190 912 κρίνω
201 831 293 913 τότε;
315 837 365 899 15.
377 838 443 898 νῦν
455 832 490 897 δὲ
502 828 543 897 οὐ
554 829 654 896 τοῦτό
666 856 766 916 φημι,
782 829 864 900 ἀλλά
877 834 932 899 καὶ
944 828 1097 917 ἀνῆλθον

85 933 138 997 καὶ
155 928 377 997 ἐκινδύνευσα
393 931 448 996 καὶ
463 934 566 1013 μυρία
580 924 645 1013 πρό
661 934 718 1013 τῆς
735 936 796 995 τοῦ
811 937 990 997 νεανίσκου
1008 948 1095 1014 σφα-

86 1034 147 1113 γῆς
161 1026 323 1113 ἐπόνησα·
346 1024 390 1113 μὴ
404 1023 471 1112 γάρ
482 1024 571 1092 ούτω
586 1029 710 1113 ῥᾷστον
724 1027 807 1112 μηδὲ
822 1026 952 1113 εὐχερὲς
969 1025 1097 1094 ὑπολά-

86 1133 164 1212 βητε
179 1122 263 1192 εἶναι
279 1122 316 1192 τό
331 1131 483 1210 πρᾶγμα,
499 1120 658 1207 φρουράν
674 1120 862 1211 ὑπερβῆναι
876 1127 932 1193 καὶ
947 1122 1094 1209 δορυφό-

16 1214 17 1294 J
87 1247 157 1306 ρων
169 1228 329 1306 κρατῆσαι
342 1222 397 1287 καὶ
407 1222 595 1305 τρέψασθαι
605 1218 787 1297 τοσούτους
795 1221 913 1306 μόνον,
926 1218 1009 1289 ἀλλά
1022 1239 1096 1304 σχε-

15 1321 17 1374 3
85 1317 148 1385 δὸν
163 1316 200 1384 τό
217 1320 373 1403 μέγιστον
389 1321 425 1385 ἐν
446 1324 486 1405 τῇ
506 1324 770 1407 τυραννοκτονίᾳ
785 1320 839 1385 καὶ
853 1316 890 1385 τό
912 1318 1096 1404 κεφάλαιον

86 1422 153 1483 τῶν
169 1418 277 1499 ἐργων
291 1414 390 1481 τοῦτό
407 1418 505 1483 ἐστιν.
530 1411 572 1481 ού
586 1410 651 1498 γὰρ
666 1412 706 1499 δὴ
724 1411 825 1493 αύτός
841 1442 878 1501 γε
895 1413 912 1483 ὁ
930 1416 1096 1500 τύραννος

14 1515 16 1528 ”
85 1515 168 1597 μέγα
184 1515 239 1579 καὶ
257 1513 452 1581 δυσάλωτον
466 1514 520 1578 καὶ
533 1513 822 1597 δυσκατέργαστόν
837 1516 941 1597 ἐστιν,
957 1510 1040 1578 ἀλλά
1056 1509 1095 1577 τά

86 1616 303 1728 φρουροῦντα
318 1612 372 1677 καί
387 1614 568 1695 συνέχοντα
582 1634 645 1694 την
662 1606 906 1694 τυραννίδα,“
883 1636 904 1675 α
921 1634 971 1686 τις
985 1604 1029 1675 ἀν
1043 1634 1095 1675 νι-

84 1706 186 1793 κήση,
202 1705 312 1773 πάντα
326 1699 424 1785 οῦτος
434 1706 656 1791 κατώρθωσε,
672 1706 772 1773 καὶ
738 1733 774 1773 το
787 1704 906 1774 λοιπόν
919 1702 1042 1791 ὀλίγον.
1058 1704 1095 1771 τό

85 1801 160 1923 δη”
137 1829 213 1888 αχρι
225 1811 294 1871 τοῖν
306 1803 489 1887 τυράννων
501 1811 682 1889 προελθεῖν
697 1801 759 1869 οὐκ
771 1799 815 1869 ἀν
829 1800 957 1888 ῦπηρξέ
968 1828 1036 1888 μοι,
1051 1827 1095 1886 μη

86 1900 157 1986 οῦχὶ
167 1908 236 1966 τῶν
248 1899 376 1985 περὶ’
335 1900 457 1979 αυτούς
472 1903 636 1987 φυλάκων
649 1927 702 1967 και
692 1897 952 2018 δορυφόρων
936 1898 1095 1965 απάντωυ

84 1998 299 2082 κεκρατηκότι
311 1998 487 2079 κάκείνους
497 1997 646 2076 ἅπαντας
656 1998 920 2083 προνενικηκότι.
936 1995 1036 2063 οῦδὲν
1048 2001 1094 2063 ἐτι
1115 2013 1165 2069 153

84 2101 298 2180 προστίθημι,
309 2092 382 2164 ἀλλ’
396 2098 448 2163 ἐπὶ
458 2095 586 2162 τούτων
597 2088 699 2172 αῦθις
709 2096 815 2179 μένω·
833 2100 984 2179 φυλακῆς
993 2094 1093 2175 ἐκρά-

82 2212 184 2279 τησα,
206 2191 420 2277 δορυφόρους
440 2197 593 2279 ἐνίκησα,
614 2191 675 2259 τόν
695 2192 864 2279 τύραννον
885 2190 1091 2275 ἀφύλακτον,

83 2289 250 2375 ἀνοπλον,
265 2288 397 2375 γυμνόν
408 2289 571 2360 ἀπέδωκα.
593 2299 689 2377 τιμῆς
700 2290 790 2371 ἀξιος
800 2294 852 2359 ἐπὶ
866 2290 996 2367 τούτοις
1009 2286 1096 2356 εἶναί

82 2412 134 2457 σοι
149 2394 256 2473 δοκεῖ,
272 2384 352 2473 ἢέτι
366 2388 513 2469 ἀπαιτεῖς
527 2388 606 2474 παρ’
624 2394 706 2476 ἐμοῦ
719 2389 780 2459 τόν
796 2391 922 2477 φόνον;
946 2396 995 2459 16.
1016 2385 1089 2457 ἀλλ’

83 2493 112 2553 εί
126 2488 183 2553 καλ
199 2486 307 2570 φόνον
324 2492 441 2574 ζητεῖς,
463 2488 542 2557 ούιλέ
557 2496 655 2557 τοῦτο
672 2494 773 2575 ἐνδεῖ,
797 2489 876 2558 οὐδὲ
892 2488 1093 2609 ἀναίμακτός

83 2592 165 2671 ε,ίμι
185 2581 259 2652 ἀλλ’
278 2594 452 2671 είργασμαι
466 2589 615 2673 μεγάλην
631 2590 686 2656 καὶ
696 2596 857 2674 γενναίαν
869 2586 1003 2674 σφαγην
1014 2614 1093 2655 νεα-

83 2691 203 2751 νίσκου
218 2680 422 2768 ἀκμάζοντος
441 2687 495 2752 καὶ
510 2693 591 2753 πᾶσι
606 2695 773 2775 φοβεροῦ,
796 2685 877 2754 όι’“
858 2713 897 2753 ον
913 2684 1094 2772 ἀνεπιβού-

81 2792 200 2858 λευτος
220 2778 372 2858 κάκεῖνος
390 2807 449 2865 ην,
474 2808 500 2903 φ
516 2783 609 2904 μόνφ
630 2787 785 2872 ἐθάρρει,
812 2782 848 2863 ὃς
870 2782 943 2852 ἀντὶ
960 2790 1094 2851 πολλῶν

81 2906 176 2999 ηρκει
190 2872 453 2964 δορυφόρων.
432 2879 488 2965 αρ’
502 2874 566 2948 οὖν
581 2880 644 2951 οῦκ
657 2876 811 2968 ἄξιος,
784 2909 809 2950 οι
828 2875 941 2967 ούτος,
956 2887 1092 2964 δωρεᾶς,

82 2975 201 3046 ἀλλά”
180 3002 294 3061 ατιμος
310 2978 361 3043 ἐπὶ
379 2979 586 3063 τηλικούτοις
599 2984 763 3099 γένριμαι;
784 2987 817 3047 τί
835 2980 954 3099 γάρ,ε
940 2986 970 3047 εί
990 2983 1092 3061 δορυ-

82 3077 193 3162 φόρον
205 3076 281 3159 ἕνα,
292 3081 326 3141 τί
337 3071 368 3140 δ’
383 3072 439 3142 εί“
422 3079 592 3163 υπηρέτην
600 3077 675 3146 τινά
687 3084 747 3145 τοῦ
758 3077 929 3160 τυράννου
940 3076 1090 3145 ἀπέκτει-

81 3202 142 3260 να,
159 3180 193 3241 τί
204 3170 236 3240 δ’
255 3178 285 3239 εί
297 3176 428 3258 οἰκέτην
443 3180 569 3262 τίμιον,
591 3177 633 3244 ού
648 3180 731 3263 μέγα
748 3172 791 3241 ἀν
807 3177 898 3254 ἐθοξε
915 3179 1090 3261 καὶτοῦτο,

81 3270 272 3340 ἀνελθόντα
287 3272 324 3337 ἐν
344 3274 427 3359 μέση
440 3279 481 3359 τῇ
496 3271 691 3360 ἀκροπόλει,
713 3278 749 3341 ἐν
767 3277 878 3360 μέσοις
893 3288 961 3351 τοῖς
976 3272 1092 3353 ὅπλοις

81 3370 193 3455 φόνου
208 3366 520 3515 τινόςΠέργάσασθαι
534 3379 601 3439 τῶν
615 3380 676 3439 τοῦ
690 3373 861 3459 τυράννου
876 3380 1001 3458 φίλους
1025 3380 1091 3441 νῦν

165 3479 270 3519 wem.
319 3504 325 3517 .
930 3464 950 3524 6
