<?xml version="1.0" encoding="UTF-8"?>
<!DOCTYPE html PUBLIC "-//W3C//DTD XHTML 1.0 Transitional//EN"
    "http://www.w3.org/TR/xhtml1/DTD/xhtml1-transitional.dtd">
<html xmlns="http://www.w3.org/1999/xhtml" xml:lang="en" lang="en">
 <head>
  <title>
</title>
<meta http-equiv="Content-Type" content="text/html;charset=utf-8" />
  <meta name='ocr-system' content='tesseract 3.04.00' />
  <meta name='ocr-capabilities' content='ocr_page ocr_carea ocr_par ocr_line ocrx_word'/>
</head>
<body>
  <div class='ocr_page' id='page_1' title='image "./operaadoptimoru00jacogoog/operaadoptimoru00jacogoog_0192.png"; bbox 0 0 2575 3842; ppageno 0'>
   <div class='ocr_carea' id='block_1_1' title="bbox 169 200 826 268">
    <p class='ocr_par' dir='ltr' id='par_1_1' title="bbox 169 200 826 268">
     <span class='ocr_line' id='line_1_1' title="bbox 169 200 826 268; baseline 0.005 -5"><span class='ocrx_word' id='word_1_1' title='bbox 169 200 230 264; x_wconf 83' lang='lat'><strong><em>166</em></strong></span> <span class='ocrx_word' id='word_1_2' title='bbox 527 207 826 268; x_wconf 77' lang='grc' dir='ltr'><em>ΛΟΤΚΙΑΝΟΤ</em></span> 
     </span>
    </p>
   </div>
   <div class='ocr_carea' id='block_1_2' title="bbox 94 358 1177 3494">
    <p class='ocr_par' dir='ltr' id='par_1_2' title="bbox 98 358 1177 549">
     <span class='ocr_line' id='line_1_2' title="bbox 98 358 1177 454; baseline 0.004 -22"><span class='ocrx_word' id='word_1_3' title='bbox 98 378 150 432; x_wconf 79' lang='lat'><strong><em>³08</em></strong></span> <span class='ocrx_word' id='word_1_4' title='bbox 170 358 213 439; x_wconf 79' lang='grc' dir='ltr'><strong><em>ιῦς</em></strong></span> <span class='ocrx_word' id='word_1_5' title='bbox 234 373 332 441; x_wconf 75' lang='grc' dir='ltr'><strong><em>εἴτις</em></strong></span> <span class='ocrx_word' id='word_1_6' title='bbox 353 367 390 432; x_wconf 89' lang='grc' dir='ltr'><strong><em>ἐν</em></strong></span> <span class='ocrx_word' id='word_1_7' title='bbox 409 371 455 453; x_wconf 79' lang='grc' dir='ltr'><strong><em>τῷ</em></strong></span> <span class='ocrx_word' id='word_1_8' title='bbox 472 361 563 452; x_wconf 76' lang='grc' dir='ltr'><strong><em>αύτῷ</em></strong></span> <span class='ocrx_word' id='word_1_9' title='bbox 582 368 636 432; x_wconf 79' lang='grc' dir='ltr'><strong><em>καὶ</em></strong></span> <span class='ocrx_word' id='word_1_10' title='bbox 656 365 858 451; x_wconf 77' lang='grc' dir='ltr'><strong><em>Ἡρακλέους</em></strong></span> <span class='ocrx_word' id='word_1_11' title='bbox 877 367 914 435; x_wconf 90' lang='grc' dir='ltr'><strong><em>τό</em></strong></span> <span class='ocrx_word' id='word_1_12' title='bbox 938 365 1100 454; x_wconf 84' lang='grc' dir='ltr'><strong><em>καρτερόν</em></strong></span> <span class='ocrx_word' id='word_1_13' title='bbox 1120 372 1177 437; x_wconf 83' lang='grc' dir='ltr'><strong><em>καλ</em></strong></span> 
     </span>
     <span class='ocr_line' id='line_1_3' title="bbox 164 457 709 549; baseline 0.007 -24"><span class='ocrx_word' id='word_1_14' title='bbox 164 457 359 546; x_wconf 88' lang='grc' dir='ltr'><strong><em>Ἀφροδίτης</em></strong></span> <span class='ocrx_word' id='word_1_15' title='bbox 374 460 410 528; x_wconf 90' lang='grc' dir='ltr'><strong><em>τό</em></strong></span> <span class='ocrx_word' id='word_1_16' title='bbox 427 460 535 549; x_wconf 88' lang='grc' dir='ltr'><strong><em>άβρόν</em></strong></span> <span class='ocrx_word' id='word_1_17' title='bbox 550 464 709 530; x_wconf 73' lang='grc' dir='ltr'><strong><em>δεικνύοι.</em></strong></span> 
     </span>
    </p>

    <p class='ocr_par' dir='ltr' id='par_1_3' title="bbox 164 556 1176 2212">
     <span class='ocr_line' id='line_1_4' title="bbox 252 556 1176 653; baseline 0.004 -29"><span class='ocrx_word' id='word_1_18' title='bbox 252 561 301 625; x_wconf 89' lang='grc'><strong><em>74.</em></strong></span> <span class='ocrx_word' id='word_1_19' title='bbox 323 556 445 626; x_wconf 84' lang='grc' dir='ltr'><strong><em>Ἐθίλω</em></strong></span> <span class='ocrx_word' id='word_1_20' title='bbox 456 559 566 645; x_wconf 76' lang='grc' dir='ltr'><strong><em>δέῆδη</em></strong></span> <span class='ocrx_word' id='word_1_21' title='bbox 581 563 635 626; x_wconf 90' lang='grc' dir='ltr'><strong><em>καὶ</em></strong></span> <span class='ocrx_word' id='word_1_22' title='bbox 645 558 819 641; x_wconf 78' lang='grc' dir='ltr'><strong><em>ὑποδεῖξαί</em></strong></span> <span class='ocrx_word' id='word_1_23' title='bbox 829 582 883 630; x_wconf 92' lang='grc' dir='ltr'><strong><em>σοι</em></strong></span> <span class='ocrx_word' id='word_1_24' title='bbox 897 572 944 653; x_wconf 76' lang='grc' dir='ltr'><strong><em>τῷ</em></strong></span> <span class='ocrx_word' id='word_1_25' title='bbox 956 564 1045 653; x_wconf 87' lang='grc' dir='ltr'><strong><em>λόγφ</em></strong></span> <span class='ocrx_word' id='word_1_26' title='bbox 1056 561 1176 630; x_wconf 75' lang='grc' dir='ltr'><strong><em>ὁποῖον</em></strong></span> 
     </span>
     <span class='ocr_line' id='line_1_5' title="bbox 166 654 1173 750; baseline 0.007 -29"><span class='ocrx_word' id='word_1_27' title='bbox 166 654 227 742; x_wconf 79' lang='grc' dir='ltr'><strong><em>χρὴ</em></strong></span> <span class='ocrx_word' id='word_1_28' title='bbox 244 655 325 724; x_wconf 80' lang='grc' dir='ltr'><strong><em>εἶναι</em></strong></span> <span class='ocrx_word' id='word_1_29' title='bbox 346 655 405 725; x_wconf 91' lang='grc' dir='ltr'><strong><em>τόν</em></strong></span> <span class='ocrx_word' id='word_1_30' title='bbox 421 657 559 744; x_wconf 87' lang='grc' dir='ltr'><strong><em>άριστου</em></strong></span> <span class='ocrx_word' id='word_1_31' title='bbox 577 656 743 745; x_wconf 77' lang='grc' dir='ltr'><strong><em>ὀρχηστὴν</em></strong></span> <span class='ocrx_word' id='word_1_32' title='bbox 758 666 795 726; x_wconf 90' lang='grc' dir='ltr'><strong><em>ἐν</em></strong></span> <span class='ocrx_word' id='word_1_33' title='bbox 810 687 845 728; x_wconf 88' lang='grc' dir='ltr'><strong><em>τε</em></strong></span> <span class='ocrx_word' id='word_1_34' title='bbox 861 669 950 750; x_wconf 74' lang='grc' dir='ltr'><strong><em>ψυχῇ</em></strong></span> <span class='ocrx_word' id='word_1_35' title='bbox 967 665 1022 730; x_wconf 85' lang='grc' dir='ltr'><strong><em>καλ</em></strong></span> <span class='ocrx_word' id='word_1_36' title='bbox 1038 663 1173 747; x_wconf 83' lang='grc' dir='ltr'><strong><em>σάματι.</em></strong></span> 
     </span>
     <span class='ocr_line' id='line_1_6' title="bbox 167 755 1176 846; baseline 0.005 -27"><span class='ocrx_word' id='word_1_37' title='bbox 167 759 273 822; x_wconf 89' lang='grc' dir='ltr'><strong><em>καίτοι</em></strong></span> <span class='ocrx_word' id='word_1_38' title='bbox 286 763 343 840; x_wconf 83' lang='grc' dir='ltr'><strong><em>τῆς</em></strong></span> <span class='ocrx_word' id='word_1_39' title='bbox 358 757 419 840; x_wconf 80' lang='grc' dir='ltr'><strong><em>μέν</em></strong></span> <span class='ocrx_word' id='word_1_40' title='bbox 433 764 541 843; x_wconf 79' lang='grc' dir='ltr'><strong><em>ψυχῆς</em></strong></span> <span class='ocrx_word' id='word_1_41' title='bbox 554 770 716 842; x_wconf 78' lang='grc' dir='ltr'><strong><em>προεῖπον</em></strong></span> <span class='ocrx_word' id='word_1_42' title='bbox 731 755 770 823; x_wconf 84' lang='grc' dir='ltr'><strong><em>τά</em></strong></span> <span class='ocrx_word' id='word_1_43' title='bbox 787 766 937 827; x_wconf 74' lang='grc' dir='ltr'><strong><em>πλείστα·</em></strong></span> <span class='ocrx_word' id='word_1_44' title='bbox 965 758 1176 846; x_wconf 89' lang='grc' dir='ltr'><strong><em>μνημονικόν</em></strong></span> 
     </span>
     <span class='ocr_line' id='line_1_7' title="bbox 166 851 1176 943; baseline 0.003 -25"><span class='ocrx_word' id='word_1_45' title='bbox 166 877 201 918; x_wconf 91' lang='grc' dir='ltr'><strong><em>τε</em></strong></span> <span class='ocrx_word' id='word_1_46' title='bbox 221 851 286 938; x_wconf 83' lang='grc' dir='ltr'><strong><em>γάρ</em></strong></span> <span class='ocrx_word' id='word_1_47' title='bbox 307 856 362 922; x_wconf 79' lang='grc' dir='ltr'><strong><em>καὶ</em></strong></span> <span class='ocrx_word' id='word_1_48' title='bbox 384 851 495 940; x_wconf 85' lang='grc' dir='ltr'><strong><em>εύφνᾶ</em></strong></span> <span class='ocrx_word' id='word_1_49' title='bbox 514 857 568 923; x_wconf 82' lang='grc' dir='ltr'><strong><em>καὶ</em></strong></span> <span class='ocrx_word' id='word_1_50' title='bbox 590 853 730 935; x_wconf 83' lang='grc' dir='ltr'><strong><em>ξυνετόν</em></strong></span> <span class='ocrx_word' id='word_1_51' title='bbox 745 858 800 923; x_wconf 80' lang='grc' dir='ltr'><strong><em>καὶ</em></strong></span> <span class='ocrx_word' id='word_1_52' title='bbox 824 853 905 936; x_wconf 82' lang='grc' dir='ltr'><strong><em>ὀξύν</em></strong></span> <span class='ocrx_word' id='word_1_53' title='bbox 923 859 1095 943; x_wconf 83' lang='grc' dir='ltr'><strong><em>ἐπινοῆσαι</em></strong></span> <span class='ocrx_word' id='word_1_54' title='bbox 1118 857 1176 922; x_wconf 79' lang='grc' dir='ltr'><strong><em>καὶ</em></strong></span> 
     </span>
     <span class='ocr_line' id='line_1_8' title="bbox 166 951 1175 1038; baseline 0.005 -24"><span class='ocrx_word' id='word_1_55' title='bbox 166 957 286 1035; x_wconf 92' lang='grc' dir='ltr'><strong><em>καιροῦ</em></strong></span> <span class='ocrx_word' id='word_1_56' title='bbox 300 951 441 1036; x_wconf 91' lang='grc' dir='ltr'><strong><em>μάλιστα</em></strong></span> <span class='ocrx_word' id='word_1_57' title='bbox 455 951 656 1037; x_wconf 77' lang='grc' dir='ltr'><strong><em>ἐστοχάσθαι</em></strong></span> <span class='ocrx_word' id='word_1_58' title='bbox 675 955 759 1038; x_wconf 80' lang='grc' dir='ltr'><strong><em>φημί</em></strong></span> <span class='ocrx_word' id='word_1_59' title='bbox 777 956 848 1020; x_wconf 75' lang='grc' dir='ltr'><strong><em>δεῖν</em></strong></span> <span class='ocrx_word' id='word_1_60' title='bbox 863 951 983 1038; x_wconf 90' lang='grc' dir='ltr'><strong><em>αύτόν,</em></strong></span> <span class='ocrx_word' id='word_1_61' title='bbox 1004 959 1051 1020; x_wconf 85' lang='grc' dir='ltr'><strong><em>ἐτι</em></strong></span> <span class='ocrx_word' id='word_1_62' title='bbox 1067 954 1103 1018; x_wconf 81' lang='grc' dir='ltr'><strong><em>δὲ</em></strong></span> <span class='ocrx_word' id='word_1_63' title='bbox 1119 952 1175 1019; x_wconf 68' lang='grc' dir='ltr'><strong><em>καὶ</em></strong></span> 
     </span>
     <span class='ocr_line' id='line_1_9' title="bbox 166 1047 1174 1138; baseline 0.002 -24"><span class='ocrx_word' id='word_1_64' title='bbox 166 1049 316 1132; x_wconf 88' lang='grc' dir='ltr'><strong><em>κριτικόν</em></strong></span> <span class='ocrx_word' id='word_1_65' title='bbox 331 1075 366 1116; x_wconf 91' lang='grc' dir='ltr'><strong><em>τε</em></strong></span> <span class='ocrx_word' id='word_1_66' title='bbox 381 1050 575 1137; x_wconf 78' lang='grc' dir='ltr'><strong><em>ποιημάτων</em></strong></span> <span class='ocrx_word' id='word_1_67' title='bbox 587 1052 642 1117; x_wconf 76' lang='grc' dir='ltr'><strong><em>καί</em></strong></span> <span class='ocrx_word' id='word_1_68' title='bbox 657 1047 814 1138; x_wconf 78' lang='grc' dir='ltr'><strong><em>ᾀσμάτων</em></strong></span> <span class='ocrx_word' id='word_1_69' title='bbox 829 1054 883 1119; x_wconf 79' lang='grc' dir='ltr'><strong><em>καί</em></strong></span> <span class='ocrx_word' id='word_1_70' title='bbox 894 1059 1006 1136; x_wconf 78' lang='grc' dir='ltr'><strong><em>μελῶν</em></strong></span> <span class='ocrx_word' id='word_1_71' title='bbox 1018 1058 1085 1118; x_wconf 79' lang='grc' dir='ltr'><strong><em>τῶν</em></strong></span> <span class='ocrx_word' id='word_1_72' title='bbox 1098 1047 1174 1134; x_wconf 89' lang='grc' dir='ltr'><strong><em>άρί-</em></strong></span> 
     </span>
     <span class='ocr_line' id='line_1_10' title="bbox 166 1146 1175 1236; baseline 0 -23"><span class='ocrx_word' id='word_1_73' title='bbox 166 1167 255 1214; x_wconf 88' lang='grc' dir='ltr'><strong><em>στων</em></strong></span> <span class='ocrx_word' id='word_1_74' title='bbox 266 1146 508 1233; x_wconf 70' lang='grc' dir='ltr'><strong><em>διαγνωστικὸν</em></strong></span> <span class='ocrx_word' id='word_1_75' title='bbox 520 1151 574 1217; x_wconf 87' lang='grc' dir='ltr'><strong><em>καὶ</em></strong></span> <span class='ocrx_word' id='word_1_76' title='bbox 582 1156 651 1216; x_wconf 81' lang='grc' dir='ltr'><strong><em>τῶν</em></strong></span> <span class='ocrx_word' id='word_1_77' title='bbox 662 1156 772 1226; x_wconf 78' lang='grc' dir='ltr'><strong><em>κακῶς</em></strong></span> <span class='ocrx_word' id='word_1_78' title='bbox 782 1152 1018 1236; x_wconf 79' lang='grc' dir='ltr'><strong><em>πεποιημένων</em></strong></span> <span class='ocrx_word' id='word_1_79' title='bbox 1030 1151 1175 1233; x_wconf 86' lang='grc' dir='ltr'><strong><em>ἐλεγκτι-</em></strong></span> 
     </span>
     <span class='ocr_line' id='line_1_11' title="bbox 165 1245 1174 1334; baseline 0 -22"><span class='ocrx_word' id='word_1_80' title='bbox 165 1245 237 1314; x_wconf 88' lang='grc' dir='ltr'><strong><em>κόν.</em></strong></span> <span class='ocrx_word' id='word_1_81' title='bbox 262 1251 311 1315; x_wconf 87' lang='grc'><strong><em>75.</em></strong></span> <span class='ocrx_word' id='word_1_82' title='bbox 331 1245 367 1314; x_wconf 91' lang='grc' dir='ltr'><strong><em>τό</em></strong></span> <span class='ocrx_word' id='word_1_83' title='bbox 386 1249 421 1314; x_wconf 80' lang='grc' dir='ltr'><strong><em>δέ</em></strong></span> <span class='ocrx_word' id='word_1_84' title='bbox 436 1255 531 1334; x_wconf 78' lang='grc' dir='ltr'><strong><em>σῶμα</em></strong></span> <span class='ocrx_word' id='word_1_85' title='bbox 545 1246 629 1314; x_wconf 87' lang='grc' dir='ltr'><strong><em>κατά</em></strong></span> <span class='ocrx_word' id='word_1_86' title='bbox 646 1248 707 1315; x_wconf 90' lang='grc' dir='ltr'><strong><em>τόν</em></strong></span> <span class='ocrx_word' id='word_1_87' title='bbox 723 1254 952 1316; x_wconf 79' lang='grc' dir='ltr'><strong><em>Πολυκλείτου</em></strong></span> <span class='ocrx_word' id='word_1_88' title='bbox 966 1249 1094 1316; x_wconf 85' lang='grc' dir='ltr'><strong><em>κανόνα</em></strong></span> <span class='ocrx_word' id='word_1_89' title='bbox 1108 1245 1174 1332; x_wconf 85' lang='grc' dir='ltr'><strong><em>ἥδη</em></strong></span> 
     </span>
     <span class='ocr_line' id='line_1_12' title="bbox 165 1342 1175 1432; baseline 0.001 -24"><span class='ocrx_word' id='word_1_90' title='bbox 165 1345 339 1422; x_wconf 79' lang='grc' dir='ltr'><strong><em>ἐπιδείξειν</em></strong></span> <span class='ocrx_word' id='word_1_91' title='bbox 360 1370 416 1429; x_wconf 94' lang='grc' dir='ltr'><strong><em>μοι</em></strong></span> <span class='ocrx_word' id='word_1_92' title='bbox 436 1348 542 1412; x_wconf 78' lang='grc' dir='ltr'><strong><em>δοκῶ·</em></strong></span> <span class='ocrx_word' id='word_1_93' title='bbox 565 1345 647 1430; x_wconf 80' lang='grc' dir='ltr'><strong><em>μήτε</em></strong></span> <span class='ocrx_word' id='word_1_94' title='bbox 666 1347 731 1432; x_wconf 87' lang='grc' dir='ltr'><strong><em>γὰρ</em></strong></span> <span class='ocrx_word' id='word_1_95' title='bbox 753 1342 881 1431; x_wconf 79' lang='grc' dir='ltr'><strong><em>ὑψηλὸς</em></strong></span> <span class='ocrx_word' id='word_1_96' title='bbox 902 1345 989 1430; x_wconf 81' lang='grc' dir='ltr'><strong><em>ἄγαν</em></strong></span> <span class='ocrx_word' id='word_1_97' title='bbox 1011 1350 1093 1412; x_wconf 86' lang='grc' dir='ltr'><strong><em>έστω</em></strong></span> <span class='ocrx_word' id='word_1_98' title='bbox 1117 1346 1175 1410; x_wconf 81' lang='grc' dir='ltr'><strong><em>καί</em></strong></span> 
     </span>
     <span class='ocr_line' id='line_1_13' title="bbox 166 1441 1174 1530; baseline 0 -23"><span class='ocrx_word' id='word_1_99' title='bbox 166 1445 250 1525; x_wconf 89' lang='grc' dir='ltr'><strong><em>πέρα</em></strong></span> <span class='ocrx_word' id='word_1_100' title='bbox 263 1447 325 1509; x_wconf 90' lang='grc' dir='ltr'><strong><em>τοῦ</em></strong></span> <span class='ocrx_word' id='word_1_101' title='bbox 339 1447 475 1526; x_wconf 87' lang='grc' dir='ltr'><strong><em>μετρίου</em></strong></span> <span class='ocrx_word' id='word_1_102' title='bbox 489 1443 648 1528; x_wconf 80' lang='grc' dir='ltr'><strong><em>ἐπιμήκης</em></strong></span> <span class='ocrx_word' id='word_1_103' title='bbox 663 1443 744 1530; x_wconf 81' lang='grc' dir='ltr'><strong><em>μήτε</em></strong></span> <span class='ocrx_word' id='word_1_104' title='bbox 757 1441 912 1520; x_wconf 80' lang='grc' dir='ltr'><strong><em>ταπεινὸς</em></strong></span> <span class='ocrx_word' id='word_1_105' title='bbox 930 1444 985 1510; x_wconf 79' lang='grc' dir='ltr'><strong><em>καὶ</em></strong></span> <span class='ocrx_word' id='word_1_106' title='bbox 998 1442 1174 1526; x_wconf 82' lang='grc' dir='ltr'><strong><em>ναννάδης</em></strong></span> 
     </span>
     <span class='ocr_line' id='line_1_14' title="bbox 166 1537 1171 1629; baseline -0.001 -23"><span class='ocrx_word' id='word_1_107' title='bbox 166 1537 228 1624; x_wconf 78' lang='grc' dir='ltr'><strong><em>τὴν</em></strong></span> <span class='ocrx_word' id='word_1_108' title='bbox 243 1539 364 1625; x_wconf 89' lang='grc' dir='ltr'><strong><em>φύσιν,</em></strong></span> <span class='ocrx_word' id='word_1_109' title='bbox 378 1537 452 1606; x_wconf 80' lang='grc' dir='ltr'><strong><em>ἀλλ’</em></strong></span> <span class='ocrx_word' id='word_1_110' title='bbox 467 1543 624 1626; x_wconf 79' lang='grc' dir='ltr'><strong><em>ἔμμετρος</em></strong></span> <span class='ocrx_word' id='word_1_111' title='bbox 638 1539 801 1629; x_wconf 79' lang='grc' dir='ltr'><strong><em>ἀκριβῶς,</em></strong></span> <span class='ocrx_word' id='word_1_112' title='bbox 815 1540 893 1608; x_wconf 88' lang='grc' dir='ltr'><strong><em>οῦτε</em></strong></span> <span class='ocrx_word' id='word_1_113' title='bbox 909 1539 1171 1625; x_wconf 87' lang='grc' dir='ltr'><strong><em>πολύσαρκος-</em></strong></span> 
     </span>
     <span class='ocr_line' id='line_1_15' title="bbox 165 1635 1173 1725; baseline 0 -23"><span class='ocrx_word' id='word_1_114' title='bbox 165 1635 335 1703; x_wconf 87' lang='grc' dir='ltr'><strong><em>άπίθανον</em></strong></span> <span class='ocrx_word' id='word_1_115' title='bbox 349 1635 413 1720; x_wconf 88' lang='grc' dir='ltr'><strong><em>γάρ</em></strong></span> <span class='ocrx_word' id='word_1_116' title='bbox 428 1676 471 1688; x_wconf 90' lang='grc'><strong>-</strong></span> <span class='ocrx_word' id='word_1_117' title='bbox 481 1635 559 1705; x_wconf 88' lang='grc' dir='ltr'><strong><em>οῦτε</em></strong></span> <span class='ocrx_word' id='word_1_118' title='bbox 570 1637 688 1717; x_wconf 82' lang='grc' dir='ltr'><strong><em>λεπτός</em></strong></span> <span class='ocrx_word' id='word_1_119' title='bbox 701 1641 734 1717; x_wconf 87' lang='grc' dir='ltr'><strong><em>ἐς</em></strong></span> <span class='ocrx_word' id='word_1_120' title='bbox 749 1637 941 1725; x_wconf 77' lang='grc' dir='ltr'><strong><em>ὑπερβολήν</em></strong></span> <span class='ocrx_word' id='word_1_121' title='bbox 954 1681 996 1690; x_wconf 98' lang='grc'><strong>-</strong></span> <span class='ocrx_word' id='word_1_122' title='bbox 1011 1642 1173 1705; x_wconf 76' lang='grc' dir='ltr'><strong><em>σκελετῶ-</em></strong></span> 
     </span>
     <span class='ocr_line' id='line_1_16' title="bbox 165 1733 1173 1824; baseline 0.001 -26"><span class='ocrx_word' id='word_1_123' title='bbox 165 1736 220 1810; x_wconf 88' lang='grc' dir='ltr'><strong><em>δες</em></strong></span> <span class='ocrx_word' id='word_1_124' title='bbox 234 1735 398 1801; x_wconf 84' lang='grc' dir='ltr'><strong><em>τοῦτοκαὶ</em></strong></span> <span class='ocrx_word' id='word_1_125' title='bbox 412 1735 569 1818; x_wconf 87' lang='grc' dir='ltr'><strong><em>νεκρικόν</em></strong></span> <span class='ocrx_word' id='word_1_126' title='bbox 582 1777 631 1801; x_wconf 92' lang='grc'><strong><em>-.</em></strong></span> <span class='ocrx_word' id='word_1_127' title='bbox 654 1741 704 1805; x_wconf 84' lang='grc'><strong><em>76.</em></strong></span> <span class='ocrx_word' id='word_1_128' title='bbox 720 1739 827 1805; x_wconf 85' lang='grc' dir='ltr'><strong><em>ἐθέλω</em></strong></span> <span class='ocrx_word' id='word_1_129' title='bbox 838 1743 924 1824; x_wconf 90' lang='grc' dir='ltr'><strong><em>γοῦν</em></strong></span> <span class='ocrx_word' id='word_1_130' title='bbox 935 1756 987 1804; x_wconf 89' lang='grc' dir='ltr'><strong><em>σοι</em></strong></span> <span class='ocrx_word' id='word_1_131' title='bbox 997 1737 1051 1803; x_wconf 85' lang='grc' dir='ltr'><strong><em>καὶ</em></strong></span> <span class='ocrx_word' id='word_1_132' title='bbox 1062 1733 1173 1820; x_wconf 83' lang='grc' dir='ltr'><strong><em>δήμου</em></strong></span> 
     </span>
     <span class='ocr_line' id='line_1_17' title="bbox 164 1827 1171 1920; baseline 0.001 -24"><span class='ocrx_word' id='word_1_133' title='bbox 164 1827 254 1907; x_wconf 83' lang='grc' dir='ltr'><strong><em>τινός</em></strong></span> <span class='ocrx_word' id='word_1_134' title='bbox 269 1827 311 1897; x_wconf 90' lang='grc' dir='ltr'><strong><em>ού</em></strong></span> <span class='ocrx_word' id='word_1_135' title='bbox 322 1831 457 1915; x_wconf 84' lang='grc' dir='ltr'><strong><em>φαύλου</em></strong></span> <span class='ocrx_word' id='word_1_136' title='bbox 467 1830 508 1899; x_wconf 85' lang='grc' dir='ltr'><strong><em>τά</em></strong></span> <span class='ocrx_word' id='word_1_137' title='bbox 518 1841 656 1900; x_wconf 86' lang='grc' dir='ltr'><strong><em>τοιαῦτα</em></strong></span> <span class='ocrx_word' id='word_1_138' title='bbox 670 1836 946 1920; x_wconf 76' lang='grc' dir='ltr'><strong><em>ἐπισημαίνεσθαι</em></strong></span> <span class='ocrx_word' id='word_1_139' title='bbox 956 1829 1039 1919; x_wconf 83' lang='grc' dir='ltr'><strong><em>βοῦς</em></strong></span> <span class='ocrx_word' id='word_1_140' title='bbox 1050 1837 1171 1899; x_wconf 78' lang='grc' dir='ltr'><strong><em>εἰπεῖν·</em></strong></span> 
     </span>
     <span class='ocr_line' id='line_1_18' title="bbox 165 1923 1172 2017; baseline 0.001 -24"><span class='ocrx_word' id='word_1_141' title='bbox 165 1931 199 1994; x_wconf 84' lang='grc' dir='ltr'><strong><em>οί</em></strong></span> <span class='ocrx_word' id='word_1_142' title='bbox 210 1923 276 2012; x_wconf 82' lang='grc' dir='ltr'><strong><em>γάρ</em></strong></span> <span class='ocrx_word' id='word_1_143' title='bbox 289 1924 462 2015; x_wconf 78' lang='grc' dir='ltr'><strong><em>Ἀντιοχεῖς</em></strong></span> <span class='ocrx_word' id='word_1_144' title='bbox 479 1926 687 2016; x_wconf 85' lang='grc' dir='ltr'><strong><em>εὐφυεστάτη</em></strong></span> <span class='ocrx_word' id='word_1_145' title='bbox 704 1932 799 2008; x_wconf 87' lang='grc' dir='ltr'><strong><em>πόλις</em></strong></span> <span class='ocrx_word' id='word_1_146' title='bbox 809 1934 862 1999; x_wconf 80' lang='grc' dir='ltr'><strong><em>καλ</em></strong></span> <span class='ocrx_word' id='word_1_147' title='bbox 877 1930 1015 2017; x_wconf 88' lang='grc' dir='ltr'><strong><em>ὀρχησιν</em></strong></span> <span class='ocrx_word' id='word_1_148' title='bbox 1028 1929 1172 2015; x_wconf 88' lang='grc' dir='ltr'><strong><em>μάλιστα</em></strong></span> 
     </span>
     <span class='ocr_line' id='line_1_19' title="bbox 164 2025 1170 2115; baseline 0 -24"><span class='ocrx_word' id='word_1_149' title='bbox 164 2025 397 2112; x_wconf 83' lang='grc' dir='ltr'><strong><em>πρεσβεύουσα</em></strong></span> <span class='ocrx_word' id='word_1_150' title='bbox 421 2025 526 2106; x_wconf 82' lang='grc' dir='ltr'><strong><em>οὕτως</em></strong></span> <span class='ocrx_word' id='word_1_151' title='bbox 548 2030 697 2114; x_wconf 84' lang='grc' dir='ltr'><strong><em>έπιτηρεῖ</em></strong></span> <span class='ocrx_word' id='word_1_152' title='bbox 718 2036 787 2096; x_wconf 77' lang='grc' dir='ltr'><strong><em>τῶν</em></strong></span> <span class='ocrx_word' id='word_1_153' title='bbox 810 2032 999 2115; x_wconf 80' lang='grc' dir='ltr'><strong><em>λεγομένων</em></strong></span> <span class='ocrx_word' id='word_1_154' title='bbox 1024 2030 1079 2094; x_wconf 81' lang='grc' dir='ltr'><strong><em>καὶ</em></strong></span> <span class='ocrx_word' id='word_1_155' title='bbox 1102 2033 1170 2093; x_wconf 82' lang='grc' dir='ltr'><strong><em>τῶν</em></strong></span> 
     </span>
     <span class='ocr_line' id='line_1_20' title="bbox 164 2123 1169 2212; baseline 0 -23"><span class='ocrx_word' id='word_1_156' title='bbox 164 2123 375 2209; x_wconf 86' lang='grc' dir='ltr'><strong><em>γιγνομένων</em></strong></span> <span class='ocrx_word' id='word_1_157' title='bbox 390 2126 527 2211; x_wconf 80' lang='grc' dir='ltr'><strong><em>ἕκαστα,</em></strong></span> <span class='ocrx_word' id='word_1_158' title='bbox 546 2123 589 2203; x_wconf 78' lang='grc' dir='ltr'><strong><em>ὡς</em></strong></span> <span class='ocrx_word' id='word_1_159' title='bbox 603 2128 731 2212; x_wconf 79' lang='grc' dir='ltr'><strong><em>μηδένα</em></strong></span> <span class='ocrx_word' id='word_1_160' title='bbox 744 2126 848 2211; x_wconf 74' lang='grc' dir='ltr'><strong><em>μηδὲν</em></strong></span> <span class='ocrx_word' id='word_1_161' title='bbox 858 2123 970 2193; x_wconf 79' lang='grc' dir='ltr'><strong><em>αύτώυ</em></strong></span> <span class='ocrx_word' id='word_1_162' title='bbox 984 2123 1169 2193; x_wconf 82' lang='grc' dir='ltr'><strong><em>διαλανθά-</em></strong></span> 
     </span>
    </p>

    <p class='ocr_par' dir='ltr' id='par_1_4' title="bbox 94 2220 1171 3494">
     <span class='ocr_line' id='line_1_21' title="bbox 94 2220 1170 2310; baseline -0.006 -16"><span class='ocrx_word' id='word_1_163' title='bbox 94 2240 145 2296; x_wconf 77' lang='lat'><strong><em>309</em></strong></span> <span class='ocrx_word' id='word_1_164' title='bbox 165 2249 247 2289; x_wconf 87' lang='grc' dir='ltr'><strong><em>νειν.</em></strong></span> <span class='ocrx_word' id='word_1_165' title='bbox 287 2229 410 2308; x_wconf 86' lang='grc' dir='ltr'><strong><em>μικροῦ</em></strong></span> <span class='ocrx_word' id='word_1_166' title='bbox 432 2226 494 2309; x_wconf 81' lang='grc' dir='ltr'><strong><em>μὲν</em></strong></span> <span class='ocrx_word' id='word_1_167' title='bbox 517 2221 582 2308; x_wconf 84' lang='grc' dir='ltr'><strong><em>γάρ</em></strong></span> <span class='ocrx_word' id='word_1_168' title='bbox 609 2221 774 2310; x_wconf 84' lang='grc' dir='ltr'><strong><em>ὀρχηστοῦ</em></strong></span> <span class='ocrx_word' id='word_1_169' title='bbox 798 2224 1009 2302; x_wconf 80' lang='grc' dir='ltr'><strong><em>εἰσελθόντος</em></strong></span> <span class='ocrx_word' id='word_1_170' title='bbox 1031 2226 1086 2290; x_wconf 80' lang='grc' dir='ltr'><strong><em>καὶ</em></strong></span> <span class='ocrx_word' id='word_1_171' title='bbox 1110 2220 1170 2288; x_wconf 83' lang='grc' dir='ltr'><strong><em>τόν</em></strong></span> 
     </span>
     <span class='ocr_line' id='line_1_22' title="bbox 164 2316 1171 2411; baseline -0.002 -24"><span class='ocrx_word' id='word_1_172' title='bbox 164 2318 306 2401; x_wconf 83' lang='grc' dir='ltr'><strong><em>Ἕκτορα</em></strong></span> <span class='ocrx_word' id='word_1_173' title='bbox 321 2316 527 2406; x_wconf 85' lang='grc' dir='ltr'><strong><em>ὀρχουμένου</em></strong></span> <span class='ocrx_word' id='word_1_174' title='bbox 548 2329 607 2411; x_wconf 80' lang='grc' dir='ltr'><strong><em>μιᾷ</em></strong></span> <span class='ocrx_word' id='word_1_175' title='bbox 622 2330 720 2411; x_wconf 78' lang='grc' dir='ltr'><strong><em>φωνῇ</em></strong></span> <span class='ocrx_word' id='word_1_176' title='bbox 740 2324 861 2402; x_wconf 88' lang='grc' dir='ltr'><strong><em>πάντες</em></strong></span> <span class='ocrx_word' id='word_1_177' title='bbox 880 2320 1088 2409; x_wconf 81' lang='grc' dir='ltr'><strong><em>ἀνεβόησαν,</em></strong></span> <span class='ocrx_word' id='word_1_178' title='bbox 1114 2316 1171 2387; x_wconf 88' lang='grc' dir='ltr'><strong><em>Σῦ</em></strong></span> 
     </span>
     <span class='ocr_line' id='line_1_23' title="bbox 160 2415 1170 2507; baseline 0.003 -25"><span class='ocrx_word' id='word_1_179' title='bbox 160 2415 358 2501; x_wconf 78' lang='grc' dir='ltr'><strong><em>Ἀστυάναξ,</em></strong></span> <span class='ocrx_word' id='word_1_180' title='bbox 372 2415 496 2504; x_wconf 84' lang='grc' dir='ltr'><strong><em>Ἕκτωρ</em></strong></span> <span class='ocrx_word' id='word_1_181' title='bbox 511 2421 547 2487; x_wconf 78' lang='grc' dir='ltr'><strong><em>δὲ</em></strong></span> <span class='ocrx_word' id='word_1_182' title='bbox 562 2429 645 2502; x_wconf 69' lang='grc' dir='ltr'><strong><em>ποῦς</em></strong></span> <span class='ocrx_word' id='word_1_183' title='bbox 664 2420 782 2490; x_wconf 83' lang='grc' dir='ltr'><strong><em>άλλοτε</em></strong></span> <span class='ocrx_word' id='word_1_184' title='bbox 799 2425 838 2489; x_wconf 85' lang='grc' dir='ltr'><strong><em>δέ</em></strong></span> <span class='ocrx_word' id='word_1_185' title='bbox 849 2447 930 2488; x_wconf 92' lang='grc' dir='ltr'><strong><em>ποτε</em></strong></span> <span class='ocrx_word' id='word_1_186' title='bbox 943 2427 1105 2507; x_wconf 86' lang='grc' dir='ltr'><strong><em>μηκίστου</em></strong></span> <span class='ocrx_word' id='word_1_187' title='bbox 1118 2444 1170 2485; x_wconf 86' lang='grc' dir='ltr'><strong><em>τι·</em></strong></span> 
     </span>
     <span class='ocr_line' id='line_1_24' title="bbox 164 2513 1170 2604; baseline 0.002 -22"><span class='ocrx_word' id='word_1_188' title='bbox 164 2513 223 2593; x_wconf 89' lang='grc' dir='ltr'><strong><em>νός</em></strong></span> <span class='ocrx_word' id='word_1_189' title='bbox 240 2513 324 2596; x_wconf 75' lang='grc' dir='ltr'><strong><em>ὑπὲρ</em></strong></span> <span class='ocrx_word' id='word_1_190' title='bbox 335 2513 373 2582; x_wconf 90' lang='grc' dir='ltr'><strong><em>τό</em></strong></span> <span class='ocrx_word' id='word_1_191' title='bbox 386 2517 520 2599; x_wconf 81' lang='grc' dir='ltr'><strong><em>μέτριον</em></strong></span> <span class='ocrx_word' id='word_1_192' title='bbox 532 2514 703 2604; x_wconf 80' lang='grc' dir='ltr'><strong><em>ὀρχεῖσθαι</em></strong></span> <span class='ocrx_word' id='word_1_193' title='bbox 718 2519 778 2588; x_wconf 86' lang='grc' dir='ltr'><strong><em>τὸν</em></strong></span> <span class='ocrx_word' id='word_1_194' title='bbox 789 2522 949 2588; x_wconf 85' lang='grc' dir='ltr'><strong><em>Καπανέα</em></strong></span> <span class='ocrx_word' id='word_1_195' title='bbox 961 2522 1170 2604; x_wconf 83' lang='grc' dir='ltr'><strong><em>ἐπιχειροῦν-</em></strong></span> 
     </span>
     <span class='ocr_line' id='line_1_25' title="bbox 163 2613 1168 2706; baseline 0.005 -29"><span class='ocrx_word' id='word_1_196' title='bbox 163 2638 218 2690; x_wconf 86' lang='grc' dir='ltr'><strong><em>τος</em></strong></span> <span class='ocrx_word' id='word_1_197' title='bbox 234 2613 289 2679; x_wconf 80' lang='grc' dir='ltr'><strong><em>ιιαλ</em></strong></span> <span class='ocrx_word' id='word_1_198' title='bbox 308 2613 533 2701; x_wconf 81' lang='grc' dir='ltr'><strong><em>προσβάλλειν</em></strong></span> <span class='ocrx_word' id='word_1_199' title='bbox 546 2631 613 2696; x_wconf 80' lang='grc' dir='ltr'><strong><em>τοῖς</em></strong></span> <span class='ocrx_word' id='word_1_200' title='bbox 630 2627 788 2706; x_wconf 84' lang='grc' dir='ltr'><strong><em>Θηβαίων</em></strong></span> <span class='ocrx_word' id='word_1_201' title='bbox 804 2627 958 2705; x_wconf 87' lang='grc' dir='ltr'><strong><em>τείχεσιν,</em></strong></span> <span class='ocrx_word' id='word_1_202' title='bbox 975 2614 1168 2701; x_wconf 64' lang='grc' dir='ltr'><strong><em>’Υπέρβηθη</em></strong></span> 
     </span>
     <span class='ocr_line' id='line_1_26' title="bbox 165 2709 1169 2805; baseline 0 -27"><span class='ocrx_word' id='word_1_203' title='bbox 165 2717 310 2798; x_wconf 80' lang='grc' dir='ltr'><strong><em>ἔφησαν,</em></strong></span> <span class='ocrx_word' id='word_1_204' title='bbox 325 2709 362 2778; x_wconf 88' lang='grc' dir='ltr'><strong><em>τό</em></strong></span> <span class='ocrx_word' id='word_1_205' title='bbox 378 2726 498 2798; x_wconf 76' lang='grc' dir='ltr'><strong><em>τεῖχος,</em></strong></span> <span class='ocrx_word' id='word_1_206' title='bbox 515 2712 617 2782; x_wconf 80' lang='grc' dir='ltr'><strong><em>οὐδέν</em></strong></span> <span class='ocrx_word' id='word_1_207' title='bbox 631 2737 685 2785; x_wconf 88' lang='grc' dir='ltr'><strong><em>σοι</em></strong></span> <span class='ocrx_word' id='word_1_208' title='bbox 700 2723 753 2788; x_wconf 78' lang='grc' dir='ltr'><strong><em>δεῖ</em></strong></span> <span class='ocrx_word' id='word_1_209' title='bbox 763 2726 928 2805; x_wconf 86' lang='grc' dir='ltr'><strong><em>κλίμακος.</em></strong></span> <span class='ocrx_word' id='word_1_210' title='bbox 961 2719 1017 2784; x_wconf 80' lang='grc' dir='ltr'><strong><em>καὶ</em></strong></span> <span class='ocrx_word' id='word_1_211' title='bbox 1037 2716 1090 2783; x_wconf 78' lang='grc' dir='ltr'><strong><em>έπλ</em></strong></span> <span class='ocrx_word' id='word_1_212' title='bbox 1108 2719 1169 2780; x_wconf 90' lang='grc' dir='ltr'><strong><em>τοῦ</em></strong></span> 
     </span>
     <span class='ocr_line' id='line_1_27' title="bbox 163 2811 1170 2903; baseline 0.001 -26"><span class='ocrx_word' id='word_1_213' title='bbox 163 2812 281 2897; x_wconf 86' lang='grc' dir='ltr'><strong><em>παχέος</em></strong></span> <span class='ocrx_word' id='word_1_214' title='bbox 292 2814 328 2879; x_wconf 73' lang='grc' dir='ltr'><strong><em>δὲ</em></strong></span> <span class='ocrx_word' id='word_1_215' title='bbox 338 2813 393 2880; x_wconf 84' lang='grc' dir='ltr'><strong><em>καλ</em></strong></span> <span class='ocrx_word' id='word_1_216' title='bbox 404 2819 563 2896; x_wconf 87' lang='grc' dir='ltr'><strong><em>πιμελοῦς</em></strong></span> <span class='ocrx_word' id='word_1_217' title='bbox 572 2811 737 2903; x_wconf 90' lang='grc' dir='ltr'><strong><em>ὀρχηστοῦ</em></strong></span> <span class='ocrx_word' id='word_1_218' title='bbox 747 2821 857 2903; x_wconf 83' lang='grc' dir='ltr'><strong><em>πηδᾶν</em></strong></span> <span class='ocrx_word' id='word_1_219' title='bbox 865 2815 992 2903; x_wconf 84' lang='grc' dir='ltr'><strong><em>μεγάλα</em></strong></span> <span class='ocrx_word' id='word_1_220' title='bbox 1003 2815 1170 2900; x_wconf 88' lang='grc' dir='ltr'><strong><em>πειρωμέ-</em></strong></span> 
     </span>
     <span class='ocr_line' id='line_1_28' title="bbox 162 2910 1169 3003; baseline 0 -26"><span class='ocrx_word' id='word_1_221' title='bbox 162 2937 241 2995; x_wconf 91' lang='grc' dir='ltr'><strong><em>νου,</em></strong></span> <span class='ocrx_word' id='word_1_222' title='bbox 259 2910 434 2997; x_wconf 87' lang='grc' dir='ltr'><strong><em>Δεόμεθα,</em></strong></span> <span class='ocrx_word' id='word_1_223' title='bbox 458 2918 603 2999; x_wconf 80' lang='grc' dir='ltr'><strong><em>ἔφησαν,</em></strong></span> <span class='ocrx_word' id='word_1_224' title='bbox 625 2925 806 3003; x_wconf 83' lang='grc' dir='ltr'><strong><em>πεφεῑσθαι</em></strong></span> <span class='ocrx_word' id='word_1_225' title='bbox 820 2921 877 3001; x_wconf 82' lang='grc' dir='ltr'><strong><em>τῆς</em></strong></span> <span class='ocrx_word' id='word_1_226' title='bbox 891 2918 1048 3001; x_wconf 86' lang='grc' dir='ltr'><strong><em>θυμέλης.</em></strong></span> <span class='ocrx_word' id='word_1_227' title='bbox 1079 2914 1116 2978; x_wconf 87' lang='grc' dir='ltr'><strong><em>τὸ</em></strong></span> <span class='ocrx_word' id='word_1_228' title='bbox 1132 2914 1169 2978; x_wconf 72' lang='grc' dir='ltr'><strong><em>δὲ</em></strong></span> 
     </span>
     <span class='ocr_line' id='line_1_29' title="bbox 162 3007 1170 3102; baseline -0.001 -26"><span class='ocrx_word' id='word_1_229' title='bbox 162 3012 314 3077; x_wconf 90' lang='grc' dir='ltr'><strong><em>ἐναντίον</em></strong></span> <span class='ocrx_word' id='word_1_230' title='bbox 329 3017 374 3099; x_wconf 79' lang='grc' dir='ltr'><strong><em>τῷ</em></strong></span> <span class='ocrx_word' id='word_1_231' title='bbox 389 3011 480 3078; x_wconf 88' lang='grc' dir='ltr'><strong><em>πάνυ</em></strong></span> <span class='ocrx_word' id='word_1_232' title='bbox 495 3020 601 3102; x_wconf 78' lang='grc' dir='ltr'><strong><em>λεπτῷ</em></strong></span> <span class='ocrx_word' id='word_1_233' title='bbox 613 3013 815 3101; x_wconf 90' lang='grc' dir='ltr'><strong><em>ἐπεβόησαν,</em></strong></span> <span class='ocrx_word' id='word_1_234' title='bbox 831 3020 949 3090; x_wconf 79' lang='grc' dir='ltr'><strong><em>Καλῶς</em></strong></span> <span class='ocrx_word' id='word_1_235' title='bbox 963 3018 1031 3098; x_wconf 84' lang='grc' dir='ltr'><strong><em>ἐχε,</em></strong></span> <span class='ocrx_word' id='word_1_236' title='bbox 1047 3007 1092 3088; x_wconf 78' lang='grc' dir='ltr'><strong><em>ὡς</em></strong></span> <span class='ocrx_word' id='word_1_237' title='bbox 1107 3035 1170 3076; x_wconf 90' lang='grc' dir='ltr'><strong><em>νο-</em></strong></span> 
     </span>
     <span class='ocr_line' id='line_1_30' title="bbox 163 3105 1165 3198; baseline 0.001 -24"><span class='ocrx_word' id='word_1_238' title='bbox 163 3116 287 3176; x_wconf 89' lang='grc' dir='ltr'><strong><em>σοῦντι.</em></strong></span> <span class='ocrx_word' id='word_1_239' title='bbox 311 3109 441 3177; x_wconf 88' lang='grc' dir='ltr'><strong><em>τούτων</em></strong></span> <span class='ocrx_word' id='word_1_240' title='bbox 456 3109 497 3177; x_wconf 90' lang='grc' dir='ltr'><strong><em>ού</em></strong></span> <span class='ocrx_word' id='word_1_241' title='bbox 507 3118 567 3178; x_wconf 92' lang='grc' dir='ltr'><strong><em>τοῦ</em></strong></span> <span class='ocrx_word' id='word_1_242' title='bbox 584 3120 717 3198; x_wconf 81' lang='grc' dir='ltr'><strong><em>γελοίου</em></strong></span> <span class='ocrx_word' id='word_1_243' title='bbox 731 3115 829 3179; x_wconf 79' lang='grc' dir='ltr'><strong><em>ἕνεκα</em></strong></span> <span class='ocrx_word' id='word_1_244' title='bbox 843 3110 1074 3196; x_wconf 72' lang='grc' dir='ltr'><strong><em>ἐπεμνήσθην,</em></strong></span> <span class='ocrx_word' id='word_1_245' title='bbox 1089 3105 1165 3175; x_wconf 79' lang='grc' dir='ltr'><strong><em>ἀλλ’</em></strong></span> 
     </span>
     <span class='ocr_line' id='line_1_31' title="bbox 163 3204 1167 3298; baseline -0.001 -25"><span class='ocrx_word' id='word_1_246' title='bbox 163 3204 206 3283; x_wconf 81' lang='grc' dir='ltr'><strong><em>ὡς</em></strong></span> <span class='ocrx_word' id='word_1_247' title='bbox 222 3211 293 3294; x_wconf 85' lang='grc' dir='ltr'><strong><em>ίδης</em></strong></span> <span class='ocrx_word' id='word_1_248' title='bbox 308 3206 358 3274; x_wconf 84' lang='grc' dir='ltr'><strong><em>ὅτι</em></strong></span> <span class='ocrx_word' id='word_1_249' title='bbox 372 3211 427 3276; x_wconf 82' lang='grc' dir='ltr'><strong><em>καὶ</em></strong></span> <span class='ocrx_word' id='word_1_250' title='bbox 443 3213 541 3295; x_wconf 76' lang='grc' dir='ltr'><strong><em>δῆμοι</em></strong></span> <span class='ocrx_word' id='word_1_251' title='bbox 557 3209 629 3278; x_wconf 82' lang='grc' dir='ltr'><strong><em>ὅλοι</em></strong></span> <span class='ocrx_word' id='word_1_252' title='bbox 641 3212 790 3298; x_wconf 77' lang='grc' dir='ltr'><strong><em>μεγάλην</em></strong></span> <span class='ocrx_word' id='word_1_253' title='bbox 805 3208 957 3295; x_wconf 78' lang='grc' dir='ltr'><strong><em>σπουδὴν</em></strong></span> <span class='ocrx_word' id='word_1_254' title='bbox 968 3209 1167 3295; x_wconf 79' lang='grc' dir='ltr'><strong><em>ἐποιήσαντο</em></strong></span> 
     </span>
     <span class='ocr_line' id='line_1_32' title="bbox 162 3302 1168 3396; baseline 0.005 -26"><span class='ocrx_word' id='word_1_255' title='bbox 162 3307 213 3371; x_wconf 82' lang='grc' dir='ltr'><strong><em>ἐπὶ</em></strong></span> <span class='ocrx_word' id='word_1_256' title='bbox 226 3312 264 3392; x_wconf 78' lang='grc' dir='ltr'><strong><em>τη</em></strong></span> <span class='ocrx_word' id='word_1_257' title='bbox 276 3302 463 3394; x_wconf 75' lang='grc' dir='ltr'><strong><em>ὀρχηστικῇ,</em></strong></span> <span class='ocrx_word' id='word_1_258' title='bbox 481 3305 525 3385; x_wconf 75' lang='grc' dir='ltr'><strong><em>ὣς</em></strong></span> <span class='ocrx_word' id='word_1_259' title='bbox 536 3311 590 3376; x_wconf 83' lang='grc' dir='ltr'><strong><em>καὶ</em></strong></span> <span class='ocrx_word' id='word_1_260' title='bbox 601 3312 776 3396; x_wconf 78' lang='grc' dir='ltr'><strong><em>ῥυθμίζειν</em></strong></span> <span class='ocrx_word' id='word_1_261' title='bbox 786 3306 826 3376; x_wconf 88' lang='grc' dir='ltr'><strong><em>τά</em></strong></span> <span class='ocrx_word' id='word_1_262' title='bbox 838 3305 923 3377; x_wconf 84' lang='grc' dir='ltr'><strong><em>καλά</em></strong></span> <span class='ocrx_word' id='word_1_263' title='bbox 933 3309 987 3376; x_wconf 78' lang='grc' dir='ltr'><strong><em>καὶ</em></strong></span> <span class='ocrx_word' id='word_1_264' title='bbox 998 3305 1037 3375; x_wconf 83' lang='grc' dir='ltr'><strong><em>τά</em></strong></span> <span class='ocrx_word' id='word_1_265' title='bbox 1049 3303 1168 3392; x_wconf 79' lang='grc' dir='ltr'><strong><em>αἰσχρά</em></strong></span> 
     </span>
     <span class='ocr_line' id='line_1_33' title="bbox 161 3399 1169 3494; baseline 0.008 -28"><span class='ocrx_word' id='word_1_266' title='bbox 161 3399 262 3486; x_wconf 82' lang='grc' dir='ltr'><strong><em>αὐτῆς</em></strong></span> <span class='ocrx_word' id='word_1_267' title='bbox 275 3404 452 3471; x_wconf 89' lang='grc' dir='ltr'><strong><em>δύνασθαι.</em></strong></span> <span class='ocrx_word' id='word_1_268' title='bbox 477 3409 526 3472; x_wconf 81' lang='grc'><strong><em>77.</em></strong></span> <span class='ocrx_word' id='word_1_269' title='bbox 545 3404 717 3494; x_wconf 82' lang='grc' dir='ltr'><strong><em>εὐκίνητος</em></strong></span> <span class='ocrx_word' id='word_1_270' title='bbox 729 3408 764 3474; x_wconf 81' lang='grc' dir='ltr'><strong><em>δέ</em></strong></span> <span class='ocrx_word' id='word_1_271' title='bbox 775 3403 811 3473; x_wconf 89' lang='grc' dir='ltr'><strong><em>τό</em></strong></span> <span class='ocrx_word' id='word_1_272' title='bbox 826 3405 908 3491; x_wconf 79' lang='grc' dir='ltr'><strong><em>μετὰ</em></strong></span> <span class='ocrx_word' id='word_1_273' title='bbox 923 3415 1020 3474; x_wconf 90' lang='grc' dir='ltr'><strong><em>τοῦτο</em></strong></span> <span class='ocrx_word' id='word_1_274' title='bbox 1034 3408 1169 3484; x_wconf 85' lang='grc' dir='ltr'><strong><em>πάντως</em></strong></span> 
     </span>
    </p>
   </div>
   <div class='ocr_carea' id='block_1_3' title="bbox 0 0 1292 3842">
    <p class='ocr_par' dir='ltr' id='par_1_5' title="bbox 0 0 1292 3842">
     <span class='ocr_line' id='line_1_34' title="bbox 0 0 1292 3842; baseline 0 2"><span class='ocrx_word' id='word_1_275' title='bbox 0 0 1292 3842; x_wconf 95' lang='lat' dir='ltr'><strong><em> </em></strong></span> 
     </span>
    </p>
   </div>
  </div>
 </body>
</html>
