2575 3842
201 167 263 230 418
561 163 856 224 ΛΟΤΚΙΛΝΟΤ

202 336 257 396 καὶ
273 329 488 394 διεσκέπτετο.
518 329 568 390 26.
585 324 655 390 έπεί
670 320 707 389 δὲ
721 326 843 397 ἱκανῶς
859 319 1064 406 ἐχρημάτισε
1081 337 1168 401 ταῖς
1186 321 1231 391 είε

201 437 292 511 χαῖς,
310 427 363 492 ἐπὶ
376 420 436 492 τδν
448 423 520 508 ἑξῆς
534 415 678 506 μεταβὰς
690 418 822 500 θρόνον
832 421 888 485 καὶ
898 417 960 504 τήν
970 422 1159 503 δευτέραν
1172 431 1231 488 θν·

203 527 280 606 ρίδα
294 522 486 602 κατακύψας
501 533 569 596 τοῖς
585 515 699 600 ὅρκοις
716 517 866 600 ἐσχόλαζε
882 519 936 583 καὶ
951 530 1022 594 τοῖς
1041 514 1230 602 ὀμνύουσι.

204 628 405 709 χρηματίσας
420 620 456 687 δὲ
478 620 533 685 καί
553 617 683 694 τούτοις
696 618 750 683 καὶ
768 613 829 683 τόν
848 613 1087 700 Ἐπικούρειον
1109 615 1231 703 Ἑρμό-

206 725 317 802 δωρον
327 722 499 802 ἐπιτρίψας
512 716 746 802 μετεκαθέζετο
762 716 814 781 έπλ
828 711 888 780 τόν
902 715 974 798 έξής
987 715 1137 796 θρόνον
1153 725 1229 799 κλη-

206 817 282 884 δόσι
296 817 351 883 καλ
367 815 493 901 φήμαις
509 815 564 880 καὶ
580 818 712 890 οἰωνοῖς
731 815 911 894 προσεῖων.
940 808 997 878 εἶτ’
1015 815 1167 880 ἐκεῖθεν
1183 817 1228 880 ἐπὶ

206 911 269 1000 τήν
283 921 351 979 τῶν
364 918 498 979 θυσιῶν
517 914 643 994 θυρίδα
663 910 790 997 μετήει,
816 906 861 976 δι’
880 901 950 994 ήςὸ
966 906 1103 988 καπνδς
1118 909 1227 978 άντων

205 1008 436 1098 ἀπήγγελλε
404 1035 450 1076 τω
436 1011 524 1076 Διὶ
540 1015 601 1074 τοῦ
620 1007 768 1084 θύοντος
788 1008 929 1074 ἑκάστου
944 1005 1113 1092 τούνομα.
1141 1007 1225 1076 άπο-

206 1105 285 1186 στάς
300 1107 336 1174 δὲ
354 1107 484 1174 τούτων
501 1106 699 1190 προσέταττε
713 1117 782 1181 τοῖς
802 1101 935 1190 ἀνέμοις
949 1105 1004 1171 καὶ
1020 1121 1098 1182 ταῖς
1123 1133 1224 1190 ωραις
1249 1114 1251 1169 Ι

206 1202 227 1270 ἁ
223 1203 296 1271 δεῖ
307 1219 430 1272 ποιεῖν·
458 1204 611 1290 Τήμερον
621 1226 711 1285 παρα
700 1199 878 1279 Σκυθαις
888 1200 973 1269 νέτω
980 1227 1100 1287 ,παροι
1115 1172 1251 1289 Λίβυ-

207 1323 263 1370 σιν
276 1300 503 1388 άστραπτέτω,
529 1300 609 1384 παρ’
624 1298 759 1385 Ἑλλησι
775 1302 915 1385 νιφέτω,
939 1296 983 1366 σύ
997 1299 1068 1367 δὲ’
1050 1327 1070 1367 ο
1086 1308 1221 1385 Βορρᾶς

207 1409 355 1469 πνενσον
371 1403 407 1468 έν
422 1405 546 1488 Λυδίᾳ,
563 1420 605 1467 σν
594 1394 684 1464 δὲ’
669 1423 687 1464 ο
699 1398 809 1475 Νότος
819 1394 995 1483 ήσυχίαν’
974 1422 1052 1482 αχε,
1070 1424 1089 1463 ο
1078 1395 1150 1466 ’δέ
1162 1401 1221 1466 Ζέ-

207 1523 316 1584 φυρος
330 1496 389 1566 τόν
408 1495 539 1578 Ἀδρίαν
554 1497 815 1579 διακυμαινέτω,
835 1498 891 1561 καί
904 1503 961 1578 τῆς
978 1495 1123 1580 χαλάζης
1140 1494 1221 1562 ὅσον

207 1599 360 1684 μέδιμνοι
376 1602 473 1680 χίλιοι
491 1595 830 1680 διασκεδασθήτωσαν
845 1591 929 1677 ὑπὲρ
944 1599 1200 1673 Καππαδοκίας.
1254 1610 1256 1671 ί

291 1696 343 1760 27.
354 1691 529 1758 Ἀκάντων
540 1692 576 1759 δὲ
589 1690 654 1777 ήδη
667 1690 786 1777 σχεδόν
796 1688 887 1781 αύτῷ
898 1694 1116 1782 διῳκημένων
1132 1693 1220 1780 άπή-
1255 1710 1257 1771 ί

208 1815 301 1876 ειμεν
316 1792 349 1868 ές
363 1786 400 1857 τδ
416 1790 619 1876 συμπόσιον·
643 1795 783 1857 δείπνου
797 1789 862 1875 γάρ
876 1790 939 1876 ήδη
950 1788 1065 1874 καιρός
1078 1784 1143 1877 ήν·
1167 1796 1222 1857 καί

207 1913 248 1974 με
271 1883 426 1974 ὁἘρμής
447 1886 651 1976 παραλαβύν
672 1891 842 1956 κατέκλινε
859 1887 949 1970 παρὰ
969 1886 1029 1956 τὸν
1045 1895 1149 1956 Πᾶνα
1166 1891 1219 1955 καὶ

206 1983 285 2064 τούς
295 1986 515 2074 Κορύβαντας
529 1990 585 2057 καί
597 1987 784 2074 τδν’Ἁττην
794 1987 925 2057 καὶτὸν
935 1989 1121 2076 Σαβάζιον,
1137 1988 1219 2066 τοὺς

206 2090 380 2169 μετοίκους
400 2085 541 2164 τούτους
556 2086 612 2154 καὶ
628 2084 839 2173 άμφιβόλονς
852 2085 966 2164 θεούς,
992 2087 1048 2152 καλ
1062 2083 1169 2168 άρτον
1183 2087 1217 2153 δὲ

139 2199 186 2256 784
207 2178 227 2267 ή
242 2182 404 2267 Δημήτηρ
422 2197 555 2269 παρεῖχε
566 2187 621 2251 καὶ
635 2181 835 2263 δΔιόνυσος
848 2182 943 2252 οίνον
956 2186 1011 2251 καὶ
1024 2180 1218 2269 ὁἩριικλής

206 2283 287 2365 κρέα
307 2283 362 2348 καλ
382 2282 491 2367 μύρτα
507 2281 527 2368 ή
547 2281 725 2369 Ἀφροδίτη
747 2285 802 2350 καλ
824 2280 842 2350 ὁ
862 2287 1038 2351 Ποσειδῶν
1053 2289 1214 2369 μαινίδας.

206 2377 275 2463 ἅμα
291 2380 327 2447 δὲ
341 2382 396 2447 καλ
409 2389 466 2466 τῆς
481 2378 664 2468 ἀμβροσίας
676 2379 782 2468 ήρέμα
798 2383 854 2448 καὶ
866 2387 929 2448 τοῦ
942 2383 1102 2469 νέκταρος
1112 2407 1214 2468 παρε-

205 2479 372 2563 γευόμην·
402 2476 420 2545 ὁ
441 2477 506 2565 γάρ
529 2484 697 2565 βέλτιστος
713 2480 915 2564 Γανυμήδης
932 2477 997 2546 ὑπὸ
1018 2488 1213 2566 φιλανθρω-

207 2581 284 2650 πίας
301 2580 331 2640 εί
343 2575 502 2642 θεάσαιτο
517 2574 751 2664 ἀποβλέποντά
766 2603 824 2645 ποι
838 2577 900 2645 τδν
912 2586 996 2664 Δία,
1012 2579 1156 2665 κοτύλην
1171 2576 1212 2646 άν

206 2669 228 2759 ή
246 2673 300 2740 καὶ
318 2672 380 2739 δύο
394 2680 456 2739 τοῦ
470 2676 628 2760 νέκταρος
639 2680 742 2762 ἐνέχει
754 2702 812 2762 μοι
827 2678 950 2762 φέρων.
974 2682 1008 2744 ολ
1017 2681 1054 2744 δέ
1068 2686 1154 2763 θεοί,
1171 2677 1212 2755 ὥς

207 2769 354 2858 Ὅμηρός
369 2795 435 2838 που
455 2775 543 2859 λέγει
564 2778 619 2843 καλ
641 2771 743 2852 αὐτὸς
757 2771 848 2859 οίμαι
863 2775 1018 2859 καθάπερ
1041 2776 1106 2861 ἐγὼ
1125 2774 1215 2843 τάκεῑ

208 2873 425 2956 τεθεαμένος,
447 2871 524 2940 ούτε
544 2886 637 2940 σῖτον
657 2877 794 2940 ἔδουσιν
812 2870 891 2940 οὔτε
910 2879 1070 2941 πίνουσιν
1089 2883 1211 2942 αδθοπα

209 2968 319 3052 οἶνον,
337 2966 421 3037 ἀλλὰ
438 2969 499 3056 τήν
510 2968 697 3058 άμβροσίην
707 2980 947 3055 παρατίθενται
959 2974 1014 3040 καὶ
1027 2979 1089 3039 τοῦ
1099 2973 1211 3040 νέκτα·

209 3094 267 3156 ρος
281 3069 524 3154 μεθύσκονται,
541 3071 683 3154 μάλιστα
698 3070 734 3138 δὲ
746 3067 885 3155 ήδονται
900 3071 1092 3157 σιτούμενοι
1103 3069 1162 3139 τδν
1176 3075 1210 3138 ἐκ

208 3174 277 3232 τῶν
293 3174 428 3234 θυσιῶν
444 3165 575 3234 καπνόν
597 3165 682 3254 αύτή
703 3175 802 3256 κνίση
821 3166 1090 3255 ἀνενηνεγμένον
1105 3173 1158 3238 καλ
1174 3197 1208 3238 το

209 3260 289 3348 αἷμα
301 3264 337 3332 δὲ
353 3274 421 3332 τοῖν
433 3270 579 3353 ἱερείων,
596 3264 617 3334 δ
627 3280 695 3345 τοῖς
707 3274 831 3354 βωμοῖς
842 3273 878 3337 οί
887 3270 1034 3346 θύοντες
1043 3272 1207 3353 περιχέον

210 3379 273 3426 σνν.
297 3366 333 3429 έν
348 3365 384 3430 δὲ
399 3372 446 3450 τῷ
459 3369 581 3455 δείπνῳ
597 3364 663 3434 ὅτε
676 3363 846 3434 Ἀπόλλων
857 3367 1028 3449 ἐκιθάρισε
1041 3369 1098 3432 καί
1107 3363 1126 3433 ὁ
1136 3375 1204 3435 Σει·
