2575 3842
1278 76 1280 127 Ι

207 167 271 230 250
566 169 868 229 Λονιιικυου

208 329 291 412 μέγα
309 325 477 394 δύνασθαι
491 326 536 412 μὴ
552 327 634 411 πρός
646 325 848 414 ὑπεροψίαν,
865 328 948 398 ἀλλὰ
963 329 1046 416 πρός
1061 337 1215 399 ευποιίαν

208 426 405 512 ἐχρήσαντο,
427 418 521 494 οὑτοι
532 429 586 494 καὶ
599 425 687 506 ἀξιοι
703 429 844 513 μάλιστα
858 436 926 496 τῶν
942 428 1032 513 παρὰ
1046 429 1214 521 τῆςτύχης

208 526 380 590 δοθέντων
391 521 531 610 ἀγαθῶν
544 521 719 609 ῶφθησαν.
743 528 797 593 καλ
808 525 907 610 μόνοι
919 522 963 593 ἀν
974 519 1068 594 οὑτοι
1079 532 1214 606 δικαίως
1279 568 1280 573 1

207 618 244 690 τὸ
262 623 451 706 ἐπίφθονον
467 623 680 707 διαφύγοιεν·
703 620 813 701 οὐδεὶς
827 621 893 710 γάρ
908 621 952 691 ἂν
972 625 1159 710 φθονήσειε
1170 632 1213 715 τῷ

208 717 418 806 ὑπερέχοντι,
434 715 478 804 ἢν
492 718 706 805 μετριάζοντα
721 722 774 787 ἐπὶ
785 735 853 799 τοῖς
869 719 1092 807 εὐτυχήμασιν
1108 719 1213 789 αὐτὸν

139 829 191 882 480
210 813 272 904 ὁρᾷ
286 817 341 883 καί
357 814 401 903 μὴ
417 814 499 884 κατά
516 817 578 902 την
591 824 652 883 τοῦ
667 814 923 904 ὈμήρουἍτην
937 823 1068 905 ἐκείνην
1082 817 1134 886 ἐπ’
1152 817 1213 887 ἀν-

208 918 299 995 δρῶν
316 911 442 998 κράατα
456 913 622 1000 βεβηκότα
639 915 694 980 καλ
709 911 746 980 τδ
769 912 1011 1001 ὑποδεέστερον
1025 921 1212 983 πατοῦντα·

208 1008 290 1094 ὅπερ
302 1013 336 1077 οί
348 1011 496 1076 ταπεινοὶ
510 1007 569 1087 τάς
582 1010 718 1095 γνῶμας
727 1011 915 1096 πάσχουσιν
928 1009 1145 1099 ἀπειροκαλίᾳ
1157 1018 1213 1096 τῆς

207 1114 329 1194 ψυχῆς·
356 1105 492 1176 ἐπειδάν
507 1106 572 1194 γάρ
589 1106 713 1187 αὐτούς
731 1107 753 1195 ἡ
770 1109 850 1197 τύχη
869 1112 974 1196 μηδὲν
988 1116 1143 1177 τοιοῦτον
1158 1111 1212 1176 ε’λ-

207 1214 366 1284 πίσαντας
387 1205 485 1291 ἀφνω
505 1205 694 1295 ἀναβιβάσῃ
716 1209 748 1283 ές
764 1207 893 1293 πτηνόν
912 1235 945 1274 τι
964 1209 1019 1274 καλ
1033 1206 1211 1291 μετάρσιον

207 1302 330 1390 όχημα,
352 1302 393 1370 οὐ
408 1307 569 1389 μένουσιν
585 1306 636 1371 έπλ
650 1312 718 1372 τῶν
732 1301 952 1389 ὑπαρχόντων
966 1300 1042 1371 οὐδ’
1060 1300 1210 1388 ἀφορῶσι

208 1405 308 1489 κάτω,
320 1400 394 1472 ἀλλ’
408 1401 458 1471 ἀεὶ
469 1402 552 1486 πρός
562 1403 599 1470 τό
611 1403 751 1482 ἀναντες
761 1405 939 1491 βιάζονται.
954 1408 1135 1488 τοιγαροῦν
1145 1399 1211 1467 ῶσ-

207 1526 269 1585 περ
281 1498 445 1582 οίἼκαροι
458 1503 613 1578 τακέντος
624 1498 737 1579 αὐτοῖς
747 1501 880 1586 τάχιστα
889 1507 950 1568 τοῦ
961 1505 1068 1585 κηροῦ
1078 1500 1133 1566 καὶ
1145 1503 1211 1564 τῶν

206 1604 338 1681 πτερῶν
354 1599 603 1681 περιρρυέντων
617 1599 744 1682 γέλωτα
758 1595 1023 1682 ὀφλισκάνουσιν
1038 1597 1090 1664 έπλ
1105 1620 1210 1679 κεφα-

206 1691 271 1778 λὴν
286 1697 332 1770 είς
346 1693 472 1780 πελάγη
490 1697 545 1761 καί
560 1695 716 1763 κλύδωνα
736 1696 961 1779 ἐμπίπτοντες.
985 1692 1060 1760 ὅσοι
1076 1691 1113 1758 δέ
1128 1688 1209 1758 κατὰ

206 1788 266 1858 τόν
277 1795 449 1859 Δαίδαλον
463 1793 643 1878 ἐχρήσαντο
654 1807 722 1871 τοῖς
735 1807 866 1877 πτεροῖς
879 1794 935 1860 καὶ
948 1788 993 1878 μὴ
1005 1790 1097 1857 πάνυ
1108 1789 1210 1875 έπήρ·

205 1900 337 1975 θησαν,
357 1887 478 1967 εἰδότες
490 1888 540 1958 ότι
555 1894 590 1958 ἐκ
601 1898 709 1977 κηροῦ
719 1884 763 1975 ἦν
774 1888 886 1968 αὐτοῖς
899 1889 1120 1973 πεποιημένα,
1137 1888 1210 1953 ἐτα-

207 1986 386 2074 μιεύσαντο
401 1989 438 2055 δὲ
453 1985 537 2073 πρός
552 1986 589 2056 τό
612 1986 832 2071 ἀνθρῶπινον
849 1984 911 2072 τὴν
925 1981 1037 2070 φοράν
1052 1985 1106 2050 καλ
1126 1979 1200 2067 ἠγά-

205 2105 316 2170 πησαν
330 2082 530 2171 ὑψηλότεροι
541 2085 649 2172 μόνον
659 2092 726 2152 τῶν
741 2084 900 2170 κυμάτων
910 2084 1111 2167 ἐνεχθέντες,
1127 2077 1208 2145 ῶστε

137 2192 185 2247 481
207 2185 319 2268 μέντοι
340 2189 527 2264 νοτίζεσθαι
548 2181 660 2262 αὐτοῖς
679 2180 729 2251 ἀεὶ
746 2181 786 2251 τὰ
806 2179 910 2267 πτερά
925 2183 979 2248 καὶ
994 2176 1037 2264 μὴ
1055 2181 1209 2261 παρέχειν

207 2278 291 2348 αὐτὰ
306 2281 399 2370 μόνφ
415 2289 459 2370 τῶ
480 2279 577 2372 ἡλίῳ,
602 2274 695 2348 οὑτοι
712 2282 749 2347 δὲ
762 2278 920 2366 ἀσφαλῶς
936 2304 972 2345 τε
988 2275 1056 2362 ἅμα
1071 2276 1127 2342 καὶ
1143 2294 1210 2341 σω-

206 2377 341 2461 φρόνως
350 2379 546 2463 διέπτησαν·
561 2376 644 2463 ὑπερ
656 2380 710 2446 καλ
721 2377 846 2464 ταύτην
856 2376 900 2444 ἀν
909 2403 957 2454 τις
965 2375 1104 2461 μάλιστα
1115 2375 1206 2440 ἐπαι-

205 2477 319 2541 νέσειε.
340 2481 521 2558 τοιγαροῦν
536 2478 591 2542 καὶ
608 2473 703 2554 ἀξιον
723 2473 813 2560 παρά
828 2475 964 2542 πάντων
980 2470 1210 2558 ἀπολαμβάνει

205 2571 264 2638 τὸν
284 2569 416 2654 καρπὸν
442 2570 630 2657 εὐχομένων
651 2574 755 2641 ταῦτά
779 2598 815 2639 τε
837 2570 922 2659 αὐτῇ
946 2583 1147 2656 παραμεῖναι
1169 2567 1208 2636 τὰ

205 2665 308 2751 πτερά
323 2669 377 2735 κοιλ
392 2673 439 2735 ἔτι
453 2675 554 2735 πλείω
569 2671 717 2755 ἐπιρρεῖν
733 2669 874 2755 τάγαθά.

289 2771 339 2833 22.
362 2772 461 2833 AYK.
490 2768 556 2834 Καὶ
577 2765 698 2851 οὕτως,
723 2760 750 2833 ῶ
771 2767 1002 2852 Πολύστρατε,
1025 2769 1207 2851 γιγνέσθω·

205 2862 278 2944 ἀξία
294 2865 357 2949 γάρ
376 2862 419 2930 οὐ
433 2861 470 2931 τό
486 2871 580 2949 σῶμα
595 2865 703 2951 μόνον
715 2863 826 2948 ῶσπερ
842 2863 862 2951 ἡ
881 2863 995 2950 Ἑλένη
1012 2862 1096 2948 καλὴ
1112 2855 1208 2946 οὐσα,

205 2968 328 3030 καλλίω
344 2963 380 3028 δὲ
401 2963 455 3029 καλ
476 2964 722 3049 ἐρασμιωτέραν
740 2960 800 3028 ὑπ’
816 2960 906 3052 αὐτῷ
927 2959 988 3048 τὴν
1008 2960 1118 3047 ψυχὴν
1134 2966 1209 3028 σκέ-

205 3078 323 3126 πουσα.
358 3064 478 3145 ἔπρεπε
501 3060 537 3127 δέ
559 3063 612 3128 καλ
634 3069 765 3148 βασιλεῖ
787 3068 833 3151 τῶ
853 3062 985 3148 μεγάλῳ
1008 3066 1139 3148 χρηστῷ
1156 3061 1209 3126 καὶ

203 3155 314 3248 ἡμέρῳ
334 3156 406 3224 ὅντι
423 3161 478 3225 καλ
498 3165 595 3225 τοῦτο
610 3157 692 3244 μετά
708 3166 777 3226 τῶν
796 3159 908 3227 ἀλλων
921 3158 1079 3245 ἀγαθῶν,
1100 3155 1208 3226 ὁπόσα

205 3257 292 3321 έστλν
307 3252 413 3341 αὐτῷ,
430 3252 685 3342 εὐδαιμονῆσαι,
704 3255 748 3336 ῶς
763 3256 816 3324 ἐπ’
834 3255 939 3324 αὐτοῦ
953 3259 1007 3325 καὶ
1022 3265 1129 3342 φῦναι
1144 3283 1207 3342 γυ·

204 3363 301 3417 ναίκα
324 3351 482 3438 τοιαύτην
499 3355 553 3420 καὶ
574 3363 747 3422 συνοῦσαν
766 3355 857 3446 αὐτῷ
876 3365 998 3422 ποθελν
1018 3353 1139 3422 αὐτόν·
1166 3352 1207 3421 οὐ
