2575 3842
377 231 497 288 ΠΕΡΙ
517 233 786 291 ΟΡΧΗΣΕΩΣ.
1021 230 1082 294 157

73 414 131 455 ναι
145 386 219 473 ἀχρι
228 394 297 455 τῶν
308 385 390 455 κατά
405 387 467 473 τήν
478 392 699 477 Κλεοπάτραν
711 388 771 478 τῆν
782 398 978 478 Αἰγυπτίαν.
1002 392 1082 460 τού-

71 511 119 574 τῳ
132 484 197 570 γάρ
211 493 258 576 τῷ
274 485 466 574 διαστήματι
487 497 701 575 περιωρίσθω
717 488 829 577 ῆμῑνή
844 498 905 557 τοῦ
919 488 1081 575 ὀρχηστοῦ

71 581 288 669 πολυμάθεια
304 587 360 653 καί
381 583 421 652 τά
438 584 492 652 διά
515 590 619 672 μέσον
635 588 777 673 μάλιστα
798 596 893 672 ἰστω,
922 585 1081 673 Οὐρανοῦ

71 682 196 766 τομήν,
209 679 403 767 Ἀφροδίτης
413 683 533 768 γονάς,
554 685 706 750 Τιτάνων
720 684 846 771 μάχην,
863 682 947 763 Διὸς
960 688 1081 769 γέννη-

71 798 146 862 σιν,
158 776 246 856 Ῥέας
259 776 408 865 ἀπάτην,
424 788 526 848 λίθου
535 778 724 867 ὑποβολήν,
742 784 879 868 Κρόνου
891 782 1005 867 δεσμά,
1021 779 1081 848 τόν

71 882 142 941 τῶν
162 883 265 963 τριῶν
289 874 446 962 ἀδελφεόν
468 885 604 964 κλῆρον.
641 885 692 949 38.
720 877 786 947 εἰτα
815 882 886 965 ἑξῆς
906 880 1081 964 Γιγάντων

72 973 314 1060 ἐπανάστασιν,
329 974 437 1057 πυρός
451 975 596 1062 κλοπήν,
621 975 815 1060 ἀνθρώπων
832 975 971 1060 πλάσιν,
988 983 1080 1061 Προ-
1098 996 1147 1051 291

72 1074 206 1156 μηθέως
228 1069 382 1156 κόλασιν,
397 1072 541 1156 Ἑρωτος
568 1072 665 1159 ἰσχύν
686 1071 893 1160 ἀμφοτέρου,
922 1075 977 1139 καὶ
999 1069 1079 1158 μετά

70 1175 177 1235 ταῦτα
192 1170 311 1254 Δήλου
331 1170 463 1255 πλάνην
479 1173 533 1239 καί
547 1179 678 1256 Λητοῦς
702 1169 820 1249 ὠδίνας
840 1172 895 1238 καί
911 1170 1080 1246 Πύθωνος

71 1265 246 1350 ἀναίρεσιν
265 1271 321 1337 καὶ
344 1264 469 1337 Τιτυοῦ
488 1267 670 1356 ἐπιβουλήν
689 1273 744 1338 καί
764 1267 801 1335 τὸ
823 1270 925 1354 μέσον
940 1274 997 1353 τῆς
1020 1274 1081 1352 γῆς

73 1361 314 1451 εὑρισκόμενον
334 1368 451 1459 πτήσει
475 1374 542 1434 τῶν
558 1365 673 1435 ἀετῶν.
712 1372 762 1435 39.
782 1372 1004 1435 Δευκαλίωνα
1028 1365 1080 1433 ἐπὶ

70 1462 203 1540 τούτοις
217 1465 271 1529 καὶ
284 1461 346 1549 τῆν
360 1465 509 1550 μεγάλην
523 1462 575 1531 ἐπ’
593 1468 724 1533 ἐκείνου
740 1471 801 1532 τού
819 1470 896 1551 βίου
912 1470 1080 1549 ναυαγίαν

71 1559 128 1624 καὶ
142 1558 292 1641 λάρνακα
308 1568 388 1645 μίαν
403 1568 563 1642 λείψανον
575 1571 637 1631 τοῦ
648 1560 863 1645 ἀνθρωπείου
876 1566 996 1648 γένους
1011 1588 1060 1646 φυ

72 1654 261 1722 λάττουσαν
273 1660 327 1724 καὶ
342 1660 379 1725 ἐκ
394 1665 502 1726 λίθων
513 1657 718 1742 ἀνθρώπους
734 1658 852 1744 πάλιν,
871 1657 939 1726 εἶτα
950 1656 1078 1743 Ἰάκχου

71 1751 271 1838 σπαραγμὸν
287 1753 453 1841 καὶἭρας
469 1756 571 1824 δόλον
585 1759 640 1825 καί
651 1760 799 1843 Σεμέλης
812 1756 1012 1842 κατάφλεξιν
1023 1758 1079 1822 καὶ

71 1849 248 1918 Διονύσου
258 1849 446 1938 ἀμφοτέρας
460 1852 518 1931 τάς
528 1850 630 1937 γονάς
641 1855 696 1920 καί
708 1852 768 1921 ὅσα
780 1858 853 1937 περὶ
865 1852 1009 1938 Ἀθηνᾶς
1024 1852 1078 1919 καὶ

70 1944 135 2012 ὅσα
147 1949 222 2029 περὶ
232 1944 413 2033 Ἡφαίστου
425 1952 480 2018 καὶ
492 1948 702 2035 Ἐριχθονίου
712 1952 767 2017 καὶ
776 1947 837 2034 τήν
849 1955 921 2032 ἔριν
931 1948 992 2034 τῆν
1003 1951 1077 2032 περὶ

69 2051 129 2128 τῆς
146 2041 289 2132 Ἀττικῆς
302 2050 356 2115 καὶ
373 2045 588 2134 Ἁλιρρόθιον
604 2049 660 2113 καὶ
675 2045 737 2131 τήν
759 2047 894 2131 πρωτην
910 2047 946 2112 έν
965 2044 1077 2134 Ἀρείω

69 2141 167 2231 πάγῳ
180 2148 307 2230 κρίσιν,
329 2148 384 2212 καὶ
398 2142 483 2224 ὅλως
496 2142 558 2230 τήν
569 2141 717 2229 Ἀττικήν
732 2151 843 2209 πάσαν
856 2147 1079 2228 μυθολογίαν,

68 2245 122 2307 40.
138 2242 307 2325 ἐξαιρέτως
321 2244 357 2311 δὲ
371 2243 434 2329 τήν
451 2245 627 2330 Δήμητρος
641 2240 774 2327 πλάνην
790 2245 844 2309 καί
853 2242 966 2326 Κόρης
981 2236 1077 2324 εὕρε-

70 2358 128 2405 σιν
148 2341 202 2405 καί
223 2347 352 2408 Κελεοῦ
374 2346 486 2421 ξενίαν
510 2344 564 2410 καί
585 2344 811 2427 Τριπτολέμου
835 2345 1000 2425 γεωργίαν
1023 2337 1078 2405 καί

66 2434 210 2518 Ἰκαρίου
224 2434 472 2526 ἀμπελουργίαν
482 2444 537 2509 καί
548 2440 610 2527 τῆν
623 2440 797 2527 Ἠριγόνης
810 2438 1004 2524 συμφοράν,
1021 2438 1076 2504 καί
1094 2455 1145 2509 νθν

70 2534 134 2602 ὅσα
150 2536 225 2616 περὶ
235 2540 363 2620 Βορέου
378 2541 433 2606 καὶ
448 2538 510 2607 ὅσα
524 2542 600 2623 περὶ
610 2537 802 2626 Ὠρειθυίας
814 2541 867 2605 καὶ
878 2541 1012 2623 Θησέως
1022 2538 1077 2604 καὶ

70 2636 214 2717 Αἰγέως·
237 2640 283 2701 ἔτι
295 2636 332 2702 δὲ
342 2635 404 2722 τήν
414 2644 565 2724 Μηδείας
575 2635 745 2723 ὑποδοχήν
759 2638 814 2704 καὶ
828 2628 929 2713 αὖθις
945 2638 978 2713 ές
988 2639 1076 2718 Πέρ-

70 2751 131 2809 σας
148 2729 261 2817 φυγήν
281 2735 335 2801 καὶ
352 2733 410 2813 τάς
425 2732 603 2821 Ἐρεχθέως
618 2737 808 2821 θυγατέρας
830 2736 884 2801 καὶ
905 2732 963 2812 τάς
981 2742 1076 2801 Παν-

70 2833 200 2914 δίονος,
215 2829 237 2896 ά
251 2857 286 2898 τε
300 2835 338 2899 έν
352 2834 467 2923 Θρηίκη
479 2840 608 2903 ἔπαθον
619 2836 674 2901 καί
685 2836 846 2916 ἔπραξαν·
867 2830 937 2917 dtu
949 2830 966 2897 ὁ
979 2829 1076 2897 Ἀκά-

71 2955 135 3015 μας
148 2929 204 2997 καί
225 2928 383 3015 ῆΦυλλίς
399 2936 454 3000 καί
473 2930 494 3019 ῆ
510 2935 654 3016 προτέρα
671 2931 708 2998 δὲ
723 2939 780 3017 τῆς
796 2930 926 3017 Ἑλένης
941 2926 1073 3015 ἁρπαγή

71 3030 125 3095 καὶ
146 3026 167 3114 ῆ
188 3037 340 3114 στρατεία
359 3039 427 3098 τῶν
446 3031 669 3116 Διοσκούρων
691 3030 742 3096 ἐπὶ
762 3026 824 3114 τῆν
844 3028 944 3096 πόλιν
965 3029 1019 3094 καὶ
1037 3025 1073 3093 τό

65 3124 263 3193 Ἱππολύτου
274 3128 385 3206 πάθος
396 3131 451 3197 καὶ
460 3128 686 3212 Ἡρακλειδῶν
695 3126 859 3205 κάθοδος·
871 3124 997 3193 Ἀττικά
1010 3124 1074 3212 γάρ

70 3228 125 3292 καὶ
135 3251 238 3292 ταυτα
253 3226 387 3305 εἰκότως
398 3222 441 3293 ἀν
452 3233 625 3313 νομίζοιτο.
648 3228 823 3312 ταῦταμὲν
834 3223 872 3292 τά
887 3223 1074 3309 Ἀθηναίων

69 3322 166 3410 ὀλίγα
180 3324 271 3391 πάνυ
281 3328 454 3410 δείγματος
469 3326 566 3393 ἕνεκα
582 3327 618 3393 ἐκ
628 3334 762 3393 πολλῶν
776 3332 844 3392 τῶν
855 3333 1075 3412 παραλελειμ-

68 3424 181 3508 μένων
190 3426 342 3508 διῆλθον.
358 3428 409 3490 41.
421 3424 493 3509 ἑξῆς
505 3425 540 3491 δὲ
549 3427 691 3511 Μέγαρα
701 3427 754 3493 καί
763 3432 866 3505 Νῖσος
876 3425 1074 3495 καίΣκύλλα
