2575 3842
363 183 808 243 ΤΥΡΑΝΝΟΚΤΟΝΟΣ.
1044 178 1085 243 79

78 340 184 426 μόνον
199 338 219 407 δ
234 345 420 427 νομοθέτης
434 338 515 426 εἶδε,
531 338 593 426 την
608 344 823 427 ἐλευθερίαν,
839 341 901 429 τὴν
915 347 1085 428 δημοκρα-

77 445 168 521 τίαν,
191 436 254 525 την
268 446 337 506 τῶν
351 444 473 506 δεινῶν
486 437 692 526 ἀπαλλαγήν.
719 437 809 506 τοῦτ’
829 443 975 526 ἐτίμησε,
990 437 1082 507 τοῦτ’

78 535 171 615 ἀξιον
185 533 323 622 ἀμοιβῆς
339 533 520 622 ὑπέλαβεν,
544 533 627 621 ὅπερ
641 532 705 603 οὐκ
720 532 763 603 ἀν
780 546 884 615 είποις
900 533 944 621 μὴ
966 532 1010 602 δι’
1029 536 1084 621 ἐμὲ

78 642 289 719 γεγενῆσθαι.
313 639 344 700 εί
356 630 420 718 γὰρ
434 632 602 719 ἐφόνευσα
614 628 660 698 δι’
673 630 715 699 δν
726 636 851 711 ἐκεῖνος
860 639 919 718 ζῆν
934 630 995 699 οὐκ
1007 633 1087 699 ἐδό-

78 757 173 814 νατο,
190 728 291 809 αάτδς
307 740 480 815 είργασμαι
492 728 553 814 τὴν
567 730 711 815 σφαγήν.
730 728 807 816 ἐμός
818 728 836 798 ὁ
848 731 969 815 φόνος,
983 727 1084 816 ἡχεὶρ
1104 744 1153 799 148

79 833 218 895 ἐκείνου.
238 825 283 913 μὴ
296 834 412 895 τοίνυν
425 825 651 914 ἀκριβολογοῦ
666 834 712 895 ἐτι
727 831 801 911 περὶ
816 834 876 895 τοῦ
890 826 1017 912 τρόπον
1029 834 1086 911 τῆς

80 932 232 1011 τελευτῆς
250 926 333 1011 μηδὲ
356 928 478 1006 ἐξέταζε
501 923 591 1003 ὅπως
611 924 799 1011 ἀπέθανεν,
825 922 899 994 ἀλλ’
922 933 952 993 εί
969 924 1083 1011 μηκέτ’

79 1024 184 1103 ἐστίν,
200 1028 231 1088 εί
244 1018 289 1087 δι’
305 1021 360 1107 ἐμὲ
371 1019 407 1088 τό
421 1020 537 1107 μηκέτ’
550 1020 634 1089 εἶναι
651 1028 730 1107 ἔχει·
752 1025 823 1090 ἐπεὶ
834 1019 967 1089 κάκεῖνο
979 1041 1085 1108 προσ-

81 1119 244 1198 εξετάσειν
258 1144 314 1203 μοι
331 1124 438 1197 δοκεῖς
453 1122 508 1187 καὶ
524 1119 792 1205 συκοφαντήσειν
808 1117 886 1197 τούς
902 1118 1084 1206 εὐεργέτας,

82 1226 113 1283 εί
129 1242 179 1293 τις
200 1212 244 1300 μὴ
261 1221 365 1301 ξίφει,
392 1214 475 1285 ἀλλά
499 1224 584 1306 λίθφ
604 1212 625 1302 ἢ
647 1217 734 1305 ξύλῳ
754 1213 775 1302 ἢ
798 1214 886 1307 ἀλλφ
907 1244 952 1308 τφ
973 1217 1085 1305 τρόπῳ

80 1310 260 1379 ἀπέκτεινε.
283 1319 318 1380 τί
328 1316 399 1398 δαί,
423 1320 455 1380 εί
468 1321 552 1402 λιμῷ
570 1314 824 1401 ἐξεπολιόρκησα
841 1313 901 1383 τόν
915 1316 1086 1401 τύραννον

12 1476 16 1488 ,
81 1408 142 1495 τὴν
156 1406 308 1496 ἀνάγκην
321 1418 379 1495 τῆς
392 1418 545 1496 τελευτῆς
558 1414 727 1497 παρέχων,
741 1410 875 1501 ἀπῄτεις
889 1410 932 1479 ἀν
947 1415 1000 1479 καὶ
1012 1412 1086 1478 τότε

82 1505 162 1591 παρ’
180 1510 261 1593 ἐμοῦ
279 1505 455 1595 αὐτόχειρα
469 1506 532 1595 την
547 1511 697 1596 σφαγήν,
712 1506 853 1596 ἦένδεῐν
864 1510 971 1596 ἐλεγές
985 1515 1045 1595 μοί
1054 1534 1085 1574 τι

83 1603 165 1691 πρὸς
178 1602 238 1671 τόν
254 1605 376 1691 νόμον,
400 1610 455 1675 καὶ
468 1612 588 1693 ταῦτα,
610 1608 841 1695 χαλεπώτερον
861 1615 922 1674 τοῦ
939 1606 1086 1692 κακούρ-

12 1717 14 1723 ’
80 1728 145 1779 γον
165 1704 433 1787 πεφονευμένου;
462 1708 501 1771 ἓν
520 1704 627 1789 μόνον
648 1706 785 1790 ἐξέταζε,
820 1712 917 1773 τοῦτο
943 1701 1083 1788 ἀπαίτει,
1106 1716 1155 1769 149

12 1886 16 1894 Ι
83 1807 180 1865 τοῦτο
196 1800 484 1887 πολυπραγμόνει,
506 1807 554 1879 τίς
569 1809 636 1868 τῶν
653 1808 810 1888 πονηρῶν
826 1807 985 1885 λείπεται,
1003 1796 1024 1887 ἢ
1038 1808 1086 1877 τίς

82 1898 172 1974 ἐλπίς
191 1904 253 1962 τοῦ
273 1894 418 1984 φόβουῆ
438 1906 473 1967 τί
490 1896 671 1985 ὑπόμνημα
690 1906 758 1966 τῶν
779 1906 981 1985 συμφορῶνς
1005 1904 1034 1966 εί
1049 1899 1085 1963 δὲ

81 1991 217 2079 καθαρὰ
240 1993 347 2062 πάντα
371 1998 426 2063 καὶ
443 1997 609 2083 είρηνικά,
635 1997 930 2082 συκοφαντοῦντός
950 1997 1018 2061 ἐστι
1039 2000 1085 2081 τῷ

81 2089 194 2180 τρόπφ
209 2097 275 2156 τῶν
295 2098 536 2179 πεπραγμένων
554 2094 729 2179 χριόμενον
747 2090 940 2177 ἀποστερεῖν
955 2094 1085 2158 ἐθέλειν

81 2187 142 2275 τὴν
157 2189 211 2255 ἐπὶ
230 2203 298 2266 τοῖς
314 2194 554 2277 πεπονημένοις
575 2190 716 2276 δωρεάν.
756 2197 805 2259 12.
827 2188 891 2275 ἐγώ
912 2192 1084 2257 καὶτοῦτο

81 2290 249 2372 μέμνημαι
266 2291 525 2375 διηγορευμένον
540 2292 658 2368 ἐντοῖς
673 2289 805 2376 νόμοις,
823 2286 915 2367 ἐκτὸς
931 2294 961 2355 εί
972 2285 1016 2373 μὴ
1030 2284 1084 2353 διὰ

15 2460 19 2467 ,
81 2383 142 2471 τὴν
157 2380 286 2469 πολλὴν
300 2390 456 2453 δουλείαν
464 2390 681 2474 ,ἐπιλέλησμαι
695 2394 763 2453 τῶν
779 2390 816 2454 ἐν
829 2385 941 2465 αὐτοῖς
956 2387 1085 2473 εἰρημέ-

82 2509 170 2566 νων,
187 2487 292 2559 αίτίας
304 2483 457 2551 θαυάτου
472 2483 556 2551 εἶναι
571 2486 696 2571 διττάς,
713 2495 745 2553 εί
756 2512 804 2564 τις
820 2483 920 2564 αὐτὸς
934 2483 1085 2553 ἀπέκτει-

80 2608 140 2649 νεν
155 2576 177 2665 ἢ
196 2589 229 2646 εί
238 2605 286 2657 τις
300 2577 344 2665 μὴ
357 2578 455 2659 αὐτὸς
466 2582 527 2667 μὲν
544 2578 715 2651 ἀπέκτεινε
726 2584 807 2670 μηδὲ
822 2592 862 2672 τῇ
875 2588 958 2672 χειρὶ
969 2590 1085 2670 ἐδρασε

81 2677 115 2746 τὸ
130 2685 242 2763 ἔργον,
258 2675 425 2763 ηνάγκασε
437 2682 537 2747 δὲκαὶ
549 2684 710 2766 παρέσχεν
722 2678 879 2769 ἀφορμὴν
889 2690 950 2749 τοῦ
962 2684 1083 2768 φόνου,
1105 2696 1155 2751 150

80 2774 119 2843 τά
137 2787 193 2844 ἴσα
210 2778 264 2843 καὶ
279 2783 400 2844 τοῦτον
420 2775 508 2859 ἀξιοῖ
524 2776 541 2845 ὁ
563 2778 667 2863 νόμος
682 2774 785 2845 αὐτόν
801 2778 1085 2865 ἀντικολάζεσθαι,

80 2875 168 2960 μάλα
183 2881 333 2953 δικαίως·
362 2878 416 2943 καλ
430 2874 495 2962 γάρ
508 2875 669 2964 ἠβούλετο
684 2882 744 2943 τοῦ
763 2882 999 2963 πεπραγμένου
1013 2887 1087 2945 ίσον

81 2982 259 3059 γίγνεσθαι
279 2970 316 3039 τό
333 2980 389 3058 τῆς
404 2979 523 3052 αίτίας
551 2977 605 3042 καὶ
620 2971 754 3060 περιττὴ
773 2974 891 3041 λοιπόν
908 2974 928 3061 ἡ
946 2976 1087 3054 ἐξέτασις

81 3079 141 3138 τοῦ
153 3070 281 3154 τρόπον
291 3076 348 3155 τῆς
357 3078 494 3157 σφαγῆς.
512 3070 579 3138 εἶτα
590 3069 720 3156 τὸνμὲν
732 3070 836 3149 οὕτως
847 3070 1086 3140 ἀποκτείναντα

82 3171 234 3250 κολάζειν
250 3166 294 3247 ὡς
308 3166 523 3255 ἀνδροφόνον
539 3174 676 3249 δικαιοῖς
692 3174 746 3238 καὶ
761 3170 913 3257 οὐδαμῶς
927 3169 1086 3256 ἀφεῖσθαι

81 3272 209 3353 θέλεις,
225 3264 286 3334 τδν
300 3266 335 3333 δὲ
351 3266 433 3335 κατίι
445 3267 505 3335 τόν
519 3266 624 3336 αὐτὸν
637 3269 744 3359 τούτῳ
755 3269 881 3354 τρόπον
895 3263 934 3336 εὖ
948 3293 1087 3357 πεποιη-

81 3366 163 3433 κότα
182 3364 244 3451 τὴν
258 3364 358 3432 πόλιν
370 3364 489 3434 οὔτῶν
502 3364 627 3453 ὁμοίων
641 3365 790 3448 ἀξιώσεις
804 3382 871 3447 τοῖς
886 3367 1086 3457 εόεργέταις;
1120 3381 1124 3389 “
