2575 3842
172 159 234 224 278
525 162 832 222 AOYKIANOY

172 319 235 388 οὐκ
256 317 380 406 ἀγεννῆ
396 340 449 387 σοι
470 322 524 387 καὶ
541 326 662 386 τοῦτον
684 327 784 404 φίλον
806 318 866 387 τόν
887 318 1087 390 Εὐθύδικον
1108 327 1185 410 διη-

171 419 334 506 νοσέειν·

257 524 306 586 21.
331 519 422 593 ΤΟΞ.
446 517 598 601 Πότερον
613 517 650 583 δε
672 515 862 599 ἀπόλοντο,
885 509 1128 602 ῶΜνήσιππε,
1151 521 1187 586 οί

106 629 154 684 530
174 615 309 701 ἀνδρες,
326 615 348 702 ή
362 642 411 693 τις
425 613 537 694 αὐτοῖς
552 618 587 682 ἐκ
602 615 798 699 παραλόγου
813 621 957 698 σωτηρία
973 617 1120 699 έγένετο;
1139 613 1184 692 ῶς

173 718 276 799 ἔγωγε
292 710 333 779 οὐ
347 720 486 799 μετρίως
499 714 630 780 δέδοικα
645 709 729 793 ὑπὲρ
745 710 865 778 αὐτῶν.

257 817 405 878 ΜΝΗΣ.
429 811 571 896 Θάρρει,
594 803 621 876 ῶ
639 810 775 895 Τόξαρι,
796 808 974 895 ἐσώθησαν
989 813 1108 879 καλέει
1129 815 1184 878 καλ

173 917 237 977 νῦν
248 915 332 977 εἰσιν
343 906 525 996 Ἀθήνησιν
537 910 637 995 ἀμφω
651 915 924 995 φιλοσοφοῦντες.
941 907 1034 996 ὁμὲν
1045 908 1109 996 γάρ
1120 917 1184 976 Σι-

172 1010 277 1094 μύλος
292 1015 395 1074 ταῦτα
414 1008 501 1092 μόνα
524 1005 587 1092 εἶχε
603 1009 730 1094 λέγειν,
752 1005 774 1073 ἀ
794 1031 873 1074 ποτε
894 1005 960 1074 εἶδε
975 1015 1032 1094 της
1047 1008 1182 1091 νυκτός,

173 1104 232 1174 τόν
250 1105 310 1192 μὲν
328 1107 542 1189 ἐκπίπτοντα,
558 1102 619 1172 τῦν
630 1104 666 1172 δέ
678 1107 889 1190 ἐπιπηδῶντα
901 1107 956 1172 καλ
968 1107 1182 1192 νηχομένους,

173 1207 206 1283 ές
219 1201 301 1271 ὅσον
315 1207 352 1270 έν
366 1205 461 1271 νυκτί
477 1209 631 1286 καθορᾶν
646 1203 797 1269 ἐδύνατο.
826 1201 865 1269 τά
881 1203 917 1270 δὲ
933 1201 998 1269 ἀπό
1014 1202 1136 1272 τούτου
1150 1207 1185 1270 ολ

172 1300 258 1388 ἀμφὶ
268 1301 328 1370 τὸν
338 1300 536 1371 Εὐθύδικον
545 1301 639 1368 αὐτοὶ
656 1305 866 1386 διηγοῦνται·
889 1299 926 1367 τό
940 1301 1002 1386 μὲν
1014 1297 1077 1386 γάρ
1089 1305 1184 1384 πρῶ-

173 1427 232 1468 τον
247 1409 380 1486 φελλοῖς
397 1421 462 1467 τισι
478 1399 716 1482 περιπεσόντας
733 1395 864 1484 ἀνέχειν
884 1400 936 1465 έπλ
956 1397 1086 1466 τούτων
1102 1400 1183 1466 ἑαυ-

172 1496 251 1576 τούς
262 1501 316 1566 καλ
333 1495 561 1584 ἀπονήχεσθαι
578 1496 748 1582 πονήρως,
766 1494 908 1580 ὕστερον
923 1496 958 1562 δὲ
973 1493 1035 1581 τὴν
1049 1494 1183 1582 ἀποβό-

172 1606 263 1678 θραν
278 1596 410 1673 ἰδόντας
426 1593 490 1681 ήδη
505 1592 588 1677 πρός
604 1595 648 1661 ἔω
663 1595 920 1680 προσνήξασθαί
931 1620 966 1661 τε
979 1592 1063 1682 αὐτῇ
1077 1594 1132 1661 καὶ
1143 1590 1181 1659 τό

172 1691 291 1761 λοιπόν
307 1693 484 1778 ἐπιβάντας
500 1689 651 1778 εὐμαρῶς
667 1700 933 1779 προσενεχθῆναι
949 1702 989 1780 τῇ
999 1692 1180 1780 Ζακύνθῳ.

257 1795 306 1856 22.
328 1787 423 1856 Μετά
441 1789 476 1857 δὲ
492 1790 632 1868 τούτους
655 1788 695 1857 οὐ
712 1791 863 1875 φαύλους
884 1788 998 1874 ὄντας,
1020 1785 1065 1866 ῶς
1081 1784 1180 1872 ἔγωγ’

172 1883 216 1956 ἀν
230 1897 371 1974 είποιμι,
392 1885 538 1955 ἄκουσον
553 1886 615 1974 ήδη
632 1894 743 1973 τρίτου
759 1886 861 1955 ἀλλον
883 1887 983 1956 οὐδέν
998 1914 1029 1953 τι
1048 1891 1182 1972 χείρονα

172 1985 292 2054 αὐτῶν,
317 1984 508 2073 Εὐδαμίδας
518 1993 702 2071 Κορίνθιος
712 1984 865 2075 Ἀρεταίῳ
880 1992 924 2074 τῷ
936 1990 1110 2074 Κορινθίῳ
1126 1988 1180 2051 καὶ

174 2087 342 2176 Χαριξένῳ
361 2093 407 2177 τῷ
427 2091 605 2176 Σικυωνίῳ
626 2092 736 2170 φίλοις
754 2087 906 2169 ἐκέχρητο
929 2081 1084 2169 εὐπόροις
1105 2076 1181 2150 ούσι

171 2186 368 2263 πενέστατος
380 2180 480 2260 αὐτὸς
493 2180 555 2250 ῶν·
578 2184 648 2250 ἐπεὶ
662 2186 696 2249 δὲ
708 2179 910 2266 ἀπέθνησκε,
927 2181 1089 2266 διαθήκας
1099 2177 1183 2248 ἀπέ-

102 2297 151 2350 531
173 2291 247 2350 λιπε
267 2297 334 2361 τοῖς
355 2282 417 2369 μὲν
437 2279 549 2358 ἀλλοις
570 2290 649 2357 ἴσως
670 2286 816 2366 γελοίας,
843 2281 895 2346 σοὶ
919 2278 955 2346 δὲ
977 2277 1040 2346 οὐκ
1056 2277 1130 2345 οἰδα
1154 2283 1184 2345 εί

171 2387 321 2447 τοιαῦται
342 2380 498 2460 δόξουσιν
516 2376 613 2462 ἀνδρὶ
633 2377 752 2468 ἀγαθῶ
767 2379 822 2446 καὶ
843 2385 959 2463 φιλίαν
975 2384 1112 2462 τιμῶντι
1127 2377 1182 2444 καλ

171 2477 247 2560 περί
260 2485 328 2544 τῶν
340 2480 376 2545 ἐν
387 2474 470 2564 αὐτῇ
481 2484 653 2561 πρωτείων
665 2475 899 2565 ἁμιλλωμένῳ·
921 2478 1103 2563 ἐγέγραπτο
1114 2472 1181 2560 γάρ

173 2577 209 2642 ἐν
225 2572 352 2657 αὐταῖς,
366 2572 548 2643 Ἀπολείπω
561 2572 715 2665 Ἀρεταίῳ
730 2576 792 2661 μέν
807 2572 868 2661 τήν
882 2577 1007 2660 μητέρα
1021 2598 1087 2659 μου
1105 2573 1182 2654 τρέ-

172 2698 251 2759 φειν
271 2675 325 2740 καλ
343 2687 560 2760 γηροκομεῖν,
587 2677 758 2764 Χαριξένῳ
781 2676 817 2741 δὲ
838 2672 899 2759 τήν
923 2676 1095 2758 θυγατέρα
1114 2696 1181 2757 μου

172 2774 329 2840 ἐκδοῦναι
350 2769 431 2858 μετά
448 2771 601 2858 προικός,
624 2770 753 2858 ὁπόσην
773 2768 817 2838 ἀν
833 2778 990 2856 πλείστην
1007 2773 1182 2838 ἐπιδοῦναι

171 2896 238 2956 παρ
254 2869 358 2938 αὑτοῦ
374 2871 514 2957 δύνηται
530 2913 571 2924 -κ
582 2865 626 2960 ἦν
647 2876 683 2939 δὲ
698 2869 788 2959 αὐτῷ
805 2872 860 2938 καὶ
876 2870 983 2956 μήτηρ
1002 2874 1181 2956 πρεσβῦτις

171 2972 224 3038 καὶ
239 2971 427 3057 θυγάτριον
444 2970 565 3058 ῶραίου
580 2971 642 3057 ήδη
658 2973 768 3058 γόμου
782 3011 824 3024 -
836 2966 881 3059 ήυ
894 2973 932 3038 δέ
943 2997 975 3037 τι
990 2968 1107 3054 ἅτερος
1118 2966 1181 3034 αὐ-

170 3077 237 3136 τῶν
252 3072 289 3136 έν
310 3071 457 3161 τοσούτῳ
475 3072 587 3159 πύθη,
605 3075 660 3138 καὶ
681 3069 743 3156 τήν
763 3072 892 3138 ἐκείνου
907 3072 1041 3155 μερίδα,
1067 3075 1179 3154 φησίν,

171 3168 268 3250 ε’χέτω
284 3165 300 3234 ὁ
317 3170 435 3254 ἕτερος.
466 3170 594 3236 τούτων
617 3168 902 3254 ἀναγνωσθεισῶν
916 3175 985 3235 τῶν
1006 3171 1180 3254 διαθηκῶν

171 3270 204 3332 οί
216 3263 277 3351 τήν
292 3274 410 3336 πενίαν
424 3269 486 3354 μὲν
502 3269 623 3346 εἰδότες
638 3275 698 3336 τοῦ
713 3266 900 3353 Εὐδαμίδα,
925 3264 987 3352 τήν
1002 3275 1117 3353 φιλίαν
1133 3268 1179 3351 δέ,

169 3358 191 3446 ἣ
207 3385 289 3444 προς
304 3363 381 3443 τοῦς
398 3365 522 3449 ἀνδρας
537 3357 579 3451 ήν
596 3363 703 3454 αὐτῷ,
730 3365 929 3451 ἀγνοοῦντες
951 3367 987 3432 ἐν
1008 3369 1125 3455 παιδιᾷ
1139 3362 1178 3432 τῦ
