2575 3842
164 206 226 269 112
537 207 844 265 AOTKIANOY

164 394 237 435 ναι·
261 363 440 452 οὐδὲνγὰρ
456 362 529 434 ἀλλ’
546 361 568 450 ἦ
584 369 755 450 ἱεροσυλία
772 361 807 431 τό
825 365 961 451 πρᾶγμά
974 369 1040 434 ἐστι
1058 376 1175 458 μακρῷ

163 472 232 533 τῶν
244 462 356 532 ἀλλων
366 465 592 550 χαλεπωτέρα,
609 460 678 554 όσφ
694 469 755 529 τοῦ
769 463 808 529 τὰ
819 461 883 549 ἤδη
894 461 1100 532 ἀνατεθέντα
1112 486 1174 533 συ-

166 571 230 632 λᾶν
245 560 281 630 τδ
298 564 381 649 μηδὲ
396 559 457 648 τὴν
473 559 578 647 ἀρχὴν
589 576 657 639 τοῖς
668 558 864 627 ἀνατιθέναι
875 564 1093 649 βουλομένοις
1105 567 1177 631 έπι-

165 666 300 751 τρέπειν
310 660 538 750 ἀσεβέστερον.
561 665 590 727 3.
609 662 724 745 δέομαι
737 661 773 727 δὲ
788 658 1029 747 ὑμωνΔελφδς
1042 662 1097 729 καὶ
1113 660 1177 729 αὐ-

166 759 222 839 τδς
244 757 292 827 δν
310 762 363 827 καὶ
384 756 420 826 τύ
443 769 517 827 λ’σον
534 762 678 845 μετέχων
704 764 760 843 τῆς
781 784 815 825 τε
836 763 995 845 δημοσίας
1016 757 1176 844 εὐκλείας,

168 866 198 928 εί
212 858 431 946 φυλάττοιτο,
448 859 502 925 καὶ
513 864 570 942 τῆς
582 860 733 934 ἐναντίας
749 857 862 943 δόξης,
879 862 909 925 ελ
921 861 957 924 έκ
968 865 1035 926 τεόν
1050 858 1178 944 παρόν-

167 983 235 1024 των
245 958 473 1041 προσγένοιτο,
486 952 556 1041 μήτ’
568 951 757 1021 ἀποκλείειν
768 951 805 1020 τδ
819 950 912 1037 ίερδν
922 968 990 1033 τοῖς
1002 952 1178 1041 εὐσεβοῦσι

167 1056 248 1143 μήτε
266 1054 328 1140 την
344 1054 445 1121 πόλιν
455 1051 538 1136 πρὸς
549 1050 699 1130 ἅπαντας
713 1049 918 1138 ἀνθρώπους
930 1055 1121 1139 διαβάλλειν
1133 1050 1177 1130 άς

168 1150 208 1220 τά
224 1153 420 1239 πεμπόμενα
433 1160 480 1241 τῷ
492 1158 563 1241 θεῷ
582 1158 864 1236 συκοφαντοῦσαν
875 1152 930 1217 καὶ
941 1152 1043 1241 ψήφῳ
1057 1152 1112 1219 καὶ
1126 1155 1178 1217 δι-

168 1257 334 1339 καστηρίῳ
353 1251 599 1335 δοκιμάζουσαν
616 1246 695 1326 τούς
716 1246 950 1327 ἀνατιθέντας·
985 1248 1094 1327 οὐδεὶς
1112 1245 1178 1334 γὰρ

168 1354 215 1415 ἔτι
231 1346 410 1415 ἀναθεῖναι
425 1348 621 1433 τολμήσειεν
632 1342 676 1412 ἀν
692 1343 786 1425 είδιδς
801 1344 842 1413 οὐ
853 1347 1108 1433 προσησόμενον
1118 1344 1177 1413 τὸν

98 1458 150 1511 203
168 1443 254 1512 θεὸν
271 1444 290 1512 ὅ
306 1472 337 1512 τι
353 1442 398 1511 ἀν
419 1442 464 1530 μη
480 1444 645 1530 πρότερον
666 1459 733 1522 τοῖς
747 1452 894 1530 Δελφοῖς
912 1449 1002 1533 δοκῇ.
1035 1449 1064 1511 4.
1082 1442 1100 1511 ὁ
1116 1446 1178 1529 μὲν

169 1536 234 1608 οὐν
248 1545 381 1620 Πύθιος
400 1540 463 1628 τὴν
485 1547 617 1609 δικαίαν
631 1542 695 1628 ἤδη
715 1546 866 1628 περὶτοῦ
883 1540 1097 1629 ἀναθήματος
1112 1549 1178 1628 ψῆ-

168 1666 236 1724 φον
252 1640 410 1726 ἤνεγκεν·
445 1646 476 1707 εί
495 1647 580 1725 γοῦν
597 1643 701 1724 ἐμίσει
720 1638 780 1709 τὸν
795 1642 947 1727 Φάλαριν
965 1635 987 1726 ἢ
1008 1638 1045 1706 τὸ
1068 1643 1178 1726 δῶρον

168 1737 274 1803 αὐτοῦ
288 1739 502 1823 ἐμυσάττετο,
519 1738 637 1827 ράδιον
651 1732 695 1822 ἧν
711 1741 748 1805 έν
760 1744 804 1827 τῷ
816 1736 918 1829 Ἰονίῳ
928 1740 1016 1828 μέσφ
1032 1741 1178 1805 καταδῦ-

168 1856 225 1902 σαι
240 1832 321 1901 αὐτό
337 1833 418 1921 μετά
432 1844 489 1923 της
505 1834 652 1921 ἀγούσης
669 1832 825 1921 ὁλκάδος,
844 1834 861 1903 ὁ
878 1836 913 1903 δὲ
930 1834 1017 1903 πολύ
1034 1832 1177 1904 τούναν-

169 1940 242 2000 τίον
264 1936 301 1999 έν
317 1930 412 2019 εὐδίᾳ
434 1959 469 1999 τε
492 1938 795 2018 διαπεραιωθῆναι,
822 1931 866 2011 δός
890 1953 989 2017 φασι,
1015 1935 1178 2019 παρέσχεν

169 2028 283 2108 αὐτοῖς
299 2032 354 2098 καὶ
369 2039 434 2110 σῶς
455 2033 487 2109 ές
508 2029 569 2117 τὴν
583 2037 714 2115 Κίρραν
729 2038 879 2116 κατᾶραι.
913 2037 942 2099 5.
965 2022 1063 2119 ᾦκαὶ
1077 2033 1178 2116 δῆλον

169 2128 220 2196 ὅτι
242 2136 411 2213 προσίεται
431 2129 492 2215 τὴν
507 2136 568 2197 τοῦ
584 2130 757 2213 μονάρχου
778 2126 960 2214 εὐσέβειαν.
991 2128 1054 2215 χρὴ
1071 2131 1107 2197 δὲ
1123 2130 1178 2195 καὶ

168 2226 255 2314 ὑμᾶς
271 2225 310 2293 τά
329 2226 412 2295 αὐτά
431 2230 546 2315 έκείνφ
562 2229 817 2311 ψηφισαμένους
834 2239 1034 2313 προσθεῖναι
1048 2230 1103 2297 καὶ
1117 2225 1178 2295 τδν

168 2333 296 2411 ταῦρον
312 2328 445 2393 τουτονὶ
456 2333 502 2414 τῷ
517 2324 606 2412 ἀλλφ
621 2324 734 2415 κόσμφ
751 2333 811 2393 τοῦ
826 2331 934 2413 ίεροῦ·
958 2331 1028 2395 ἐπεὶ
1042 2326 1179 2395 πάντων

169 2422 279 2510 ἀνείη
295 2432 392 2491 τοῦτο
409 2421 638 2506 ἀτοπώτατον,
657 2424 832 2509 πέμψαντά
846 2452 921 2494 τινα
932 2426 1179 2514 μεγαλοπρεπές

170 2520 258 2588 οὕτω
274 2525 385 2603 δωρον
404 2529 474 2610 θεῷ
492 2518 553 2607 την
568 2525 852 2604 καταδικάζουσαν
868 2530 904 2594 έκ
925 2533 985 2593 τοῦ
1002 2530 1095 2610 ίερού
1112 2531 1179 2610 ψῆ-

171 2645 238 2706 φον
254 2627 370 2705 λαβεῖν
383 2622 438 2686 καὶ
453 2617 580 2704 μισθόν
594 2627 797 2706 κομίσασθαι
812 2632 869 2711 τῆς
885 2623 1053 2713 εὐσεβείας
1066 2622 1102 2689 τδ
1120 2648 1179 2689 κε-

169 2726 306 2805 κρίσθαι
318 2718 401 2805 μηδὲ
409 2726 469 2785 τοῦ
478 2716 675 2786 ἀνατιθέναι
686 2720 783 2801 ἀξιος.
801 2729 831 2790 6.
842 2720 860 2789 ὁ
872 2726 935 2809 μὲν
943 2716 1009 2790 οὐν
1019 2719 1178 2789 τάναντία

170 2848 226 2906 μοι
242 2819 412 2905 ἐγνωκώς,
433 2819 588 2904 καθάπερ
606 2821 643 2885 ἐκ
664 2826 725 2886 τοῦ
745 2817 968 2904 Ἀκράγαντος
986 2817 1060 2906 ἀρτι
1076 2844 1180 2887 κατα-

170 2918 378 3003 πεπλευκώς,
394 2918 525 3003 σφαγάς
535 2943 628 2995 τινας
640 2922 693 2985 καὶ
706 2924 780 3005 βίας
790 2922 845 2985 καί
859 2915 1010 3006 ἁρπαγάς
1025 2919 1080 2986 καὶ
1091 2914 1178 2986 ἄπα-

169 3017 279 3103 γωγάς
295 3017 472 3105 ἐτραγῴδει
483 3022 544 3083 τού
554 3016 728 3101 τυράννου
743 3017 851 3101 μόνον
866 3014 929 3082 οὐκ
943 3013 1109 3101 αὐτόπτης
1121 3040 1179 3101 γε·

168 3123 333 3202 γενησθαι
346 3117 469 3200 λέγων,
491 3112 532 3180 δν
546 3124 643 3200 ίσμεν
659 3111 733 3181 οὐδ’
752 3114 827 3200 ἀχρι
841 3123 902 3183 τοῦ
919 3122 1040 3183 πλοίου
1055 3113 1179 3183 ἀποδε-

169 3216 348 3301 δημηκότα.
370 3214 431 3300 χρὴ
447 3218 483 3280 δὲ
497 3209 537 3279 τά
555 3216 617 3299 μὲν
631 3220 768 3281 τοιαῦτα
786 3216 869 3300 μηδὲ
886 3228 955 3293 τοῖς
970 3216 1179 3283 πεπονθέναι

169 3313 337 3399 φάσκουσι
358 3314 450 3379 πάνυ
473 3312 642 3379 πιστεύειν
660 3315 949 3399 διηγουμένοις-
965 3311 1092 3400 ἀδηλον
1113 3308 1180 3397 γάρ

170 3418 200 3479 ελ
213 3409 324 3497 ἀληθῆ
339 3415 496 3497 λέγουσιν
512 3452 549 3463 -
566 3410 627 3495 οὐχ
641 3408 731 3490 ὅπως
746 3408 868 3489 αὐτοὺς
883 3408 960 3498 δμή
973 3411 1180 3496 ἐπιστάμεθα
