2575 3842
183 152 247 216 350
545 157 833 217 ΛΟΤΚΙΑΝΟΤ

184 314 238 383 ὅτε
252 311 295 400 μῆ
308 311 347 381 τά
363 321 498 381 τοιαῦτα
510 323 714 401 παραλυποῖ,
732 313 786 401 ἐφ’
802 314 867 408 ότω
878 312 1027 402 Πῶλοςῆ
1041 314 1207 402 Ἀριστό-

184 418 286 498 δημος
302 411 375 496 ἀντὶ
388 412 473 492 Διὸς
487 411 565 500 ἡμῖν
580 413 805 500 ἀναπέφηνας.

267 519 295 579 4.
314 519 440 579 zm.
463 520 642 598 Τιμοκλῆς,
665 505 802 597 ιόἭρα,
820 509 1001 589 ὁΣτωῐκός
1014 515 1203 598 καὶΔᾶμις

183 606 200 676 ὁ
225 608 446 692 Ἐπικούρειος
466 614 561 695 χθές,
586 608 650 677 οὐκ
670 608 734 677 οἷδ’
757 608 842 677 ὅθεν
863 617 980 694 σφίσιν
1000 607 1201 695 ἀρξαμένου

182 715 243 775 τοῦ
263 707 383 793 λόγου,
407 715 564 794 προνοίας
579 710 653 790 πέρι
674 711 889 793 διελεγέσθην
905 709 1084 791 παρόντων
1100 710 1200 793 μάλα

114 818 165 874 646
185 810 317 890 συχνῶν
338 807 392 872 καὶ
413 809 559 890 δοκίμων
579 803 789 888 ἀνθρώπων,
810 803 892 886 ὅπερ
915 807 1056 891 μάλιστα
1072 803 1202 892 ῆνίασέ

185 929 238 989 με·
261 900 343 971 καὶὸ
358 903 419 988 μὲν
429 911 539 989 Δάμις
554 900 625 969 οὔτ’
643 900 727 969 εἶναι
742 900 846 980 θεοὺς
857 907 1003 986 ἔφασκεν
1014 901 1092 970 οὔτε
1103 903 1199 980 ὅλως

182 999 222 1066 τά
239 1001 421 1087 γιγνόμενα
437 1003 626 1068 ἐπισκοπεῖν
643 995 881 1086 ῆδιατάττειν,
902 998 921 1068 ό
940 1008 1105 1086 Τιμοκλῆς
1121 999 1197 1070 δὲὸ

183 1101 348 1183 βέλτιστος
358 1100 508 1179 ἐπειρᾶτο
519 1103 803 1182 συναγωνίζεσθαι
811 1095 905 1184 ῆμίν·
919 1097 985 1166 εἶτα
994 1098 1095 1183 όχλου
1106 1107 1198 1167 πολ-

183 1202 244 1262 λοῦ
258 1195 469 1283 ἐπιρρυέντος
480 1192 580 1264 οὐδὲν
592 1198 693 1279 πέρας
703 1198 830 1280 ἐγένετο
840 1204 896 1281 τῆς
907 1200 1097 1275 ξυνουσίας·
1121 1201 1198 1263 διε-

184 1291 340 1377 λύθησαν
355 1291 420 1380 γάρ
437 1296 574 1371 ἐσαῦθις
592 1295 828 1373 ἐπισκέψεσθαι
845 1292 884 1360 τά
905 1292 1004 1361 λοιπά
1021 1298 1195 1380 συνθέμε-

184 1417 254 1474 νοι,
274 1391 329 1458 καὶ
345 1396 409 1456 νῦν
425 1395 582 1475 μετέωροι
596 1391 717 1468 πάντες
732 1393 793 1457 είσλ
807 1388 891 1474 πρὸς
905 1389 1083 1475 α’κρόασιν,
1104 1388 1194 1457 ὁπό-

184 1515 277 1573 τερος
297 1486 453 1573 κρατήσει
468 1491 523 1554 καὶ
538 1486 744 1572 ἀληθέστερα
764 1490 852 1567 δόξει
868 1491 985 1573 λέγειν.
1014 1485 1113 1570 ὁρᾶτε
1129 1485 1194 1554 τόν

184 1590 362 1670 κίνδυνον,
385 1581 427 1662 ὡς
444 1589 480 1651 ἐν
498 1592 601 1674 στενῷ
626 1586 815 1653 παντάπασι
835 1583 875 1652 τό
899 1583 1054 1672 ἡμέτερα,
1080 1588 1116 1653 ἐν
1142 1589 1193 1653 ἑνὶ

184 1681 280 1767 ἀνδρὶ
294 1683 576 1768 κινδυνευόμενα;
589 1686 642 1750 καλ
655 1688 751 1751 δυοῖν
759 1682 906 1766 θάτερον
917 1680 938 1770 ῆ
950 1690 1193 1767 παρεωρόσθαι

82 1847 92 1864 ,
184 1778 313 1866 ἀνάγκη
325 1778 470 1866 όνόματα
482 1780 566 1848 εἶναι
577 1779 685 1868 μόνον
695 1781 854 1861 δόξαντας
864 1776 885 1867 ῆ
896 1788 1054 1867 τιμᾶσθαι
1067 1778 1112 1858 ὡς
1122 1779 1191 1863 πρὸ

184 1885 261 1964 τοῦ,
276 1874 320 1966 ῆν
334 1877 351 1946 ὁ
370 1887 533 1965 Τιμοκλῆς
548 1879 669 1967 νικῆση
683 1881 799 1964 λόγων.

267 1981 295 2043 5.
315 1984 415 2044 ΗΡΑ.
439 1975 546 2045 Λεινᾶ
560 1982 663 2042 ταῦτα
678 1971 721 2068 ως
732 1973 883 2061 άληθῶς,
899 1977 953 2044 καὶ
967 1975 1009 2044 οὐ
1020 1976 1146 2062 μάτην,
1163 1969 1191 2042 ιδ

185 2082 267 2162 Ζεῦ,
284 2078 520 2166 ἐπετραγῴδεις
534 2074 654 2152 αὐτοῖς.

267 2181 392 2241 ΖΕΤΣ.
416 2171 470 2240 Σδ
486 2172 517 2240 δ’
538 2171 605 2262 η’ίον
620 2171 758 2258 Δανάης
770 2170 898 2260 τινδςῆ
917 2171 1088 2259 Ἀντιόπης
1104 2171 1193 2241 είναί

183 2297 239 2356 μοι
255 2271 358 2355 λόγον
374 2274 410 2336 ἐν
427 2271 558 2361 ταράχῳ
578 2269 735 2360 τοσούτω.
769 2277 802 2337 τί
820 2269 851 2337 δ’
872 2263 951 2353 οὖν,
974 2265 1001 2338 ά
1019 2269 1119 2357 Ἑρμῆ
1133 2273 1190 2339 καὶ

115 2381 164 2435 647
186 2366 271 2450 Ἥρα
285 2371 339 2436 καλ
352 2366 493 2454 Ἀθηνᾶ,
512 2368 712 2452 πράττοιμεν
726 2366 786 2450 άν;
808 2372 1037 2450 ξννενρίσκετε
1053 2367 1118 2454 γάρ
1133 2371 1189 2436 καὶ

183 2462 277 2532 αὐτοὶ
293 2464 329 2532 τό
345 2466 452 2550 μέρος.

267 2569 371 2628 ΕΡΜ.
391 2560 471 2646 Ἐγώ
486 2563 547 2648 μὲν
562 2566 613 2631 ἐπὶ
628 2560 665 2630 τό
682 2564 798 2630 κοινόν
809 2590 893 2650 φημι
909 2570 980 2632 δεῖν
993 2563 1054 2651 τῆν
1069 2568 1188 2643 σκέψιν

184 2661 372 2742 ἐπενεγκεῖν
390 2661 566 2744 ἐκκλησίαν
581 2661 822 2746 συναγαγόντα.

266 2762 368 2822 ΗΡΑ.
388 2753 498 2840 Κάμολ
511 2764 613 2822 ταῦτα
629 2761 785 2834 ξυνδοκεῖ
797 2755 882 2841 άπερ
898 2759 953 2825 καλ
966 2758 1081 2846 τούτῳ.

266 2860 404 2921 ΑΘΗΝ.
424 2851 509 2921 Ἀλλ’
523 2857 593 2940 ἐμοὶ
605 2854 666 2939 μὲν
681 2853 837 2922 τάναντία
852 2859 952 2938 δοκεῖ,
971 2847 998 2920 οδ
1012 2856 1126 2940 πάτερ,
1141 2853 1185 2940 μῆ

185 2953 418 3038 ξυνταράττειν
433 2953 492 3020 τὸν
505 2952 653 3039 οὐρανὸν
664 2956 746 3041 μηδὲ
757 2962 859 3042 δῆλον
875 2954 958 3023 εἶναι
972 2956 1186 3041 θορυβούμε-

183 3075 245 3116 νον
262 3058 309 3138 τηέ
320 3051 502 3136 πράγματι,
519 3054 675 3136 πράττειν
689 3054 724 3122 δέ
738 3059 805 3143 ίδίμ
819 3061 938 3137 ταῦτα,
953 3055 985 3132 ἐξ
1002 3045 1050 3120 ιδν
1064 3053 1185 3137 κρατῆ-

183 3166 233 3213 σει
255 3145 353 3229 μὲνὸ
380 3154 542 3233 Τιμοκλῆς
562 3153 685 3236 λέγων,
709 3149 853 3238 όΔᾶμις
874 3155 910 3219 δὲ
930 3155 1186 3237 καταγελασθεὶς

183 3239 316 3309 άπεισιν
333 3246 368 3310 ἐκ
383 3253 440 3330 τῆς
456 3251 646 3324 συνουσίας.

268 3345 369 3404 ERM.
388 3337 475 3408 Ἀλλ’
501 3340 577 3408 οὔτε
598 3337 842 3430 άγνοηθῆσεται
861 3351 981 3427 ταῦτα’,
1004 3337 1127 3428 άΖεῦ,
1148 3348 1185 3411 ἐν
