2575 3842
202 189 583 253 ΑΛΕΞΑΝΛΡΟΣΗ
608 190 990 249 ΨΕΤΔΟΜΑΝΤΙΣ.
1036 188 1098 251 129

91 354 290 437 Σευηριανῷ
313 349 425 424 δοθεὶς
450 343 534 429 ὑπὲρ
554 356 610 431 τῆς
631 350 663 424 ἐς
682 344 856 431 Ἀρμενίαν
878 349 1010 415 εἰσόδου
1031 354 1098 415 τῶν

91 443 301 529 αὐτοφώνων
313 447 369 511 καὶ
380 441 481 521 αύτὸς
494 436 551 529 ἦν·
573 446 771 529 προτρέπων
781 444 845 529 γάρ
860 443 963 512 αὐτὸν
973 448 1025 513 ἐπὶ
1036 444 1098 531 τὴν

91 539 248 627 εἰσβολὴν
262 540 368 619 οὕτως
383 546 464 627 ἔφη·

135 639 297 724 Πάρθους
309 636 502 724 Ἀρμενίους
517 664 552 704 τε
567 644 640 725 θοῷ
656 636 722 705 ὑπὸ
742 640 836 721 δουρὶ
851 637 1021 723 δαμάσσας

134 738 305 823 νοστήσεις
313 734 439 822 Ῥώμην
453 739 509 803 καὶ
520 736 712 822 Θύμβριδος
728 734 854 821 ἀγλαὸν
868 735 960 817 ὕδωρ

134 836 260 920 στέμμα
276 837 389 918 φέρων
406 834 604 919 κροτάφοισι
619 835 821 919 μεμιγμένον
835 830 1032 899 ἀκτίνεσσιν.

93 928 151 997 εἶτ’
169 928 281 1015 ἐπειδὴ
303 934 452 1009 πεισθεὶς
472 928 490 997 ὁ
511 928 642 1015 ἠλίθιος
665 932 789 1009 ἐκεῖνος
804 927 928 1006 Κελτὸς
951 930 1096 1013 εἰσέβαλε

93 1030 147 1095 καὶ
160 1024 348 1113 ἀπήλλαξεν
365 1025 448 1115 αὐτῇ
466 1033 601 1115 στρατιᾷ
620 1024 687 1093 ύπδ
708 1034 770 1093 τοῦ
787 1025 979 1111 Ὀθρυάδου
993 1050 1095 1091 κατα·
1114 1038 1165 1091 236

93 1130 221 1208 κοπείς,
236 1130 356 1191 τοῦτον
370 1126 432 1209 μὲν
445 1122 505 1190 τὸν
518 1120 668 1208 χρησμὸν
682 1125 849 1207 ἐξαιρετέα
864 1129 931 1189 τῶν
945 1120 1097 1206 ὑπομνη-

9 1291 10 1296 1
92 1221 224 1307 μάτων,
239 1224 389 1306 ἐντίθησι
404 1222 440 1288 δὲ
453 1219 557 1289 ἀλλον
572 1217 645 1287 ἀντ’
665 1218 785 1287 αὐτοῦ·

134 1315 196 1404 Μὴ
226 1319 269 1384 σύ
296 1316 328 1402 γ’
355 1316 407 1385 ἐπ’
433 1315 623 1403 Ἀρμενίους
652 1317 753 1385 έλάαν
779 1315 935 1401 στρατόν,
965 1312 1005 1381 ού
1032 1312 1096 1399 γὰρ

9 1439 10 1448 ’
705 1414 853 1499 ἀμεινων,

135 1512 180 1597 μη’
196 1532 248 1579 σοι
262 1520 453 1598 θηλυχίτων
466 1540 516 1591 τις
533 1510 618 1598 ἀνὴρ
633 1514 733 1591 τόξου
749 1508 958 1595 ἀπονλυγρὸν

135 1612 264 1698 πότμον
279 1613 458 1694 ἐπιπροϊεὶς
471 1613 584 1700 παύση
599 1614 725 1699 βιότοιο
741 1611 849 1696 φάους
862 1636 906 1676 τε.

178 1713 227 1775 28.
247 1711 313 1775 Καὶ
325 1706 390 1793 γάρ
401 1702 445 1774 αύ
457 1712 620 1777 καὶτοῦτο
632 1708 826 1793 σοφώτατον
838 1706 1007 1789 ἐπενόησε,
1021 1700 1099 1781 τούς

94 1811 331 1889 μεταχρονίους
345 1803 514 1890 χρησμούς
528 1808 580 1873 ε’πὶ
594 1811 759 1893 θεραπείᾳ
772 1810 840 1869 των
855 1810 964 1879 κακῶς
979 1824 1099 1885 προτε-

93 1902 329 1986 θεσπισμένων
354 1903 408 1968 καὶ
429 1899 736 1986 ἀποτετευγμένων·
770 1901 929 1973 πολλάκις
949 1894 1013 1980 γάρ
1034 1892 1097 1979 πρὸ

93 1999 155 2082 μὲν
165 2003 221 2081 τῆς
231 2004 383 2083 τελευτῆς
391 2012 458 2076 τοῖς
468 2005 627 2063 νοσοῦσιν
637 1992 767 2081 ύγίειαν
779 1998 1004 2078 ἐπηγγέλλετο,
1015 1988 1099 2055 ἀπο-

93 2092 273 2160 θανόντων
291 2094 326 2161 δδ
340 2092 486 2179 χρησμὸς
499 2092 597 2170 ἀλλος
612 2095 740 2176 ἕτοιμος
756 2084 800 2176 ἦν
817 2090 1030 2176 παλινῳδῶν·

137 2192 268 2276 Μηκέτι
285 2196 437 2277 δίζησθαι
453 2192 590 2259 νούσοιο
606 2198 731 2275 λυγρῆς
745 2185 937 2272 ἐπαρωγήν·

136 2288 260 2375 πότμος
274 2288 339 2374 γάρ
356 2288 532 2375 προφανὴς
547 2285 621 2356 οὐδ’
639 2289 815 2373 ἐκφυγέειν
831 2281 977 2349 δυνατόν
993 2300 1054 2345 σοι.

179 2393 230 2453 29.
252 2385 360 2464 Είδοδς
371 2388 407 2453 δὲ
421 2384 499 2464 τούς
511 2390 548 2453 έν
558 2385 680 2476 Κλάρω
696 2386 750 2451 καὶ
761 2381 924 2466 Διδύμοις
934 2379 988 2445 καὶ
998 2384 1100 2443 Μαλ-

93 2491 141 2574 λῷ
152 2486 206 2551 καλ
216 2480 339 2563 αύτούς
349 2482 608 2569 εὐδοκιμοῦντας
624 2487 677 2552 ε’πὶ
687 2490 727 2572 τῇ
738 2480 834 2569 ὁμοίᾳ
846 2484 985 2565 μαντικῇ
997 2476 1099 2563 ταύτη

95 2589 215 2666 φίλους
229 2580 352 2660 αύτούς
367 2585 526 2668 ἐποιεῖτο,
546 2579 691 2659 πολλούς
705 2587 772 2647 τῶν
790 2576 999 2663 προσιόντων
1015 2580 1097 2660 πέμ·
1117 2592 1165 2647 237

94 2705 169 2744 πων
184 2678 237 2745 ἐπ’
256 2676 378 2757 αὐτούς
392 2683 515 2765 λέγων·

134 2775 184 2853 Ἐς
199 2775 335 2861 Κλάρον
349 2780 420 2844 ἵεσο
435 2785 516 2861 νῦν,
532 2775 659 2861 τούμού
674 2773 797 2861 πατρὸς
813 2772 857 2852 ὡς
870 2770 927 2839 ἀπ’
944 2768 1098 2856 ἀκούσης.

94 2876 150 2940 καὶ
169 2872 287 2940 πάλιν·
918 2867 919 2871 ’

137 2972 350 3056 Βραγχιδέων
365 2969 514 3038 ἀδύτοισι
531 2969 667 3049 πελάζεο
683 2972 737 3035 καὶ
752 2968 833 3035 κλύε
846 2972 1012 3051 χρησμῶν.

94 3073 150 3137 καλ
164 3062 283 3146 αὖθις·

136 3166 184 3247 Ἐς
198 3166 342 3235 Μαλλὸν
356 3166 454 3252 χώρει
469 3166 678 3251 θεσπίσματά
695 3163 723 3230 τ’
741 3161 959 3249 Ἀμφιλόχοιο.

180 3271 231 3333 30.
257 3272 368 3331 Ταῦτα
380 3263 441 3349 μὲν
453 3261 544 3341 ἐντὸς
555 3272 622 3329 τῶν
634 3262 725 3345 ὅρων
738 3264 830 3346 μέχρι
843 3268 900 3345 της
912 3258 1033 3335 Ἰωνίας
1045 3264 1100 3325 καὶ

99 3369 248 3440 Κιλικίας
269 3365 323 3428 καὶ
337 3368 575 3447 Παφλαγονίας
595 3363 649 3428 καὶ
665 3365 834 3435 Γαλατίας.
869 3356 912 3434 ὡς
933 3356 968 3507 (ἑὲ
991 3356 1045 3423 καὶ
1067 3357 1099 3433 ἐς

182 3472 287 3511 Luem.
307 3457 332 3511 ΙΙ
