2575 3842
374 207 586 274 ΤΟΞΑΡΙΣ
605 213 632 264 H
654 210 812 271 ΦΙΛΙΑ.
1031 205 1093 270 ‘275

83 373 197 438 νεύειν
212 377 257 460 τῷ
270 375 407 457 Δεινίᾳ,
433 369 518 436 διότι
541 369 582 435 οὐ
597 375 750 452 προσιέτο
768 368 874 452 μόνον
895 377 963 436 τόν
985 375 1093 454 φίλων

83 465 203 546 αὐτόν,
221 465 305 535 ἀλλά
321 464 399 544 τούς
414 466 558 544 κόλακας
572 464 676 532 αὐτοῦ
694 471 852 550 προετίμα
867 465 958 549 τότε,
975 462 1017 551 ήν
1029 464 1092 549 μό-
1111 473 1162 525 524

83 590 146 631 νον
167 563 230 650 εἶχε
251 565 410 653 πατρῴαν
435 570 542 631 οἰκίαν
570 567 607 630 έν
628 563 734 652 Σάμφ
756 560 992 649 ἀπεμπολήσας
1012 555 1094 648 ήκεν

85 661 174 752 αὐτῷ
192 661 253 750 τήν
270 659 367 749 τιμήν
382 667 524 748 κομίζων
538 668 612 746 τρία
627 662 782 729 τάλαντα.
806 658 920 748 λαβών
932 662 968 727 δὲ
983 658 1094 727 ὁΔει-

84 769 158 840 νίας
178 761 240 830 οόκ
258 759 389 848 ἀφανής
413 759 518 840 εὐθὺς
539 755 583 848 ήν
604 769 644 850 τῇ
665 768 845 846 Χαρικλείᾳ
865 760 964 836 καλός
984 768 1094 825 ποθεν

85 859 159 942 ἀρτι
180 865 415 947 γεγενημένος·
444 861 499 928 καὶ
514 853 650 944 αὖθιςὴ
670 857 757 946 ἅβρα
776 859 830 924 καὶ
853 854 891 924 τά
905 857 1094 942 γραμμάτια

85 959 139 1025 καί
154 961 289 1044 μέμψις,
305 957 356 1025 ότι
371 956 414 1044 μή
430 966 557 1025 πολλοῦ
567 957 693 1043 χρόνον
705 953 857 1042 ἀφίκετο,
874 958 928 1023 καὶ
943 960 977 1023 οί
991 955 1094 1022 κόλα-

85 1081 141 1133 κες
166 1058 332 1122 συνέθεον
355 1053 677 1140 ἐπικαλαμησόμενοι
699 1050 843 1139 ὁρῶντες
865 1054 1029 1139 ἐδώδιμον
1049 1058 1095 1118 ἔτι

86 1151 165 1219 ὄντα
180 1149 240 1218 τόν
256 1157 405 1220 Δεινίαν.
430 1155 478 1220 17.
498 1148 541 1228 ὡς
557 1152 593 1218 δὲ
609 1148 768 1236 ὑπέσχετο
784 1149 875 1236 ήξειν
891 1147 970 1235 παρ’
989 1145 1096 1232 αὐτὴν

86 1250 141 1322 καὶ
157 1239 217 1333 ήκε
233 1251 307 1333 περὶ
323 1255 457 1333 πρῶτον
472 1245 582 1314 ὕπνον
599 1249 655 1314 καὶ
669 1251 769 1314 ένδον
783 1239 843 1333 ήν,
861 1245 877 1314 ὁ
895 1248 1062 1332 Δημῶναξ
1077 1241 1094 1311 ὁ

85 1354 142 1432 τῆς
153 1353 351 1429 Χαρικλείας
365 1343 451 1432 ἀνήρ
463 1355 527 1412 εἴτε
545 1343 652 1422 άλλως
669 1343 871 1430 αἰσθόμενος
886 1354 950 1412 εἴτε
965 1345 1017 1411 καὶ
1030 1338 1095 1408 ἀπδ

87 1444 302 1530 συνθήματος
317 1451 374 1530 τῆς
389 1444 604 1530 γυναικός-
618 1441 718 1529 ἀμφω
734 1442 799 1529 γάρ
814 1447 942 1530 λέγεται
958 1483 996 1493 —-
1015 1444 1097 1509 ἐπα-

86 1539 209 1619 ναστάς
225 1539 336 1625 ὥσπερ
352 1544 388 1609 έκ
411 1541 513 1626 λόγου
529 1543 590 1627 τήν
605 1568 640 1608 τε
662 1540 798 1609 αὔλειον
818 1539 1008 1610 ἀποκλείειν
1025 1543 1096 1607 ἐκέ-

90 1650 163 1707 λευε
184 1642 238 1705 καὶ
254 1639 501 1727 συλλαμβάνειν
517 1638 576 1706 τόν
590 1645 748 1725 Δεινίαν,
772 1647 841 1725 πῦρ
861 1643 916 1709 καὶ
937 1639 1098 1726 μάστιγας

88 1735 237 1802 ἀπειλῶν
251 1737 305 1803 καὶ
317 1739 411 1820 ξίφος
423 1734 466 1812 ὡς
478 1738 529 1803 ἐπὶ
541 1734 659 1820 μοιχὸν
674 1737 894 1823 σπασάμενος.
917 1735 934 1803 ὁ
950 1739 986 1804 δὲ
999 1756 1096 1803 συνι-

89 1830 159 1901 δσδν
174 1824 216 1898 οὗ
233 1839 346 1900 κακῶν
358 1825 420 1918 ήν,
443 1833 567 1918 μοχλόν
578 1859 654 1899 τινα
668 1841 809 1920 πλησίον
819 1843 974 1921 κείμενον
986 1833 1097 1918 ἀρπά-
1115 1843 1166 1897 525

89 1951 148 2008 σας
165 1927 269 1996 αὐτόν
284 1957 319 1998 τε
331 1927 518 1997 ἀποκτείνει
530 1925 590 1996 τόν
599 1931 811 2016 Δημώνακτα
826 1933 971 2011 πατάξας
983 1940 1028 2011 είς
1038 1930 1099 1998 τόν

89 2028 261 2112 κρόταφον
283 2029 338 2096 καὶ
358 2026 420 2113 τήν
440 2034 659 2113 Χαρίκλειαν,
689 2026 730 2094 οὐ
751 2037 811 2118 μιᾷ
833 2038 941 2118 πληγή
961 2031 1098 2113 ταύτην,

89 2121 172 2191 ἀλλά
194 2126 248 2191 καὶ
270 2131 315 2214 τῷ
335 2132 445 2214 μοχλῷ
468 2124 627 2202 πολλάκις
649 2127 702 2192 καὶ
723 2133 768 2216 τῷ
787 2128 873 2212 ’ξίφει
896 2134 956 2193 τοῦ
972 2126 1099 2211 Δημιό-

88 2250 208 2302 νακτος
219 2223 370 2309 ὕστερον.
388 2229 421 2292 οί
431 2222 462 2292 δ’
476 2226 599 2292 οἰκέται
610 2226 691 2302 τέως
701 2227 763 2310 μὲν
775 2225 953 2311 ἑστήκεσαν
966 2223 1098 2309 ἀφωνοι

87 2330 133 2412 τῷ
151 2321 408 2423 παραδόξμτοῦ
427 2323 617 2408 πράγματος
635 2325 913 2410 ἐκπεπληγμένοι,
938 2322 1005 2390 εἶτα
1025 2348 1098 2390 πει-

89 2423 234 2507 ριόμενοι
245 2422 509 2510 συλλαμβάνειν,
526 2418 569 2500 άς
581 2422 636 2490 καὶ
652 2419 764 2501 αὐτοῖς
776 2422 867 2512 ἐπήει
883 2420 964 2508 μετά
979 2429 1040 2490 τοῦ
1052 2426 1099 2501 ξί-

90 2547 191 2606 φους,
219 2525 340 2590 ἐκεῖνοι
362 2523 424 2607 μὲν
442 2527 605 2606 ἔφευγον,
635 2517 653 2588 ὁ
672 2529 810 2600 Δεινίας
829 2523 865 2590 δὲ
890 2520 1096 2608 ὑπεξέρχεται

89 2627 287 2704 τηλικοῦτον
297 2625 396 2705 ἔργον
408 2621 637 2705 εἰργασμένος·
661 2622 715 2688 καὶ
726 2622 762 2688 τὸ
778 2622 872 2707 μέχρι
883 2629 940 2707 της
953 2623 997 2687 ἕω
1008 2616 1098 2702 παρά

90 2723 135 2804 τῷ
148 2715 347 2800 Ἀγαθοκλεῖ
354 2721 533 2805 διέτριβεν,
549 2716 822 2805 ἀναλογιζόμενοι
832 2717 872 2786 τά
885 2722 1100 2805 πεπραγμένα

90 2817 144 2880 καί
166 2816 241 2897 περὶ
261 2822 329 2882 τῶν
351 2817 577 2901 μελλόντανό
600 2842 630 2882 τι
654 2814 858 2902 ἀποβήσεται
880 2824 1099 2894 σκοποῦντες·

91 2918 200 2982 ἕωθεν
215 2913 250 2981 δὲ
266 2918 300 2982 οί
319 2917 494 3000 στρατηγοὶ
513 2921 668 3000 παρήσαν
683 2913 803 3000 -ήδη
824 2913 889 3000 γάρ
907 2914 943 2983 τδ
965 2922 1100 3000 πρᾶγμα

91 3013 337 3101 διεβεβόητο-
351 3016 406 3081 καὶ
419 3015 642 3101 συλλαβόντες
659 3010 718 3081 τόν
729 3020 885 3098 Δεινίαν,
902 3011 976 3080 οὐδ’
996 3010 1101 3080 αὐτόν

90 3117 230 3196 ἔξαρνον
242 3108 322 3178 όντα
333 3110 377 3198 μή
391 3110 463 3198 οὐχὶ
479 3115 741 3197 πεφονευκέναι,
757 3111 924 3200 ἀπάγουσι
939 3115 1028 3199 παρὰ
1040 3141 1101 3182 τον

91 3209 276 3298 ἁρμοστήν,
297 3207 332 3290 δς
348 3210 468 3299 ἥρμοζε
489 3210 550 3298 τήν
567 3209 681 3281 Ἀσίαν
696 3213 787 3281 τότε·
817 3210 888 3281 όδὲ
908 3220 1039 3302 βασιλεῖ
1052 3221 1098 3302 τῷ
1116 3237 1167 3292 526

90 3311 222 3400 μεγάλῳ
235 3308 419 3397 ἀναπέμπει
433 3309 553 3378 αὐτόν·
576 3312 630 3380 καλ
641 3309 713 3398 μετ’
727 3310 769 3379 οὐ
779 3309 867 3380 πολύ
882 3316 1099 3399 κατεπέμφθη

91 3407 108 3476 ὁ
131 3417 266 3488 Δεινίας
290 3415 335 3489 είς
355 3410 492 3496 Γύαρον
513 3418 618 3497 νῆσον
638 3419 706 3479 τῶν
727 3412 916 3482 Κυκλάδων
937 3415 974 3482 ἐν
997 3417 1100 3503 ταότη

3 3514 4 3518 ’
897 3505 963 3566 IS*
