2575 3842
170 161 281 220 ΠΩΣ
298 164 389 219 ΔΕΙ
407 163 652 220 ΙΣΤΟΡΙΑΝ
671 164 1002 222 ΣΡΓΓΡΑΦΕΙΝ.
1047 157 1087 222 17

84 328 120 408 τῇ
129 327 336 411 Μαυρουσίᾳ
347 323 402 389 καὶ
418 318 461 399 ὡς
476 325 541 388 ίδοι
555 318 632 398 τούς
648 323 827 405 ἐλέφαντας
838 321 981 400 πολλούς
994 324 1085 410 ἐντῷ
1104 337 1138 395 37

83 415 169 506 αύτῷ
185 420 456 505 συννεμομένους
468 421 522 486 καὶ
538 415 581 494 ὡς
592 415 658 484 ὑπὸ
671 420 804 495 λέοντος
818 417 934 505 ὀλίγον
945 426 1015 488 δείν
1026 445 1087 486 κα-

83 522 285 601 ταβρωθειή,
301 518 355 584 καὶ
365 513 502 602 ἡλίκους
513 520 609 600 ίχθύς
622 516 755 598 ἐπρίατο
767 517 804 582 ἐν
813 523 1009 606 Καισαρείᾳ·
1032 517 1087 582 καλ

84 613 99 678 6
116 611 312 698 θαυμαστὸς
332 609 547 699 συγγραφεύς
569 610 664 696 ἀφεὶς
679 609 737 690 τάς
753 614 790 679 ἐν
803 610 957 702 Εύριόπᾳι
971 639 1087 697 γιγνο-

85 712 180 788 μένας
195 709 327 796 σφαγάς
338 710 501 788 τοσαύτας
512 711 566 778 καὶ
577 711 747 788 ἐπελάσεις
758 713 811 777 καὶ
826 708 973 788 σπονδάς
984 708 1088 794 ἀναγ-

85 813 173 884 καιάς
187 810 244 875 καὶ
259 806 411 892 φυλακὰς
427 810 481 875 καὶ
498 804 727 894 ἀντιφυλακὰς
747 807 822 893 ἀχρι
838 814 977 895 βαθείας
993 809 1089 875 ἕσπέ-

88 927 142 983 ρας
152 905 340 988 ἐφειστήκει
355 902 445 989 ὁρῶν
456 912 641 990 Μαλχίωνα
657 902 716 971 τὸν
727 906 846 990 Σύρον
859 908 896 972 έν
907 909 1089 991 Καισαρείᾳ

87 1001 228 1086 σκάρους
250 1006 474 1088 παμμεγέθεις
490 1000 603 1083 ἀξίους
624 1001 834 1086 ω’νούμενου·
867 1008 897 1068 ελ
912 1003 947 1069 δέ
967 1000 1012 1086 μή
1028 998 1090 1079 νύξ

87 1103 258 1185 κατέλαβε,
280 1097 353 1186 τάχ’
371 1095 414 1166 ἀν
429 1103 483 1168 καὶ
505 1105 713 1167 συνεδείπνει
728 1096 799 1183 μετ’
819 1097 924 1165 αύτού
944 1098 1007 1184 ήδη
1022 1104 1089 1164 τῶν

87 1194 216 1280 σκάρων
240 1199 503 1281 ἐσκευασμένων.
527 1196 611 1281 άπερ
630 1202 659 1263 εί
674 1194 717 1280 μή
741 1198 958 1280 ἐνεγέγραπτο
976 1199 1089 1280 έπιμε-

88 1299 146 1369 λῶς
158 1299 197 1380 τῇ
213 1297 359 1382 ἱστορίᾳ,
375 1295 501 1380 μεγάλα
515 1291 557 1360 ἀν
568 1291 660 1379 ἡμεῖς
671 1291 873 1379 ἠγνοηκότες
885 1286 984 1379 ήμεν,
1003 1288 1088 1376 καὶὴ

89 1392 176 1473 ζημία
186 1387 357 1474 Ῥωμαίοις
368 1388 546 1477 ἀφόρητος,
558 1398 588 1458 ελ
597 1392 787 1470 Μαυσάκας
799 1389 816 1458 6
827 1398 970 1474 Μαῦρος
982 1395 1089 1470 διψῶν

89 1483 127 1569 μή
142 1478 219 1569 εὗρε
236 1502 342 1574 πιεῖν,
365 1486 440 1556 ἀλλ’
454 1488 609 1566 ἀδειπνος
624 1493 814 1574 ἐπανῆλθεν
829 1490 881 1555 έπλ
896 1486 932 1554 τό
951 1486 1088 1572 στρατό-

88 1589 193 1651 πεδον.
216 1593 325 1654 καίτοι
339 1587 425 1654 πόσα
440 1585 523 1655 ἀλλα
540 1594 655 1677 μακρῷ
667 1586 908 1672 ἀναγκαιότερα
926 1582 1011 1652 έκῶν
1022 1580 1085 1669 έγῶ
1104 1601 1141 1656 38

90 1686 148 1746 νῦν
160 1690 319 1768 παρίημι;
342 1681 386 1762 ῶς
405 1686 459 1752 καλ
474 1681 628 1770 αὐλητρὶς
648 1676 730 1770 ήκεν
746 1686 781 1750 έκ
796 1689 853 1768 τής
869 1687 1009 1766 πλησίον
1020 1681 1088 1746 κω’-

91 1805 145 1864 μης
159 1778 273 1859 αὐτοῖς
287 1785 340 1851 καλ
358 1781 402 1862 ὡς
417 1790 507 1869 δῶρα
523 1783 677 1869 ἀλλήλοις
694 1781 891 1865 ἀντέδοσαν,
912 1779 930 1848 6
947 1788 1089 1865 Μαῦρος

91 1878 145 1959 μὲν
166 1887 213 1968 τῷ
228 1887 405 1966 Μαλχίωνι
426 1885 564 1969 λόγχην,
587 1880 603 1949 6
625 1886 661 1949 δὲ
684 1888 728 1969 τῷ
752 1880 923 1968 Μαυσάκᾳ
942 1879 1087 1964 πόρπην,

91 1978 138 2042 καλ
151 1975 235 2046 ἀλλα
247 1977 354 2047 πολλά
369 1988 505 2048 τοιαῦτα
523 1989 579 2067 τῆς
595 1978 647 2048 ἐπ’
661 1977 814 2067 Εὐρύτῳ
828 1979 932 2062 μάχης
946 1974 1030 2043 αότά
1047 1974 1087 2059 δή

91 2071 125 2137 τά
139 2076 310 2165 κεφάλαια.
334 2079 501 2164 τοιγάρτοι
515 2078 648 2154 είκότως
663 2074 706 2142 ἀν
720 2101 769 2152 τις
784 2083 870 2142 είποι
885 2071 965 2150 τούς
975 2073 1088 2139 τοιού-

91 2195 161 2249 τους
174 2170 212 2240 τδ
228 2175 292 2260 μὲν
306 2176 409 2262 ῥόδον
423 2175 505 2244 αὐτὸ
517 2175 561 2263 μή
573 2177 724 2263 βλέπειν,
739 2175 796 2249 τὰς
813 2169 965 2246 ἀκάνθας
980 2171 1015 2236 δὲ
1026 2164 1089 2234 αύ-

92 2274 145 2332 τοῦ
158 2267 215 2347 τάς
233 2269 323 2356 παρὰ
338 2270 400 2357 τήν
416 2276 508 2359 ῥίζαν
523 2271 668 2360 ἀκριβεῖς
683 2273 882 2338 ἐπισκοπεῖν.
906 2275 958 2335 ⁶29.
978 2266 1087 2353 ἀλλος,

92 2356 115 2429 ἀ
130 2373 258 2453 Φίλων,
274 2370 427 2454 μάλακαὶ
439 2363 691 2456 οὖτοςγελοίος,
708 2366 787 2436 οὐδὲ
798 2366 856 2436 τόν
872 2370 986 2453 ἕτερον
1000 2368 1087 2434 πόδα

92 2465 123 2528 έκ
138 2472 313 2552 Κορίνθου
332 2469 464 2537 πύποτε
480 2466 695 2556 προβεβηκώς
719 2466 792 2535 οὐδ’
820 2466 894 2553 ἀχρι
911 2473 1088 2553 Κεγχρεῶν

93 2557 315 2650 ἀποδημήσας,
333 2564 405 2633 ούτι
420 2593 457 2652 γε
468 2574 600 2652 Συρίαν
613 2563 634 2651 ή
647 2564 821 2652 Ἀρμενίαν
836 2563 933 2651 ίδων,
952 2558 1016 2632 ὦδε
1027 2563 1089 2651 ήρ-

94 2661 214 2736 ξατο-
229 2666 398 2750 μέμνημαι
416 2664 537 2750 γάρ-
556 2659 655 2751 ,Ὦτα
672 2663 860 2751 ὀφθαλμῶν
877 2663 1084 2750 ἀπιστότερα.
1103 2678 1139 2734 39

94 2759 205 2844 γράφω
221 2769 338 2831 τοίνυν
353 2760 375 2829 ἀ
391 2762 494 2848 εἶδον,
513 2762 572 2849 ούχ
589 2761 786 2850 ἀήκουσα.“
808 2765 862 2831 καλ
876 2761 982 2839 οὕτως
993 2761 1090 2843 ἀκρι-

96 2860 154 2937 βῶς
179 2857 309 2927 ἀπάντα
332 2862 489 2947 ἑωράκει,
520 2861 604 2930 ὥστε
626 2861 705 2940 τούς
729 2862 914 2947 δράκοντας
935 2868 998 2946 ἔφη
1021 2865 1089 2925 τῶν

95 2955 293 3036 Παρθυαίων
301 2995 343 3006 -
352 2974 489 3044 σημείου
501 2961 536 3028 δὲ
547 2963 700 3049 πλήθους
714 2968 812 3028 τοῦτο
824 2957 949 3035 αὐτοῖς·
964 2964 1090 3042 χιλίους

97 3046 153 3137 γὰρ
168 3052 256 3140 οἶμαι
270 3053 288 3122 6
302 3057 437 3139 δράκων
450 3055 523 3142 ἀγει
532 3100 575 3112 -
587 3067 709 3141 ζῶντας
722 3058 906 3142 δράκοντας
920 3057 1090 3142 παμμεγέ-

97 3157 162 3229 θεις
177 3153 260 3223 εἶναι
276 3160 508 3242 γεννωμένους
531 3161 567 3225 έν
585 3167 624 3246 τῇ
637 3160 776 3241 Περσίδι
791 3153 913 3240 μικρὸν
927 3153 1011 3240 ὑπὲρ
1027 3152 1089 3240 τήν

96 3238 242 3340 Ἰβηρίαν,
264 3255 405 3333 τούτους
422 3257 458 3324 δὲ
474 3259 554 3335 τέως
573 3257 634 3342 μὲν
649 3257 700 3323 ἐπὶ
716 3259 846 3321 κοντῶν
861 3252 1016 3339 μεγάλων
1033 3254 1090 3320 έκ-

99 3345 281 3434 δεδεμένους
295 3349 449 3502 Ιιὲιιβηλούς
470 3360 664 3439 αἰωρεῖσθαι
678 3355 731 3421 καλ
748 3351 1090 3502 πόρρωθενῖέπελαν-

171 3459 272 3502 τισιν.
320 3486 328 3501 .
