2575 3842
348 204 477 261 ΖΕΥΣ
494 203 887 263 ΕΛΕΓΧΟΜΕΝΟΣ.
1057 201 1123 266 345

113 364 131 430 ό
145 360 211 448 φῦς
223 360 425 428 ἀπέκτεινεν.
451 359 534 428 ὥστε
545 359 605 446 οῦχ
617 357 685 443 ὁρῶ
697 358 779 428 ἀνθ’
794 359 880 427 ὅτου.
886 359 1050 429 ἀπαιτεῖτε
1061 359 1121 428 τόν

114 459 239 544 μισθὸν
255 461 307 527 ἐπὶ
321 466 360 547 τῇ
372 464 521 546 μαντικῇ.
545 464 594 526 14.
612 461 657 525 ἐοί
671 456 736 544 χάρ
754 462 879 543 λέγειν,
898 457 1005 536 ὡςκαὶ
1016 456 1121 543 ἀμφί-

106 561 194 640 ιδοξα
208 559 262 623 καὶ
278 558 579 641 ἐπαμφοτερίζοντα
595 570 662 632 τοῖς
677 563 811 632 πολλοῖς
826 562 911 640 χρᾶν
923 555 1064 622 εἰώθατε
1080 552 1121 622 οῦ

113 653 205 720 πάνυ
221 651 493 737 ἀποσαφοῦντες,
518 658 548 720 εί
566 651 583 719 ό
605 650 667 720 τόν
680 650 785 720 ’Ἅλυν
804 650 922 739 διαβάς
940 649 1002 737 τὴν
1017 649 1121 720 αὐτοῦ

114 747 220 836 ἀρχὴν
237 751 413 818 καταλύσει
428 744 451 835 ἦ
470 745 533 833 τὴν
546 756 607 816 τοῦ
622 749 756 833 Κύρου·
787 747 887 835 ἀμφω
903 747 966 834 χάρ
982 748 1123 816 δύναται

115 848 301 937 ὁχρησμός.

197 953 323 1019 ΖΕΥΣ.
350 944 411 1019 Ἦν
431 977 496 1034 τις,
521 943 728 1036 ῦΚυνίσκε,
751 960 797 1040 τῷ
818 952 997 1020 Απόλλωνα
1019 951 1120 1040 ἀρχῆς
1137 965 1188 1022 637

117 1054 201 1116 αέτία
217 1045 298 1114 κατὰ
316 1057 376 1115 τοῦ
391 1055 556 1133 Κροίσου,
574 1047 659 1115 διότι
674 1052 787 1134 ἐπείρα
804 1052 928 1128 ἐκεῖνος
942 1049 1121 1133 αὐτόν-ἀρ-

117 1170 187 1211 νεια
202 1149 281 1232 κρέα
297 1147 352 1214 καί
366 1147 515 1232 χελύνην
530 1147 562 1222 ἐς
576 1143 612 1211 τό
630 1143 711 1212 αῦτό
729 1149 830 1226 ἕψων.

197 1248 300 1310 KYN.
320 1241 436 1330 Ἐχρην
446 1243 507 1330 μὲν
518 1244 600 1328 μηδὲ
614 1239 805 1328 ὀργίζεσθαι
815 1242 901 1314 θεόν
912 1243 1010 1313 ὄντα·
1033 1243 1121 1331 πλην

115 1337 196 1408 ἀλλά
218 1344 271 1407 καὶ
292 1339 328 1408 τό
351 1347 597 1427 ἐξαπατηθῆναι
618 1349 664 1426 τῷ
680 1346 780 1433 Λυδῷ
800 1339 867 1408 ὑπό
888 1350 950 1410 τοῦ
971 1349 1120 1429 χρησμοῦ

11 1485 12 1488 =
116 1439 292 1523 ἐπέπρωτο,
309 1436 410 1526 οἶμαι,
422 1441 476 1507 καὶ
488 1437 594 1516 ἄλλως
605 1435 642 1506 τό
655 1436 699 1525 μὴ
711 1446 827 1524 σαφοῦς
838 1437 979 1508 ἀκοῦσαι
991 1439 1030 1507 τά
1042 1443 1121 1525 με’λ-

118 1546 214 1607 λοντα
225 1534 245 1622 ἡ
257 1541 449 1622 Εἱμαρμένη
462 1540 656 1605 ἐπέκλωσεν.
679 1535 762 1603 ὥστε
774 1534 857 1623 καὶὴ
870 1535 1011 1624 μαντικὴ
1024 1535 1122 1624 ὑμῶν

120 1635 240 1719 ἐκείνης
254 1639 353 1718 ἐργον
369 1637 466 1701 ἐστίν.

201 1735 249 1798 15.
276 1737 401 1798 ΖΕΥΣ.
419 1727 516 1814 Ἡμῖν
540 1735 576 1798 δὲ
596 1729 696 1798 οὐδὲν
719 1728 925 1816 ἀπολείπεις,
952 1728 1036 1799 ἀλλά
1056 1732 1121 1816 μα’-

8 1869 9 1876 1
114 1854 174 1913 την
191 1832 270 1893 θεοί
288 1829 387 1910 ἐσμεν
408 1825 485 1893 οῦτε
506 1829 672 1912 πρόνοιάν
694 1854 768 1895 τινα
788 1828 1005 1914 ἐσφερόμενοι
1028 1832 1061 1907 ἐς
1080 1827 1121 1896 τά

113 1925 289 2009 πράγματα
306 1920 384 1989 οὔτε
400 1929 468 1989 τῶν
485 1929 619 1990 θυσιῶν
634 1921 719 2002 ἀξιοι
733 1925 887 2009 καθάπερ
902 1926 1055 2007 τρύπανα
1077 1925 1122 2004 ὡς

113 2019 247 2106 ἀληθῶς
262 2024 316 2087 καὶ
330 2023 516 2103 σκέπαρνας
539 2027 596 2088 καί
607 2045 665 2105 μοι
678 2024 786 2098 δοκεῖς
797 2020 928 2100 εἰκότως
938 2048 1004 2107 μου
1018 2050 1121 2090 κατα-

13 2199 17 2206 ,
115 2131 270 2203 φρονεῖν,
289 2115 339 2184 ότι
351 2113 536 2203 κεραυνόν,
553 2113 597 2195 ὡς
611 2113 706 2204 ὁρᾷς,
724 2117 1121 2204 διηχκυλωμένοςάνέχο-

113 2224 175 2304 μαί
186 2238 222 2284 σε
238 2224 382 2284 τοσαῦτα
398 2214 481 2286 καθ’
496 2214 592 2303 ἡμῶν
606 2218 780 2295 διεξιόντα.

198 2322 302 2383 KYN.
323 2317 446 2400 Βάλλε,
464 2309 491 2383 ω’
506 2323 589 2400 Ζεῦ,
607 2325 640 2383 εί
650 2341 706 2399 μοι
720 2317 775 2384 καὶ
790 2323 942 2406 κεραυνῷ
954 2324 1120 2402 πληγῆναι

115 2418 279 2500 εἵμαρται,
296 2415 349 2480 καὶ
362 2415 398 2481 σέ
410 2411 509 2481 οὐδὲν
521 2415 709 2498 αίτιάσομαι
726 2421 783 2499 τῆς
796 2420 938 2500 πληγῆς,
961 2410 1043 2482 ἀλλά
1058 2410 1121 2498 τὴν

114 2510 247 2580 Κλωθώ
260 2509 321 2596 τὴν
332 2508 386 2578 διά
398 2517 460 2578 σοῦ
473 2510 740 2596 τιτρεόσκουσαν·
758 2511 836 2579 οὐδὲ
847 2509 911 2597 γάρ
925 2508 985 2578 τόν
997 2536 1120 2597 κεραυ-

114 2607 176 2675 νόν
192 2605 296 2675 αὐτόν
312 2616 416 2694 φαίην
431 2606 474 2676 ἀν
484 2635 540 2694 μοι
555 2619 662 2678 αἴτιον
676 2611 834 2694 γενέσθαι
850 2616 913 2675 τοῦ
922 2608 1117 2694 τραύματος.

97 2699 101 2707 ’
114 2702 200 2791 πλην
210 2706 316 2773 ἐκεῖνό
328 2732 365 2790 γε
375 2705 460 2790 ὑμᾶς
470 2706 627 2792 ἐρήσομαι
640 2707 694 2774 καὶ
706 2705 743 2774 σέ
754 2702 880 2790 καλιὴν
889 2707 1117 2790 Είμαρμένην·
1137 2712 1189 2768 638

113 2798 156 2867 σῦ
175 2803 213 2868 δέ
227 2804 353 2885 μοικαὶ
370 2797 453 2885 ὑπὲρ
475 2805 601 2887 ἐκείνης
621 2800 816 2885 ἀπόκριναι·
847 2799 1035 2886 ἀνέμνησας
1054 2801 1120 2885 γύρ

114 2923 155 2983 με
170 2895 359 2984 ἀπειλήσας.
384 2903 432 2965 16.
451 2907 483 2964 τί
496 2897 617 2984 δήποτε
629 2896 708 2976 τοῦς
724 2898 919 2986 ἱεροσύλους
932 2900 987 2966 καὶ
999 2895 1120 2985 ληστάς
1201 2905 1206 2912 ’

114 2991 254 3079 ἀφέντες
274 2996 328 3063 καὶ
348 2995 529 3072 τοσούτους
544 2993 702 3081 ῦβριστάς
716 2997 771 3063 καὶ
784 3002 914 3081 βιαίους
932 2999 986 3064 καὶ
1005 2996 1120 3079 ἐπιόρ-

113 3116 194 3169 κους
216 3095 300 3175 δρῦν
320 3118 395 3159 τινα
421 3094 579 3171 πολλάκις
602 3100 806 3178 κεραυνοῦτε
826 3090 848 3180 ἢ
874 3101 974 3162 λίθον
994 3089 1017 3180 ἢ
1037 3119 1120 3171 νεως

113 3190 208 3260 ίστδν
223 3190 324 3260 οῦδὲν
335 3188 529 3279 ἀδικούσης,
546 3195 651 3260 ἐνίοτε
662 3193 698 3261 δὲ
712 3194 856 3280 χρηστόν
870 3219 945 3260 τινα
956 3194 1011 3260 καὶ
1021 3189 1118 3258 όσιον

7 3363 8 3370 χ
113 3287 310 3373 ὁδοιπόρους
333 3295 367 3358 τί
378 3297 521 3380 σιωπᾷς,
539 3284 565 3358 ω’
580 3296 665 3372 Ζεῦ;
686 3286 708 3378 ἢ
724 3289 802 3359 οὐδὲ
818 3298 914 3358 τοῦτο
926 3292 1024 3378 θέμις
1034 3292 1121 3360 είδέ-

7 3409 8 3414 ’
113 3413 168 3454 ναι
183 3413 241 3477 μεε
