2575 3842
374 176 503 232 ΖΕΥΣ
524 174 812 233 ΤΡΑΓΩιΔΟΣ.
1035 172 1098 235 365

11 419 12 426 ¹
79 332 127 404 ού
143 342 258 420 γελοῖα
273 329 312 400 τά
329 333 366 398 έν
381 336 473 398 ποσί·
502 337 627 397 παῦσαι
642 330 862 416 κακόδαιμον,
886 329 1099 421 ἀποπνιγήσῃ

11 433 13 448 ’
81 431 153 502 ὑπὸ
171 440 231 499 τού
247 433 396 516 γέλωτος.

174 550 297 611 Mam.
322 543 387 611 Καὶ
402 549 471 620 πῶς
488 539 652 624 δυνατόν,
677 533 799 626 ύΖεῦ,
820 538 874 626 ἐφ’
895 541 982 609 οὕτω
999 557 1102 627 σαφεῖ

81 643 143 710 καὶ
159 641 315 728 προδήλῳ
330 648 377 731 τῷ
389 646 542 730 κουσεεῑε

99 779 100 784 ’
174 759 301 820 ΖΕΥΣ.
324 749 462 820 Οὐκοῦν
479 751 533 817 καὶ
549 746 625 836 ἡμῖν
639 747 702 836 ἤδη
720 750 915 835 ἑρμηνεύοις
935 748 979 816 όν
994 747 1099 817 αὐτόν

81 849 105 919 ὅ
122 878 155 917 τι
172 852 226 918 καὶ
240 851 336 935 λέγει.

175 967 298 1028 ΜΩΜ.
321 959 419 1027 Πάνυ
436 958 604 1045 πρόδηλα,
623 957 707 1026 ὥστε
724 956 824 1028 οὐδὲν
838 956 920 1046 ἡμῖν
937 967 1098 1045 Θεμιστο-

85 1061 208 1136 κλέους
229 1059 355 1145 δεήσει·
384 1060 464 1143 φησὶ
492 1057 557 1142 γάρ
579 1055 615 1124 τὸ
638 1057 753 1143 λόγιον
771 1054 892 1124 ούτωσλ
914 1054 1099 1142 διαρρήδην

84 1157 194 1244 γόητα
210 1158 272 1243 μέν
294 1155 377 1223 εἶναι
395 1162 530 1242 τοῦτον,
552 1152 638 1241 ἡμᾶς
659 1156 694 1222 δὲ
715 1154 815 1235 όυους
835 1163 1041 1242 κανθηλίους
1057 1153 1099 1240 νὴ

86 1261 157 1323 Δία
178 1257 231 1323 καὶ
251 1250 427 1340 ἡμιόνους,
453 1249 533 1329 τούς
551 1253 767 1332 πιστεύοντας
789 1252 895 1344 αύτῷ,
922 1252 995 1322 οὐδ’
1016 1251 1099 1320 ὅσον
1144 1326 1146 1332 y

86 1352 224 1439 άκρίδος
238 1351 299 1420 τόν
316 1359 401 1420 νοῦν
416 1357 558 1436 ἔχοντας.

174 1472 225 1536 32.
248 1471 379 1533 HPAK.
402 1462 482 1551 Ἐγά
499 1466 549 1550 δέ,
569 1457 726 1551 ύπάτερ,
746 1473 775 1534 εί
788 1469 842 1534 καὶ
856 1465 1005 1551 μέτοικός
1021 1471 1097 1551 εἰμι,
1218 1475 1223 1498 '

88 1562 153 1631 ούκ
168 1561 300 1650 ὀκνήσω
317 1561 405 1649 ὅμως
424 1559 464 1629 τό
484 1563 651 1630 δοκοῦντά
666 1588 722 1648 μοι
742 1569 861 1632 εἰπεῖν·
890 1560 1018 1631 ὁπόταν
1032 1560 1098 1649 γὰρ

89 1662 152 1750 ἤδη
170 1661 389 1742 ξυνελθόντες
404 1665 636 1747 διαλέγωνται,
653 1672 850 1748 τηνικαῦτα,
866 1658 909 1750 ἢν
926 1658 1020 1749 μλυὸ
1040 1670 1099 1728 Τι-

90 1766 213 1845 μοκλῆς
225 1757 386 1845 ὑπέρσχῃ,
400 1759 541 1843 ἐάσομεν
552 1774 737 1844 προχωρεῖν
747 1755 807 1845 τὴν
819 1765 1001 1838 ξυνουσίαν
1012 1757 1096 1845 ὑπὲρ
1116 1780 1166 1835 673

92 1855 202 1943 ἡμῶν,
226 1852 270 1943 ἦν
286 1858 324 1922 δέ
335 1883 365 1922 τι
380 1856 526 1938 ἑτεροῖον
541 1851 723 1942 ἀποβαίνῃ,
746 1858 820 1922 τότε
836 1855 901 1941 ἤδη
915 1854 977 1940 τὴν
995 1855 1098 1923 στοάν

91 1952 197 2041 αὐτὴν
209 1961 312 2040 ἔγωγε
327 1958 510 2037 διασείσας,
527 1957 557 2020 εί
570 1957 676 2037 δοκεῖ,
693 1956 826 2039 ἐμβαλεῖ
838 1961 883 2044 τῷ
895 1953 1039 2039 Δάμιδι,
1056 1951 1099 2031 ὡς

91 2048 135 2138 μὴ
151 2051 334 2136 κατάρατος
350 2041 397 2117 σόν
413 2047 530 2137 ὑβρίζῃ
545 2051 577 2128 ές
590 2046 683 2136 ἡμᾶς.

173 2170 294 2230 ΖΕΥΣ
326 2161 516 2248 Ἡράκλεις,
550 2155 789 2247 ύἩράκλεις,
822 2161 981 2249 ἄγροικον
1005 2159 1096 2229 τοῦτ’

92 2269 225 2346 εἴρηκας
242 2265 295 2328 καὶ
313 2264 431 2339 δεινῶς
445 2260 624 2342 Βοιώτιον,
649 2265 870 2340 ξυναπολέσαι
892 2263 941 2329 ἑνὶ
963 2268 1099 2350 πονηρῷ

91 2359 271 2436 τοσούτους
291 2362 345 2428 καὶ
365 2362 500 2445 προσέτι
521 2355 583 2444 τὴν
604 2356 707 2427 στοάν
723 2357 813 2451 αὐτῷ
829 2367 1023 2442 Μαραθῶνι
1044 2358 1099 2427 καῖ

92 2457 260 2544 Μιλτιάδῃ
279 2460 333 2525 καὶ
350 2464 571 2549 Κυυαιγείρῃι.
606 2461 660 2526 καὶ
676 2467 745 2536 πῶς
760 2454 804 2526 άν
824 2459 954 2528 τούτων
974 2463 1099 2544 ξυμπε-

93 2554 220 2622 σόντων
234 2560 269 2623 οί
277 2556 414 2642 ῥήτορες
430 2562 476 2626 ἔτι
486 2557 702 2644 ῥητορεύοιεν
716 2557 778 2645 τὴν
788 2566 947 2645 μεγίστην
962 2563 1007 2636 είς
1021 2555 1099 2636 τούς

94 2650 213 2736 λόγους
236 2650 402 2720 ὑπόθεσιν
418 2651 643 2740 ἀφῃρημένοις
672 2657 779 2738 ἄλλως
796 2687 831 2727 τε
853 2666 948 2741 ζῶντι
965 2663 1027 2745 μέν
1045 2678 1099 2724 σοι

94 2747 237 2817 δυνατόν
257 2742 300 2836 ἧν
318 2760 397 2829 ἴσως
414 2750 456 2818 ἅν
471 2779 501 2820 τι
523 2757 576 2822 καὶ
594 2762 715 2842 πρᾶξαι
732 2766 902 2843 τοιοῦτον,
924 2754 985 2842 ἀφ’
1004 2746 1046 2821 ού
1063 2756 1100 2822 δὲ

95 2843 171 2924 θέὂς
193 2850 385 2935 γῦγὲνησαι,
411 2851 622 2939 μεμάθηκας,
652 2853 759 2940 οἶμαι,
788 2853 833 2934 ὡς
856 2860 893 2923 αί
908 2861 1034 2940 Μοῖραι
1060 2850 1098 2920 τά

95 2953 225 3014 τοιαῦτα
240 2945 341 3032 μόναι
355 2948 533 3036 δύνανται,
549 2947 641 3036 ἡμεῖς
656 2957 692 3020 δὲ
706 2951 827 3040 ίίκυροι
842 2951 953 3021 αὐτῶν
968 2955 1091 3039 ἐσμεν·

173 3065 307 3127 ΗΡΑΚ.
333 3058 469 3129 Ούκούν
486 3065 540 3131 καὶ
555 3061 656 3132 ὁπότε
672 3061 731 3132 τόν
745 3070 863 3134 λέοντα
878 3062 899 3153 ἦ
914 3063 975 3154 τὴν
990 3064 1099 3153 ὕδραν

95 3155 272 3244 ἐφόνευον,
292 3163 328 3226 αί
341 3167 469 3244 Μοῖραι
484 3160 530 3252 δι’
548 3165 631 3249 ἐμοῦ
648 3166 756 3231 ἐκεῖνα
772 3170 953 3251 ἔπραττονς

173 3264 298 3324 ΖΕΥΣ.
322 3261 387 3327 Καὶ
404 3261 555 3345 μάλιστα.

7 3393 9 3496 η
178 3362 306 3427 ΗΡΑΚ.
331 3360 395 3426 Καὶ
410 3367 476 3427 νῦν
489 3357 532 3448 ἥν
547 3387 594 3440 τις
610 3357 726 3452 ὑβρίζῃ
743 3368 788 3443 είς
802 3364 858 3450 ἐμὲ
872 3358 893 3451 ἢ
908 3372 1098 3450 περισυλῶν

7 3671 12 3815 λ
