2575 3842
209 136 272 198 416
559 87 872 194 Λοντικιιον·

141 314 192 370 779
211 294 375 380 οὐρανόν·
404 294 458 362 ἐπὶ
477 300 557 361 πᾶσι
577 293 613 359 δὲ
633 293 827 377 προσέθηκα
846 290 886 359 τά
905 289 971 361 ὑπὸ
989 301 1049 380 τῆς
1070 303 1233 380 Σεληνης

209 397 440 479 ἐπεσταλμένα.
464 391 635 477 μειδιάσας
646 387 680 456 δ’
692 383 755 456 οῦν
767 387 784 456 6
796 389 881 470 Ζεῦς
891 393 947 458 καὶ
956 389 1082 477 μικρὸν
1097 395 1244 549 έπανεῖςρ

209 501 277 560 τών
292 488 450 576 ὀφρύων,
470 496 511 556 Τί
523 483 566 554 ἀν
582 490 707 573 λέγοις,
723 495 841 574 φησίν,
851 488 956 556 Ὦτον
970 494 1048 570 πέρι
1064 491 1129 556 καὶ
1142 487 1233 574 Ἐφι-

210 591 330 676 άλτου,
352 586 439 656 ὅπου
461 589 516 654 καὶ
537 587 716 664 Μένιππος
734 586 915 671 ἐτόλμησεν
935 588 968 664 ἐς
989 583 1051 652 τὸν
1072 583 1232 670 οὐρανὸν

211 686 385 769 ἀνελθείν;
412 683 495 753 ἀλλά
512 692 578 752 νῦν
591 685 654 769 μὲν
669 686 722 751 ἐπὶ
737 687 828 772 ξενίη
842 703 879 750 σε
893 691 1079 770 καλοῦμεν,
1105 684 1232 767 αὔριον

213 785 264 869 δέ,
282 789 361 868 ἔφη,
376 783 451 866 περὶ
462 773 512 848 ών
521 778 613 866 ἥκεις
627 787 884 866 χρηματίσαντες
895 777 1157 866 ἀποπέμψομεν.
1181 784 1231 848 καὶ

212 879 280 966 ἅμα
295 877 474 959 ἐξαναστάς
485 879 634 965 ἐβάδιζεν
646 879 679 955 ἐς
689 874 726 945 τὸ
738 878 971 962 ἐπηκοώτατον
980 885 1041 944 τοῦ
1053 873 1229 962 οὐρανοῦ

212 975 327 1063 καιρὸς
342 975 406 1061 γάρ
423 969 467 1062 ἦν
482 978 535 1043 ἐπὶ
549 983 617 1043 τών
629 973 735 1061 εῦηοῦν
749 978 960 1056 καθέζεσθαι.
984 981 1033 1042 24.
1051 980 1188 1061 μεταξύ
1198 1005 1230 1044 τε
1245 1064 1246 1067 ¹

213 1071 342 1161 προϊών
357 1071 513 1158 ἀνέκρινέ
526 1099 567 1159 με
588 1075 662 1158 περὶ
679 1081 748 1140 τών
763 1076 801 1140 έν
814 1081 855 1160 τῇ
874 1079 916 1162 γῇ
937 1073 1169 1158 πραγμάτων,
1192 1072 1229 1140 τά

212 1177 327 1256 πρώτα
342 1172 405 1256 μὲν
420 1174 545 1254 ἐκεῖνα,
571 1171 679 1239 πόσον
699 1178 766 1238 νῦν
786 1169 804 1238 6
821 1172 928 1257 πυρός
948 1174 1038 1238 ἐστιν
1055 1170 1162 1251 ώνιος
1179 1176 1230 1240 ἐπὶ

212 1275 270 1354 τῆς
290 1266 462 1354 Ἑλλάδος,
495 1270 550 1336 καί
576 1274 607 1338 εί
630 1270 762 1356 σφόδρα
787 1265 884 1355 ἡμῶν
909 1266 927 1335 6
949 1271 1071 1354 πέρυσι
1097 1269 1228 1355 χειμών

214 1371 389 1450 καθίκετο,
410 1367 465 1433 καὶ
482 1370 510 1433 εί
526 1361 566 1434 τά
588 1366 715 1451 λάχανα
730 1370 833 1433 δείται
853 1373 1006 1444 πλείονος
1023 1370 1212 1455 ἐπομβρίας
1248 1404 1250 1477 γ

213 1460 294 1548 μετά
310 1463 346 1530 δὲ
366 1461 478 1549 ἠρώτα
497 1473 530 1531 εί
545 1490 594 1541 τις
608 1469 656 1531 ἔτι
676 1471 820 1532 λείπεται
836 1473 905 1532 τών
925 1464 990 1534 ἀπὸ
1006 1470 1152 1535 Φειδίου
1173 1469 1226 1534 καί

145 1579 197 1635 780
216 1557 261 1627 δι’
276 1556 320 1644 ἢν
339 1565 447 1626 αἰτίαν
467 1563 650 1628 ἐλλείποιεν
668 1558 839 1647 Ἀθηναίοι
857 1563 897 1629 τά
910 1565 1035 1632 Διάσια
1049 1565 1224 1631 τοσούτων

214 1661 312 1742 έτῦν,
334 1657 389 1723 καὶ
401 1663 431 1725 εί
442 1655 479 1724 τὸ
497 1656 679 1745 Ὀλύμπιον
693 1659 784 1753 αὐτῷ
798 1665 980 1731 ἐπιτελέσαι
993 1668 1222 1746 διανοοῦνται,

213 1757 268 1824 καὶ
291 1761 320 1823 εί
335 1757 599 1844 συνελήφθησαν
617 1764 651 1826 ολ
664 1756 725 1826 τδν
749 1762 787 1827 έν
800 1763 954 1850 Δωδώνη
974 1759 1062 1829 νεών
1078 1770 1223 1846 σεσυλη-

214 1854 317 1934 κότες.
341 1856 410 1923 ἐπεὶ
425 1857 460 1924 δὲ
471 1860 545 1937 περὶ
557 1857 687 1924 τούτων
698 1855 945 1946 ἀπεκρινάμην,
961 1860 1046 1926 Εἰπέ
1056 1884 1133 1944 μοι,
1151 1862 1221 1925 M&

214 1977 335 2038 νιππε,
361 1959 442 2039 ἔφη,
470 1956 545 2038 περὶ
566 1957 602 2024 δὲ
624 1957 707 2042 ἐμοῦ
735 1961 768 2024 οί
787 1956 963 2044 ἄνθρωποι
984 1963 1057 2023 τίνα
1082 1983 1222 2042 γναμην

214 2057 344 2136 ἔχονσι;
369 2059 468 2136 Τίνα,
484 2059 586 2139 έφην,
603 2057 762 2140 δέσποτα,
777 2051 872 2142 ἦτὴν
883 2054 1142 2142 εὐσεβεστάτην,
1160 2062 1217 2139 βα·

215 2154 305 2217 σιλέα
326 2170 362 2217 σε
378 2149 462 2218 εἶναι
479 2152 615 2219 πάντων
632 2159 740 2235 θεών;
762 2161 892 2235 Παίζεις
908 2160 1008 2240 ἔχων,
1030 2158 1104 2238 ἔφη.
1131 2151 1171 2219 τὸ
1187 2156 1221 2220 δὲ

215 2248 415 2332 φιλόκαινον
429 2247 541 2318 αὐτῶν
556 2249 701 2338 ἀκριβοῦς
716 2249 806 2338 οἶδα,
827 2248 894 2319 κάν
909 2250 954 2338 μὴ
971 2254 1075 2338 λέγης.
1100 2243 1142 2335 ἦν
1157 2252 1220 2336 γάρ

214 2371 294 2414 ποτε
308 2347 441 2434 χρόνος,
465 2347 521 2416 ὅτε
534 2352 589 2418 καί
609 2351 725 2436 μάντις
742 2348 884 2417 ἐδόκουν
904 2346 1088 2425 αὐτοῖςκαὶ
1110 2349 1219 2434 ἰατρὸς

159 2498 168 2512 ι
214 2446 268 2511 καὶ
282 2445 391 2512 πάντα
407 2441 550 2534 ὅλωςῆν
564 2449 639 2534 ἐγώ,

451 2548 565 2628 μεσταὶ
579 2548 615 2612 δὲ
628 2545 713 2625 Διὸς
728 2554 831 2614 πᾶσαι
846 2547 908 2633 μὲν
922 2543 1046 2630 ἀγυιαί,

298 2649 401 2709 πᾶσαι
416 2639 448 2709 δ’
466 2641 661 2729 ἀνθρώπων
673 2645 808 2732 ἀγοραί

214 2743 269 2810 καὶ
283 2739 305 2827 ἡ
320 2742 472 2828 Δωδώνη
487 2743 560 2811 τότε
573 2745 628 2813 καὶ
644 2742 765 2831 ἡΠίσα
780 2747 927 2831 λαμπραὶ
942 2746 997 2810 καλ
1010 2749 1215 2829 περίβλεπτοι

214 2846 318 2907 πᾶσιν
333 2831 434 2927 ἦσαν,
456 2839 522 2909 ὑπὸ
539 2843 574 2911 δὲ
590 2851 651 2911 τοῦ
666 2851 796 2911 καπνοῦ
812 2850 879 2909 τών
892 2849 1027 2908 θνσιών
1043 2839 1122 2909 οῦδὲ
1135 2839 1215 2908 ἀνα-

214 2940 349 3026 βλέπειν
363 2965 419 3025 μοι
434 2941 595 3008 δυνατόν·
618 2946 650 3022 ἐξ
661 2935 704 3010 οῦ
714 2943 751 3008 δέ
764 2942 803 3008 έν
813 2947 961 3024 Δελφοίς
974 2941 1037 3024 μὲν
1048 2937 1213 3008 Ἀπόλλων

213 3039 251 3105 τό
267 3052 424 3124 μαντεῖον
439 3041 677 3126 κατεστήσατο,
699 3043 736 3107 έν
749 3039 916 3126 Περγάμῳ
933 3039 969 3104 δὲ
982 3034 1019 3103 τὸ
1043 3034 1212 3122 ίατρείονὸ

147 3149 196 3206 781
212 3134 408 3222 Ἀσκληπιὸς
423 3141 478 3205 καὶ
497 3137 534 3206 τό
551 3145 742 3207 Βενδίδειον
763 3141 891 3223 ἐγένετο
914 3139 952 3202 ἐν
968 3136 1084 3225 Θρᾴκη
1105 3137 1159 3203 καὶ
1179 3131 1212 3202 τδ

211 3237 437 3318 Ἀνουβίδειον
452 3239 489 3302 ἐν
504 3238 664 3327 Αίγῦπτφ
684 3239 738 3304 καί
753 3233 791 3302 τὸ
809 3233 1014 3320 Ἀρτεμίσιον
1029 3237 1067 3301 έν
1083 3231 1212 3324 Ἐφέσῳ,

215 3329 266 3395 ἐπὶ
278 3337 382 3396 ταῦτα
398 3332 460 3416 μὲν
473 3330 616 3412 ἅπαντες
630 3337 750 3401 θέουσι
765 3336 820 3402 καὶ
836 3335 1039 3419 πανηγύρεις
1054 3330 1212 3418 ἀνάγουσι
