2575 3842
184 173 246 235 296
543 175 846 233 AOTKIANOY

184 358 282 420 μαχε,
306 332 461 400 ἐλαύνειν
479 334 607 418 ἕτοιμος
626 330 694 417 ἅμα
716 352 768 399 σοι
786 335 837 400 ἐπὶ
853 331 914 401 τόν
929 332 1124 419 Βόσπορον,
1151 330 1194 420 ἢν

185 433 318 518 ἐθέλης,
335 433 449 516 μένειν
463 455 514 512 τε,
531 436 561 496 εί
576 431 663 514 δέοι,
681 431 736 497 καὶ
750 428 811 516 τήν
825 434 926 498 παῖδα
942 430 1046 516 ἀγειν.
1074 437 1192 517 Τοῦτο,

183 534 265 614 ἐφη,
281 529 491 613 καὶμᾶλλον,
506 525 525 595 ὁ
540 525 759 612 Ἀδύρμαχος,
778 526 972 613 ἐθελήσαιμ’
985 527 1046 613 ἀν,
1064 526 1124 613 ἀφ’
1140 531 1192 594 α’ί-

115 638 163 694 558
184 651 285 711 ματος
300 621 381 692 ὄντα
396 643 433 691 σε
449 629 604 704 Μαζαίαν
619 621 723 709 ἀγειν.
745 620 790 709 ήν
807 627 868 710 μέν
884 622 948 710 γάρ
963 621 1031 710 ἅμα
1047 623 1127 711 ἡμῖν
1142 635 1192 711 ίης

183 725 236 792 ἐπὶ
250 721 311 790 τόν
326 723 521 805 Βόσπορον,
542 726 637 788 ίππεῖ
651 725 698 790 ἑνί
721 730 855 800 πλείους
871 719 915 789 ἀν
935 730 1133 809 γενοίμεθα·
1165 726 1193 787 εί

183 824 222 889 δέ
230 847 286 908 μοι
298 817 360 906 τήν
374 832 517 905 γυναῖκα
532 815 641 903 ἀγοις,
659 817 732 888 ἀντὶ
745 827 879 888 πολλῶν
891 817 935 886 ἀν
945 823 1068 906 γένοιο.
1088 825 1192 885 ταῦτα

183 921 324 1004 ἐγίνετο·
340 919 395 984 καί
406 914 423 983 ὁ
435 917 497 1002 μὲν
507 913 679 1002 ἀπήλαυνε
690 917 862 1002 παραδούς
871 926 916 1007 τῷ
925 920 1086 1006 Μακέντῃ
1097 913 1193 1001 ἀγειν

182 1017 244 1104 τήν
259 1022 415 1097 Μαζαίαν
429 1018 603 1100 παρθένον
623 1020 671 1082 ἔτι
687 1008 803 1083 ούσαν.
831 1014 849 1082 ό
872 1018 909 1084 δὲ
923 1014 1048 1103 ἡμέρας
1062 1014 1124 1101 μὲν
1140 1017 1192 1082 ἐπί
1287 1035 1288 1042 ’

182 1123 239 1201 τῆς
255 1112 380 1200 ἀμάξης
394 1104 475 1199 ήγεν
490 1110 611 1198 αύτήν,
630 1114 700 1181 ἐπεὶ
717 1113 754 1180 δὲ
769 1110 832 1193 νύξ
849 1120 1045 1200 κατέλαβεν,
1065 1112 1192 1180 ἀναθέ-
1286 1168 1287 1183 ι

182 1239 282 1300 μενος
298 1215 349 1281 ἐπὶ
361 1209 421 1280 τόν
435 1215 541 1280 ἵππον
550 1212 860 1294 -ἐτεθεραπεύκει
876 1213 912 1280 δέ
927 1216 985 1281 ἕνα
1000 1220 1116 1300 σφίσιν
1131 1211 1191 1279 ἀλ-

183 1322 244 1381 λον
258 1312 358 1379 ίππέα
369 1313 510 1380 ἕπεσθαι
521 1351 558 1361 -
572 1307 788 1397 ἀναπηδήσας
799 1313 853 1379 καί
864 1308 964 1390 αὐτὸς
979 1310 1090 1380 οὐκέτι
1100 1307 1191 1395 παρὰ
1287 1303 1288 1346 δ

183 1406 244 1494 τήν
259 1417 416 1477 Μαιῶτιν
430 1409 593 1493 ήλαννεν,
617 1404 691 1475 ἀλλ’
707 1405 981 1494 ἀποτραπόμενος
996 1415 1041 1487 είς
1055 1407 1117 1495 τήν
1131 1435 1189 1495 με-
1287 1491 1288 1510 ρ

183 1511 320 1594 σόγειαν
335 1511 372 1575 ἐν
386 1511 476 1596 δεξιᾷ
491 1505 605 1594 λαβῶν
620 1506 660 1574 τά
676 1514 854 1592 Μιτραίων
869 1507 948 1594 όρη,
971 1507 1190 1575 διαναπαύων
1287 1527 1288 1590 χ

181 1605 303 1691 μεταξύ
326 1602 388 1691 τήν
415 1609 532 1690 παῖδα,
565 1618 707 1690 τριταῖος
734 1606 882 1674 ἐτέλεσεν
905 1607 941 1673 ἐκ
962 1605 1136 1692 Μαχλύων
1159 1607 1191 1684 ἐς

181 1701 331 1780 Σκύθας.
366 1705 421 1770 καί
441 1699 458 1768 δ
478 1703 541 1788 μὲν
560 1705 662 1780 ἵππος
682 1699 791 1792 αύτῷ,
815 1701 927 1790 ἐπειδή
944 1703 1110 1771 ἐπαύσατο
1128 1709 1190 1770 τοῦ
1286 1766 1287 1783 ,

181 1800 329 1886 δρόμον,
346 1797 468 1886 μικρόν
482 1799 614 1879 ε’πιστάς
625 1799 844 1887 ἀποθνήσκει.
868 1808 917 1871 53.
935 1799 1002 1870 ὅδὲ
1012 1805 1189 1887 Μακέντης
1286 1810 1287 1813 ’

181 1899 362 1984 ἐγχειρίσας
373 1897 434 1984 τὴν
446 1905 602 1980 Μαζαίαν
617 1907 663 1990 τῷ
675 1897 872 1988 Ἀρσακόμᾳ,
888 1905 1022 1986 Δέδεξο,
1039 1899 1119 1985 είπε,
1135 1902 1190 1968 καί

180 1992 261 2079 παρ’
284 1998 366 2080 ἐμοῦ
387 1994 449 2083 τήν
469 1995 660 2084 ὑπόσχεσιν.
689 2005 751 2064 τοῦ
774 2000 810 2066 δὲ
830 1996 914 2084 πρὸς
935 1997 972 2066 τό
991 1998 1189 2068 ἀνέλπιστον

179 2100 240 2162 τοῦ
261 2095 430 2179 θεάματος
449 2099 715 2182 καταπλαγέντος
738 2098 793 2164 καί
815 2095 913 2182 χάριν
933 2094 1189 2182 ὁμολογοῦντος,

179 2200 284 2278 Παύε,
300 2192 393 2279 ἔφηὸ
407 2198 595 2280 Μακέντης,
608 2194 712 2262 άλλου
723 2220 764 2279 με
775 2203 881 2262 ποιῶν
893 2204 1038 2264 σεαυτοῦ
1046 2223 1053 2237 ·
1075 2193 1112 2262 τό
1124 2193 1189 2280 γὰρ

178 2291 277 2376 χάριν
287 2294 358 2376 ἐμοὶ
371 2289 547 2377 ὁμολογεῖν
559 2290 607 2378 ἐφ’
622 2289 671 2371 οἷς
683 2297 806 2378 ἔπραξα
817 2295 947 2372 τούτοις
956 2294 1088 2362 τοιόνδε
1100 2294 1189 2360 ἐστὶν

180 2389 292 2474 ῶσπερ
307 2385 352 2456 ἀν
368 2397 398 2457 εί
412 2386 433 2475 ή
451 2387 609 2475 ἀριστερά
625 2416 692 2477 μου
702 2392 800 2479 χάριν
816 2397 916 2479 είδείη
932 2400 972 2482 τῇ
986 2396 1087 2482 δεξιᾷ,
1103 2393 1189 2459 διότι

180 2488 370 2573 τρωθεῖσάν
381 2512 459 2555 ποτε
474 2485 580 2573 αὐτήν
590 2491 798 2576 ἐθεράπευσε
809 2495 864 2558 καὶ
879 2492 1098 2577 φιλοφρόνως
1113 2492 1190 2557 ἐπε-

179 2587 309 2672 μελήθη
322 2586 521 2672 καμνούσης.
546 2593 658 2670 γελοῖα
669 2597 786 2657 τοίνυν
798 2593 852 2658 καί
862 2587 956 2676 ἡμεῖς
967 2584 1011 2656 ἀν
1024 2602 1188 2674 ποιοῖμεν,

180 2692 210 2754 εί
224 2685 327 2752 πάλαι
341 2683 579 2771 ἀναμιχθέντες
599 2687 655 2754 καὶ
670 2684 713 2766 ῶς
729 2684 804 2756 οἷόν
818 2715 853 2756 τε
867 2683 911 2776 ήν
932 2694 978 2768 είς
993 2690 1052 2755 ἕνα
1067 2695 1189 2754 συνελ-

177 2785 300 2863 θόντες
312 2791 357 2852 ἔτι
370 2786 453 2871 μέγα
462 2792 653 2871 νομίζοιμεν
665 2785 760 2871 εἶναι,
771 2793 801 2854 εί
809 2786 845 2855 τό
858 2792 957 2873 μέρος
965 2785 1060 2873 ήμῶν
1070 2789 1190 2873 ἔπραξέ

176 2911 208 2951 τι
228 2880 373 2969 χρηστόν
388 2880 473 2966 ὑπὲρ
494 2883 576 2952 όλου
598 2894 660 2952 τού
680 2884 847 2971 σώματος·
880 2883 964 2971 ὑπὲρ
984 2886 1105 2952 ἑαυτοῦ
1123 2884 1189 2968 γὰρ

108 2997 158 3052 ⁵59
179 2989 318 3068 έπραττε
332 2984 431 3068 μέρος
447 2978 488 3049 όν
508 2990 568 3050 τοῦ
589 2981 672 3050 ὅλου
687 2978 726 3050 εύ
747 2985 942 3070 πάσχοντος.
965 2983 1073 3063 οὕτως
1089 2981 1186 3071 μὲνὸ

176 3084 354 3166 Μακέντης
370 3086 434 3167 ἔφη
450 3088 496 3170 τῶ
508 3078 697 3171 Ἀρσακόμα
710 3083 809 3169 χάριν
826 3081 1077 3183 ὁμολογήσαντρ.
1101 3087 1151 3151 54.
1168 3080 1187 3148 ὁ

177 3177 213 3246 δὲ
235 3176 437 3266 Ἀδύρμαχος
461 3177 504 3260 ῶς
525 3181 648 3267 ἤκουσε
667 3180 729 3266 τήν
753 3182 952 3269 ἐπιβουλήν,
979 3188 1024 3260 είς
1043 3182 1106 3268 μὲν
1126 3177 1187 3248 τόν

175 3274 353 3360 Βόσπορον
368 3276 478 3346 ούκίτι
495 3273 605 3366 ήλθευ
616 3319 654 3331 -
665 3280 729 3369 ήδη
743 3282 808 3370 γάρ
820 3281 982 3371 Εὐβίοτος
995 3275 1097 3369 ήρχεν
1114 3283 1185 3348 ἐπι-

176 3375 311 3458 κληθείς
327 3377 362 3444 ἐκ
372 3385 622 3464 Σαυροματῶν,
638 3379 717 3465 παρ’
732 3378 781 3460 οἷς
792 3385 956 3470 διέτριβεν
966 3387 1065 3459 -είς
1077 3382 1113 3447 δέ
1124 3376 1187 3466 τήν
