2575 3842
500 190 595 248 ΕΡΩ
605 193 703 251 ΤΕΣ.

372 539 833 611 ΕΡΩΤΕΣ.
1123 566 1175 625 39⁷

186 709 214 772 l.
234 712 451 773 ΛΤΚΙΝΟΣ.
470 703 642 792 Ἐρωτικῆς
659 709 808 787 παιδιᾶς,
831 709 939 793 ἑταῖρέ
950 733 1006 792 μοι
1022 709 1106 774 Θεό-

100 823 239 889 μνηστε,
267 805 300 881 ἐξ
327 805 474 871 ἑωθινοῦ
495 803 712 888 πεπληρωκας
737 801 833 889 ἡμῶν
853 801 893 869 τά
919 803 1105 889 κεκμηκότα

101 899 184 984 πρὸς
199 899 256 978 τάς
270 916 418 987 συνεχεῖς
428 901 577 978 σπουδάς
591 893 674 982 ῶτα,
690 907 747 968 καί
754 927 810 985 μοι
824 899 955 985 σφόδρα
967 906 1107 981 διψῶντι

100 998 254 1084 τοιαύτης
277 998 420 1080 ἀνέσεως
450 995 646 1083 εύκαιροςὴ
673 1005 740 1064 τῶν
764 1001 889 1083 ἱλαρῶν
910 1017 973 1064 σου
996 998 1107 1082 λόγων

102 1098 202 1182 ἐρρύη
216 1097 327 1182 χάρις·
354 1095 500 1182 ἀσθενὴς
522 1095 587 1181 γὰρ
609 1094 629 1181 ἡ
653 1095 740 1180 ψυχὴ
763 1099 937 1180 διηνεκοῦς
960 1101 1107 1188 σπουδῆς

102 1192 295 1278 ἀνέχεσθαι,
320 1202 467 1262 ποθοῦσι
489 1192 520 1258 δ’
550 1197 584 1260 οί
607 1193 774 1277 φιλότιμοι
796 1193 894 1275 πόνοι
920 1192 1019 1278 μικρά
1039 1201 1106 1260 τῶν

103 1293 259 1375 ἐπαχθῶν
280 1294 469 1375 φροντίδων
489 1293 711 1374 χαλασθέντες
732 1295 778 1368 είς
796 1287 920 1375 ἡδονάς
941 1289 1102 1359 ἀνίεσθαι.

101 1387 192 1454 πάυυ
207 1389 248 1473 δή
263 1414 303 1471 με
317 1385 382 1455 ὑπὸ
401 1385 460 1454 τόν
475 1387 604 1471 ὄρθρον
625 1383 729 1472 ἡτῶν
746 1385 939 1454 ἀκολάστων
952 1408 1015 1454 σου
1032 1393 1106 1473 διη-

101 1485 256 1570 μημάτων
271 1486 393 1571 αλμύλη
410 1487 465 1554 καὶ
481 1494 616 1570 γλυκεῖα
630 1482 739 1552 πειθῶ
755 1485 1003 1571 κατεύφρανευ,
1027 1483 1104 1553 ὥστ’

100 1581 217 1666 όλίγου
235 1587 304 1649 δεῖν
323 1579 519 1667 Ἀριστείδης
541 1580 692 1667 ἐνόμιζον
708 1580 791 1649 εἶναι
806 1597 873 1661 τοῖς
887 1590 1106 1667 Μιλησιακοῖς

101 1679 211 1762 λόγοις
231 1678 538 1765 ὑπερκηλούμευος,
561 1678 710 1763 ἀχθομαί
720 1705 755 1746 τε
771 1677 812 1765 νὴ
831 1677 908 1758 τούς
928 1679 1008 1758 σούς
1023 1687 1107 1765 ἔρω-

103 1802 174 1859 τας,
193 1771 241 1854 οἷς
257 1776 383 1855 πλατύς
398 1774 539 1862 εὑρέθης
555 1777 694 1857 σκοπός,
718 1773 768 1842 ὅτι
786 1779 952 1844 πέπαυσαι
969 1778 1107 1864 διηγού-

100 1898 214 1959 μενος·
243 1881 301 1941 καί
313 1894 349 1942 σε
365 1873 449 1960 πρός
470 1874 570 1959 αὐτῆς
587 1871 828 1961 ἀντιβολοῦμεν
845 1873 1054 1961 Ἀφροδίτης,
1076 1882 1106 1944 εί
1122 1889 1174 1944 398

100 1970 234 2057 περιττά
248 1999 288 2057 με
303 1975 410 2058 λέγειν
426 1978 549 2056 έοικας,
572 1982 604 2039 εί
611 1998 659 2048 τις
674 1970 783 2057 ἀρρην
796 1967 818 2056 ἢ
833 1974 886 2038 καὶ
902 1972 942 2057 νὴ
958 1983 1024 2040 Δία
1039 1981 1105 2059 θη-

100 2080 159 2147 λυς
180 2073 308 2154 ἐφεῖταί
326 2090 378 2138 σοι
395 2071 520 2155 πόθος,
542 2068 649 2156 ἡρέμα
670 2076 709 2157 τῇ
725 2068 837 2158 μνήμη
855 2072 1104 2138 ἐκκαλέσασθαι.

100 2169 154 2235 καὶ
178 2165 242 2251 γάρ
268 2166 375 2246 ἀλλως
400 2165 611 2253 ἑορταστικὴν
632 2165 755 2251 ἀνομεν
781 2164 908 2252 ἡμέραν
928 2164 1104 2252 Ἡράκλεια

99 2266 258 2342 θύοντες·
281 2262 343 2332 ούκ
362 2262 492 2350 ἀγνοεῖς
513 2266 548 2334 δὲ
569 2266 610 2351 δή
631 2257 697 2338 τ’του
718 2261 779 2333 τόν
799 2262 884 2332 θεὸν
905 2263 948 2344 ὡς
964 2264 1040 2345 ὀξύς
1060 2259 1104 2351 ἦν

101 2361 183 2446 πρὸς
202 2358 415 2447 Ἀφροδίτην·
442 2362 560 2448 ἥδιστα
576 2355 639 2429 ούν
655 2366 746 2430 δοκεῖ
761 2388 817 2448 μοι
833 2369 900 2429 τῶν
920 2361 1028 2447 λόγων
1046 2363 1104 2440 τάς

99 2468 221 2536 θυσίας
234 2460 473 2546 προσήσεσθαι.

184 2565 213 2625 2.
227 2565 560 2626 ΘΕΟΜΝΗΣΤΟΣ.
577 2566 705 2627 (θᾶττον
716 2559 758 2627 ἀν
769 2586 841 2646 μοι,
856 2553 1025 2644 ῶΛυκῖνε,
1038 2570 1105 2627 θα-

99 2658 216 2742 λάττης
228 2657 357 2742 κύματα
369 2659 422 2725 καί
434 2654 563 2734 πυκνάς
573 2653 630 2722 ἀπ’
644 2655 793 2742 ούρανοῦ
802 2657 947 2742 νιφάδας
957 2655 1104 2744 ἀριθμή-

101 2751 227 2842 σειαςῆ
248 2753 326 2834 τούς
349 2753 448 2842 ἐμούς
463 2755 617 2839 Ἔρωτας.
653 2753 717 2839 ἐρῶ
738 2763 825 2841 γοῦν
840 2754 973 2823 ἀπασαν
994 2754 1105 2822 αὐτῶν

101 2850 204 2939 κενὴν
213 2851 453 2939 ἀπολελεῖφθαι
464 2858 633 2939 φαρέτραν
643 2860 774 2939 νομίζω,
785 2850 849 2920 κάν
860 2849 906 2920 ἐπ’
918 2852 1020 2920 ἀλλον
1029 2852 1103 2920 τινά

100 2959 220 3037 πτῆναι
234 2953 441 3038 θελήσωσιν,
465 2951 609 3030 ἀνοπλος
627 2950 738 3019 αὐτῶν
758 2949 885 3037 ἡδεξιά
899 2950 1105 3037 γελασθήσε-

99 3077 167 3116 ται·
190 3047 309 3135 σχεδὸν
324 3049 390 3136 νάρ
406 3053 442 3116 ἐκ
457 3057 513 3135 της
527 3047 719 3126 ἀντίπαιδος
728 3047 856 3134 ἡλικίας
872 3054 918 3126 είς
930 3046 1008 3124 τούς
1022 3047 1105 3134 ἔφη’-

98 3157 180 3234 βους
194 3150 323 3230 κριθείς
337 3146 452 3224 ἀλλαις
464 3145 522 3213 ἀπ’
534 3147 644 3214 ἀλλων
659 3150 850 3232 ἐπιθυμίαις
862 3153 1103 3232 βουκολούμαι·

98 3247 245 3332 διάδοχοι
261 3251 379 3330 έρωτες
400 3243 552 3330 ἀλλήλων
573 3247 627 3313 καὶ
643 3247 722 3330 πρὶν
741 3242 762 3330 ἢ
782 3250 875 3329 λῆξαι
891 3243 970 3323 τούς
985 3248 1103 3329 προτέ-
1120 3261 1174 3317 399

99 3371 193 3430 ρους,
220 3343 376 3430 ἀρχουται
399 3342 562 3429 δεύτεροι,
587 3346 717 3430 κάρηνα
736 3353 880 3428 Λερναῖα
903 3351 960 3431 τῆς
982 3356 1104 3432 παλιμ-
