2575 3842
195 181 258 244 356
553 184 855 244 ΛΟΥΚΙΛΝΟΥ

196 338 277 410 κατά
295 349 464 410 Φιλίππου
484 339 602 427 ήντινα
618 337 662 408 ἀν
680 343 811 429 έθέλης,
838 340 967 425 ξῦυειρε
987 340 1085 428 ὀλίγα
1108 346 1215 413 έναλ·

196 440 337 507 λάττωυ·
362 438 450 506 οὕτω
465 446 550 524 γοῦν
567 443 600 506 οἱ
612 440 729 507 πολλοὶ
744 445 809 505 νῦν
824 440 1076 524 ῥητορεύουσιν.

280 544 405 604 ΖΕΥΣ.
425 530 477 604 Εῦ
494 539 597 622 λέγεις
613 536 771 622 ἐπίτομόν
790 564 865 605 τινα
879 541 1056 625 ῥητορείαν
1073 542 1135 609 καὶ
1151 544 1195 630 ῥηι
1272 518 1273 613 ὀ

197 640 372 721 διουργίαυ
386 635 510 720 ταύτην
527 632 673 716 εῦπορου
688 648 755 712 τοῖς
772 632 1022 721 ἀπορουμένοις.

283 737 329 800 15.
349 739 451 800 ΕΡΜ.
463 728 577 813 ’Ἁρξαι
593 729 625 796 δ’
644 724 707 797 οῦν
722 757 808 799 ποτε.

281 837 406 896 ΖΕΥΣ.
425 824 511 896 Ἀντὶ
525 835 659 896 πολλῶν
670 826 729 912 ἀν,
745 821 772 894 ῶ
787 827 905 914 ἄνδρες
919 837 1010 914 θεοί,
1025 833 1212 916 χρημάτων
1273 838 1274 907 λ

197 925 284 1015 ὑμᾶς
300 929 434 996 ἑλέσθαι
449 931 586 1011 νομίζω,
610 931 639 992 εί
654 923 803 1010 φανερόν
819 929 947 1011 γένοιτο
964 924 1044 1013 ὑμῖν
1061 927 1083 994 ὀ
1097 957 1132 997 τι
1151 931 1194 1016 δή
1274 996 1275 1005 ,

196 1049 275 1091 ποτε
292 1023 356 1111 ἀρα
373 1024 472 1092 τοῦτό
487 1026 592 1107 έστιυ,
609 1020 663 1108 ἐφ’
676 1021 742 1114 ὀτρι
758 1030 823 1089 νῦν
841 1026 1042 1110 ξυνελέγητε.
1065 1024 1124 1094 ὅτε
1140 1035 1197 1095 τοί
1274 1086 1275 1091 ,

197 1149 262 1190 νυν
283 1120 381 1190 τοῦθ’
407 1121 513 1202 οῦτως
533 1129 613 1209 ἔχει,
637 1115 796 1208 προσήκει
812 1125 997 1210 προθύμως
1015 1123 1213 1211 ἀκροᾶσθαί

197 1245 263 1306 μου
279 1223 442 1308 λέγοντος.
469 1219 487 1289 ὁ
503 1221 564 1310 μὲν
580 1214 644 1288 οῦν
660 1218 777 1305 πυρῶν
792 1222 917 1307 καιρός,
934 1215 961 1288 ῶ
975 1229 1060 1309 θεοί,
1080 1251 1211 1312 μονον-

198 1317 270 1401 ουχὶ
286 1321 373 1402 λέγει
388 1315 506 1403 φωνήν
521 1315 642 1402 ἀφιείς,
663 1316 712 1385 ὀτι
730 1327 798 1384 τῶν
813 1318 990 1404 παρόντων
1009 1324 1209 1407 ἐρρωμένως

195 1412 413 1499 ἀντιληπτέον
428 1413 506 1500 ἡμῖν
528 1419 632 1500 έστιυ,
654 1413 746 1500 ἡμεῖς
768 1417 804 1484 δὲ
822 1417 914 1485 πάνυ
931 1415 1103 1504 ὀλιγώρως
1120 1426 1210 1506 ἔχειν

127 1520 179 1575 669
197 1537 253 1597 μοι
274 1515 440 1596 δοκοῦμεν
457 1509 539 1592 πρὸς
561 1509 655 1579 αότά.
689 1513 853 1600 βούλομαι
872 1517 909 1582 δέ
928 1513 1048 1599 ήδη-
1064 1518 1121 1583 καὶ
1144 1516 1209 1604 γάρ

197 1611 354 1675 ἐπιλείπει
365 1633 405 1693 με
417 1607 434 1674 ὀ
446 1613 668 1695 Λημοσθένης
681 1651 718 1660 -
732 1607 817 1676 αὐτοὶ
829 1609 910 1697 ὑμίν
921 1617 1066 1698 δηλῶσαι
1077 1622 1208 1699 σαφῶς,

197 1700 251 1788 ἐφ’
275 1699 323 1780 οἷς
349 1705 582 1790 διαταραχθεὶς
603 1707 793 1792 ξυνήγαγον
818 1705 881 1793 τήν
902 1710 1095 1794 ἐκκλησίαν
1126 1713 1210 1796 χθὲς

196 1800 278 1887 γάρ,
301 1797 345 1878 ῶς
361 1810 446 1887 ἴστε,
470 1805 673 1889 Μνησιθέου
690 1809 750 1871 τοῦ
770 1805 964 1891 ναυκλήρου
978 1804 1154 1884 θύσαντος
1170 1835 1206 1875 το

196 1897 341 1985 σωτήρια
356 1901 408 1967 ἐπὶ
422 1907 461 1988 τῇ
477 1905 535 1987 νηῒ
547 1900 662 1986 ὀλίγου
678 1906 749 1968 δεῖν
763 1899 954 1991 ἀπολομένη
968 1907 1042 1987 περὶ
1057 1900 1119 1970 τόν
1136 1912 1208 1972 Κα-

197 1999 319 2085 φηρέα,
345 1997 542 2086 είστιῶμεθα
559 2001 596 2066 έν
610 2006 775 2085 Πειραιεῖ,
798 1997 942 2077 ὁπόσους
958 1998 1052 2086 ἡμῶν
1067 1997 1087 2068 ὁ
1103 2008 1210 2087 Μνη-

197 2101 310 2175 σίθεος
326 2099 377 2165 ἐπὶ
392 2095 453 2183 τήν
468 2103 594 2164 θυσίαν
608 2096 779 2163 ἐκάλεσεν·
807 2095 874 2164 εἶτα
889 2097 970 2183 μετὰ
985 2094 1043 2176 τάς
1057 2097 1210 2176 σπονδάς

197 2195 289 2282 ὑμεῖς
301 2197 362 2282 μέν
373 2194 471 2274 ἀλλος
485 2195 568 2285 άλλη
584 2195 783 2282 ἐτράπεσθε,
800 2191 844 2272 ῶς
858 2195 982 2284 ἑκάστῳ
996 2199 1124 2276 ἔδοξεν,
1142 2193 1208 2281 ε’γῶ

197 2296 232 2361 δέ
246 2333 288 2345 -
303 2292 434 2360 οὐδέπω
450 2294 513 2381 γάρ
528 2295 619 2361 πάνυ
641 2290 703 2373 ὀψὲ
720 2285 764 2377 ήν
782 2333 822 2345 -
837 2289 990 2378 ἀνῆλθον
1007 2295 1039 2370 ές
1056 2290 1092 2359 τό
1109 2289 1207 2376 ἀστυ,

198 2390 241 2468 ῶς
253 2392 509 2476 περιπατήσαιμι
525 2390 560 2460 τό
573 2388 720 2459 δειλινόν
733 2394 769 2458 έν
783 2398 979 2478 Κεραμεικῷ
993 2393 1123 2459 ε’νυοῶν
1137 2390 1208 2479 ἅμα

197 2495 257 2556 τοῦ
274 2491 477 2573 Μνησιθέου
493 2488 554 2575 τήν
576 2496 829 2576 σμικρολογίαν,
851 2486 888 2568 δς
911 2492 1084 2557 ἑκκαίδεκα
1100 2488 1208 2566 θεοῦς
1256 2514 1260 2523 ·

198 2588 314 2654 ἑστιῶν
331 2583 538 2670 ἀλεκτρυόνα
560 2589 668 2673 μόνον
688 2590 869 2670 κατέθυσε,
891 2590 1030 2672 γέροντα
1049 2585 1207 2655 κάκεῖνον

197 2683 260 2771 ήδη
275 2685 329 2752 καὶ
341 2691 542 2771 κορυζῶντα,
558 2689 612 2754 καὶ
624 2691 811 2774 λιβανωτοῦ
821 2684 986 2771 χόνδρους
1000 2688 1157 2772 τέτταρας
1169 2680 1208 2753 εῦ

129 2797 180 2853 660
199 2782 287 2870 μάλα
303 2781 541 2870 εὐρωτιῶντας,
554 2783 597 2862 ῶς
609 2783 726 2853 αὐτίκα
738 2786 977 2870 ἐπισβεσθῆναι
988 2791 1033 2876 τῶ
1045 2781 1206 2870 ἀνθρακι,

198 2883 280 2968 μηδὲ
298 2881 380 2948 ὅσον
397 2881 483 2972 ἀκρηι
501 2892 540 2971 τῇ
563 2885 631 2972 ῥινὶ
655 2881 844 2968 ὀσφρέσθαι
863 2889 923 2949 τοῦ
945 2889 1076 2949 καπνοῦ
1096 2907 1208 2968 παρα-

198 2981 352 3067 σχόντας,
364 2983 532 3049 καὶταῦτα
546 2981 728 3068 ἑκατόμβας
739 2979 818 3058 ὅλας
829 2977 1095 3066 ὑπισχνούμενος
1107 2977 1207 3047 ὁπότε

197 3077 217 3165 ή
236 3086 319 3158 ναῦς
336 3077 398 3165 ἤδη
417 3081 640 3165 προσεφέρετο
657 3087 703 3168 τῷ
723 3082 873 3168 σκοπέλῳ
894 3081 949 3146 καὶ
964 3076 1057 3156 έντδς
1080 3071 1124 3164 ήυ
1140 3086 1208 3145 τῶν

199 3181 358 3266 ἑρμάτων.
395 3185 444 3247 16.
469 3181 537 3246 ἐπεὶ
555 3180 590 3245 δέ
611 3185 713 3246 ταῦτα
730 3179 857 3244 ἐννοῶν
873 3184 1028 3263 γίγνομαι
1047 3178 1101 3243 καὶ
1123 3175 1206 3242 κατά

198 3275 258 3361 τήν
273 3283 450 3363 Ποικίλην,
473 3273 540 3362 ὁρῶ
563 3283 692 3361 πλῆθος
712 3274 906 3360 ἀνθρώπων
928 3275 1087 3360 πάμπολυ
1108 3267 1218 3355 ξυνεέ

199 3375 332 3457 στηκός,
353 3378 463 3452 ένίους
477 3374 539 3459 μὲν
559 3378 659 3441 έυδου
675 3375 712 3439 ἐν
732 3372 816 3462 αὐτή
829 3382 870 3461 τῇ
889 3381 986 3462 στοᾷ,
1010 3371 1154 3452 πολλοῦς
1171 3374 1207 3442 δὲ
