2575 3842
341 179 588 238 ΑΛΗΘΟΤΣ
606 178 847 237 ΙΣΤΟΡΙΑΣ
866 181 902 238 Β.
1083 175 1124 238 61

114 361 220 426 κησεν
233 337 377 424 Ὄμηρος
393 337 575 415 Ὀδυσσέως
590 337 884 422 συναγορεύοντος.
918 343 969 405 λ1.
990 333 1073 404 κατὰ
1091 336 1127 405 δέ

114 435 196 515 τούς
213 433 336 515 αύτούς
357 438 500 522 χρόνους
519 433 655 523 ἄφίκετο
671 437 727 503 καί
741 435 947 520 Πυθαγόρας
963 433 981 502 ὁ
998 435 1126 520 Σάμιος

115 534 251 613 ἑπτάκις
271 533 422 619 ἀλλαγεὶς
439 535 494 602 καί
515 536 551 601 έν
572 532 744 611 τοσούτοις
765 532 858 622 ζῴοις
879 533 1053 618 βιοτεύσας
1072 533 1127 600 καὶ

114 636 286 711 ἐκτελέσας
299 639 357 718 τῆς
368 639 475 717 ψυχῆς
489 630 548 709 τάς
562 632 748 717 περιόδους.
772 625 816 717 ἠν
834 629 870 697 δέ
885 636 1030 715 χρυσοῦς
1044 629 1124 696 ὅλον
1144 645 1195 700 119

114 729 152 797 τὰ
176 727 286 809 δεξιόν
303 728 474 816 ἠμίτομον,
508 731 563 798 καλ
582 732 701 816 ἐκρίθη
718 728 778 814 μέν
794 729 1124 815 συμπολιτεύσασθαι

115 825 244 914 αύτοίς,
260 829 462 908 ἐνεδοιάζετο
474 828 510 896 δέ
522 833 568 896 ἔτι
579 829 722 912 πότερον
733 829 944 912 Πυθαγόραν
953 823 976 913 ἠ
984 825 1124 911 Εύφορ-

115 933 178 1012 βου
189 924 251 1011 χρὴ
263 922 366 993 αὐτόν
377 923 560 1011 ὀνομάζειν.
583 923 601 993 ό
614 927 727 1011 μέντοι
741 925 958 1011 Ἐμπεδοκλῆς
967 918 1053 1011 ἠλθε
1063 924 1125 1009 μὲν

115 1025 171 1091 καί
187 1016 301 1109 οὗτος,
324 1029 507 1110 περίεφθος
520 1025 575 1091 καλ
596 1022 633 1090 τό
650 1032 744 1108 σῶμα
759 1021 840 1091 όλον
857 1020 1062 1108 ὠπτημένος·
1083 1019 1125 1088 ού

114 1118 183 1208 μὴν
197 1125 385 1207 παρεδέχθη
400 1127 507 1189 καίτοι
521 1120 626 1189 πολλά
642 1123 811 1189 ίκετεύων.

200 1225 250 1286 22.
272 1217 457 1303 Προϊόντος
471 1223 506 1286 δὲ
516 1227 578 1286 τοῦ
590 1219 716 1304 χρόνου
730 1221 843 1304 ἐνέστη
856 1215 873 1286 ὁ
886 1215 979 1303 άγων
989 1215 1029 1285 τὰ
1040 1213 1121 1302 παρ’

113 1313 228 1394 αύτοίς
238 1317 460 1384 Θανατούσια.
482 1314 685 1402 ἠγωνοθέτει
697 1317 733 1384 δέ
748 1313 914 1400 Ἀχιλλεύς
924 1313 961 1383 τό
975 1318 1124 1401 πέμπτου

113 1415 171 1480 καί
183 1411 311 1500 Θησεύς
324 1412 361 1482 τό
377 1417 530 1503 ἕβδομον.
560 1412 600 1481 τὰ
615 1417 676 1500 μέν
691 1408 755 1481 ούν
769 1413 854 1483 άλλα
868 1411 998 1500 μακρόν
1013 1409 1057 1480 άν
1073 1422 1123 1499 είη

113 1513 240 1595 λέγειν·
272 1510 312 1579 τά
336 1511 371 1579 δέ
397 1511 561 1597 κεφάλαια
583 1520 652 1579 τῶν
672 1516 890 1598 πραχθέντων
911 1512 1121 1598 διηγήσομαι.

113 1609 227 1694 πάλην
237 1609 299 1693 μὲν
308 1610 438 1695 ένίκησε
448 1617 559 1697 Κάρος
570 1607 588 1676 ό
599 1607 656 1694 ἀφ’
666 1607 867 1695 Ἡρακλέους
877 1607 1036 1676 Ὀδυσσέα
1049 1608 1124 1689 περὶ

112 1712 175 1772 τοῦ
192 1705 362 1791 στεφάνου
379 1707 705 1792 καταγωνισάμενος·
734 1707 846 1793 πυγμή
864 1707 899 1774 δὲ
917 1717 970 1793 ίση
994 1709 1123 1791 ἐγένετο

17 1848 18 1858 1
109 1801 241 1891 Ἀρείου
254 1830 290 1870 τε
304 1812 365 1872 τοῦ
378 1811 580 1890 Αἰγυπτίου,
596 1802 632 1882 ὃς
647 1808 684 1871 έν
699 1810 858 1895 Κορίνθῳ
872 1807 1051 1887 τέθαπται,
1066 1803 1122 1870 καὶ
1142 1816 1192 1868 120

108 1899 241 1970 Ἐπειοῦ
255 1899 409 1988 άλλήλοις
426 1905 671 1970 συνελθόντων.
702 1908 907 1987 παγκρατίου
925 1903 960 1970 δέ
975 1895 1066 1969 ἆθλα
1081 1898 1123 1967 ού

112 2005 243 2067 τίθεται
257 2000 333 2086 παρ’
351 2001 471 2080 αὐτοῖς.
494 1999 554 2068 τόν
564 2003 677 2086 μέντοι
690 2000 815 2082 δρόμον
831 1995 942 2064 ούκέτι
956 2002 1122 2083 μέμνημαι

114 2096 203 2176 ὅστις
220 2101 358 2184 ἐνίκησε.
392 2107 538 2186 ποιητῶν
559 2099 595 2166 δέ
615 2106 657 2184 τῇ
676 2097 738 2181 μέν
758 2093 900 2185 άληθείμ
921 2093 1011 2180 παρὰ
1035 2092 1122 2162 πολύ

114 2196 244 2282 ἐκράτει
259 2194 418 2284 Ὅμηρος,
439 2199 570 2283 ένίκησε
585 2197 620 2265 δέ
634 2195 723 2282 ὅμως
732 2193 892 2272 Ἡσίοδος.
924 2190 965 2260 τά
981 2194 1017 2260 δέ
1031 2185 1122 2261 ἆθλα

112 2288 156 2381 ἠν
174 2293 278 2362 άπασι
292 2299 455 2380 στέφανος
468 2298 601 2373 πλακεὶς
616 2300 652 2362 ἐκ
666 2302 796 2381 πτερῶν
808 2300 988 2361 ταωνείων.

197 2399 249 2460 23.
273 2391 365 2478 ’Ἇρτι
390 2396 425 2461 δὲ
445 2402 506 2461 τοῦ
529 2391 659 2480 ἀγῶνος
683 2395 981 2479 συντετελεσμένου
1001 2388 1122 2478 ἠγγέλ-

112 2500 212 2559 λοντο
229 2496 263 2558 οί
275 2495 311 2559 έν
328 2501 374 2581 τῷ
393 2493 490 2581 γάρῳ
507 2501 575 2559 τοῖν
595 2490 728 2578 ἀσεβῶν
741 2491 957 2579 κολαζόμενοι
971 2489 1120 2578 άπορρή-

113 2594 228 2669 ξαντες
242 2587 282 2656 τά
298 2588 401 2676 δεσμά
416 2591 472 2658 καὶ
490 2599 547 2675 τῆς
561 2599 713 2676 φρουράς
727 2591 1003 2679 ἐπικρατήσαντες
1022 2590 1121 2659 έλαύ-

113 2715 186 2756 υειν
201 2689 254 2756 έπὶ
269 2687 329 2774 τήν
342 2697 462 2773 νῆσον·
486 2686 642 2774 ἠγελσθαι
665 2691 701 2758 δέ
716 2688 829 2758 αύτων
845 2691 997 2776 Φάλαρίν
1013 2716 1048 2756 τε
1061 2687 1121 2756 τὸν

109 2784 369 2871 Ἀκραγαντίνον
380 2789 434 2856 καὶ
445 2789 606 2871 Βούσιριν
618 2787 678 2857 τόν
684 2789 870 2874 Αίγύπτιον
880 2789 935 2857 καί
944 2788 1121 2873 Διομήδην

112 2885 171 2952 τόν
187 2892 302 2973 Θρᾷκα
324 2887 379 2953 καί
394 2884 472 2964 τούς
492 2889 567 2973 περὶ
582 2895 756 2974 Σκείρωνα
775 2889 829 2954 καὶ
847 2885 1115 2970 Πιτυοκάμπτην.
1139 2895 1186 2948 121

113 2981 156 3061 ὡς
167 2983 316 3052 δὲταῦτα
327 2985 473 3071 ἤκουσεν
485 2985 502 3054 ὁ
514 2985 753 3073 Ῥαδάμανθυς,
766 2984 909 3054 έκτάττει
919 2982 997 3061 τούς
1009 2981 1120 3070 ἠρωας

112 3085 164 3150 ε’πλ
186 3091 244 3168 τῆς
260 3081 389 3169 ἠϊόνος·
422 3083 531 3170 ἠγεῖτο
555 3087 592 3154 δὲ
607 3085 735 3171 Θησεύς
749 3109 784 3150 τε
806 3085 861 3151 καὶ
879 3080 1044 3168 Ἀχιλλεύς
1064 3083 1120 3150 κοιλ

110 3189 195 3258 Αίας
222 3177 240 3246 ὁ
267 3180 473 3269 Τελαμάνιος
494 3184 557 3270 ἠδη
584 3191 788 3271 σωφρονῶν·
826 3183 882 3250 καί
901 3179 1120 3267 συμμίξαντες

113 3280 274 3366 έμάχοντο
296 3283 351 3350 καλ
374 3285 531 3368 ἐνίκησαν
552 3287 587 3350 οί
604 3280 710 3368 ἠρωες
731 3277 897 3366 Ἀχιλλέως
920 3279 960 3348 τά
984 3289 1119 3349 πλείστα

113 3376 398 3464 κατορθάσαντος.
415 3379 589 3468 ἠρίστευσε
599 3382 635 3449 δὲ
646 3382 700 3448 καὶ
710 3380 892 3468 Σωκράτης
903 3383 955 3448 έπλ
966 3387 1010 3471 τῷ
1023 3384 1119 3469 δεξιῷ
