2575 3842
367 195 604 272 'TOEAPM
622 212 652 262 H
673 209 832 266 ΦΙΛΙΑ.
1053 208 1117 271 289

101 372 195 444 κίδας
207 366 262 433 καὶ
273 364 331 443 τάς
341 379 518 451 γυναῖκας·
539 361 633 450 ἡμεῖς
644 367 681 432 δὲ
691 363 867 450 ἠνιώμεθα
878 375 926 456 τῷ
936 367 1113 453 πράγματι.

101 470 152 532 40.
170 461 188 529 ὁ
207 461 243 542 δὲ
254 461 430 548 Ἀμιζώκης
445 460 608 548 ἀγόμενος
621 503 658 514 -
672 463 809 530 ἑαλώκει
824 465 890 549 γάρ
905 505 947 516 -
961 466 1041 551 ἐβόα
1054 463 1114 533 τόν

102 568 203 648 φίλον
226 557 384 647 ὀνομαστὶ
407 567 516 637 κακῶς
538 562 714 646 δεδεμένος
733 564 788 626 καὶ
808 558 1038 648 ὑπεμίμνησκε
1053 569 1114 629 τού

102 663 239 744 αίματος
253 658 379 744 καὶτῆς
395 659 540 736 κύλικος.
565 650 613 724 ών
627 657 776 735 ἀκούσας
793 655 811 724 ὁ
823 659 998 754 Δάνδαμις
1012 657 1113 726 οὐδὲν

102 763 149 824 ἔτι
166 754 331 841 μελλήσας
346 752 506 822 ἁπάντων
522 752 681 841 ὁρώντων
699 757 888 840 διανήχεται
904 762 950 834 είς
961 753 1039 833 τούς
1051 780 1113 823 πο-

101 859 249 938 λεμίους·
272 855 327 920 καὶ
342 858 376 921 οί
387 852 448 938 μὲν
458 853 678 938 Σαυρομάται
691 855 863 939 διηρμένοι
877 853 956 931 τοὺς
969 852 1113 931 ἀκοντας

102 950 262 1036 ώρμησαν
278 947 329 1018 ἐπ’
354 948 458 1017 αὑτὸν
480 948 523 1027 ὡς
543 951 858 1037 κατακεντήσοντες,
883 947 956 1019 ὑδὲ
977 949 1056 1038 ε’βόα
1074 947 1110 1017 τό

101 1053 213 1129 Ζίριν·
241 1054 339 1114 τοῦτο
359 1043 457 1133 δὲ’ήν
473 1074 523 1126 τις
538 1057 629 1135 είπη,
654 1045 765 1115 οὐκέτι
781 1047 959 1133 φονεύεται
973 1045 1032 1114 ὑπ’
1050 1046 1113 1114 αὐ·

101 1151 185 1230 τών,
201 1141 283 1212 ἀλλά
297 1148 446 1231 δέχονται
458 1142 563 1213 αύτδν
577 1143 620 1223 ὡς
634 1147 687 1214 ἐπὶ
701 1146 837 1230 λύτροις
847 1145 981 1232 ἥκοντα.
1005 1148 1060 1213 καὶ
1071 1142 1112 1228 δή

102 1240 259 1326 ἀναχθεὶς
279 1243 363 1331 πρὸς
377 1242 436 1313 τὸν
454 1243 597 1330 ἀρχοντα
611 1241 723 1310 αὐτῶν
740 1242 858 1332 ἀπῄτει
872 1241 933 1311 τὸν
950 1251 1069 1328 φίλον,
1094 1239 1111 1308 ὁ

101 1340 138 1406 δὲ
153 1339 258 1423 λύτρα
272 1337 355 1427 ήτει·
385 1338 429 1426 μή
443 1338 507 1424 γάρ
525 1339 757 1426 προήσεσθαι,
774 1346 804 1406 εί
819 1337 864 1426 μή
885 1339 1011 1425 μεγάλα
1027 1335 1111 1421 ὑπὲρ

101 1435 207 1504 αὑτοῦ
215 1435 328 1524 λάβοι·
349 1435 366 1504 ὁ
379 1439 555 1524 Δάνδαμις
565 1440 612 1522 δέ,
622 1435 661 1503 uA
670 1437 731 1523 μὲν
743 1434 841 1522 εἶχον,
854 1445 968 1524 φησίν,
981 1435 1112 1504 ἀπάντα

100 1535 298 1620 διήρπασται
315 1531 376 1620 ὑφ’
393 1534 507 1623 ὑμῶν,
529 1541 559 1603 εί
575 1537 613 1602 δέ
633 1563 664 1602 τι
681 1536 827 1629 δύναμαι
848 1534 975 1622 γυμνός
990 1533 1113 1602 ὑποτε-

103 1634 211 1716 λέσαι,
233 1633 362 1715 ἕτοιμος
378 1630 564 1718 ὑποστῆναι
583 1631 681 1718 ὑμῖν,
707 1635 762 1701 καὶ
779 1634 961 1719 πρόσταττε
982 1633 1002 1702 ὅ
1021 1661 1052 1701 τι
1068 1631 1112 1700 ἀν

100 1721 228 1814 θέλης·’
241 1733 272 1794 εί
283 1729 398 1812 βούλει
410 1732 460 1812 δέ,
477 1729 532 1815 ἐμὲ
549 1726 622 1796 ἀντὶ
637 1730 762 1797 τούτου
776 1729 889 1818 λαβών
906 1732 1109 1816 κατάχρησαι

101 1823 185 1911 πρός
200 1823 261 1892 ότι
277 1844 330 1892 σοι
344 1832 453 1910 φίλον.
477 1824 494 1893 ὁ
512 1825 548 1893 δὲ
561 1828 801 1913 Σαυρομάτης,
821 1825 947 1913 Ούδέν,
964 1834 1045 1914 ἔφη,
1061 1833 1114 1895 δελΙ

101 1923 182 1993 ὅλον
202 1925 401 2008 κατέχεσθαί
420 1946 457 1991 σε
473 1927 526 1992 καὶ
548 1931 652 1991 ταῦτα
666 1932 763 2009 Ζίριν
777 1922 919 2010 ήκοντα,
943 1923 986 1991 σύ
1003 1926 1039 1992 δε
1062 1917 1111 1992 ών

101 2029 183 2110 ἔχεις
198 2023 297 2108 μέρος
311 2019 508 2110 καταβαλών
523 2020 609 2107 άγον
623 2020 684 2090 τόν
698 2028 806 2107 φίλον.
827 2020 926 2107 ήρετο
941 2019 1110 2089 ὁΔάνδα-
1128 2046 1179 2098 549

100 2117 188 2207 μιςὸ
202 2146 233 2186 τι
248 2122 302 2186 καὶ
318 2117 473 2206 βούλεται
486 2127 617 2206 λαβεῖν·
641 2118 708 2187 ὁδε
723 2116 803 2198 τούς
817 2116 1018 2204 ὀφθαλμούς
1029 2117 1111 2205 ήτη-

100 2238 168 2286 σεν.
199 2214 271 2284 ὁδε
291 2215 410 2286 αὐτίκα
431 2221 594 2305 παρέσχεν
610 2219 785 2288 ἐκκόπτειν
805 2215 943 2294 αύτούς·
969 2212 1109 2301 κάπειδή

98 2318 291 2396 ἐξεκέκοπτο
302 2321 357 2386 καὶ
368 2315 432 2405 ήδη
444 2316 484 2385 τά
496 2319 601 2403 λύτρα
613 2315 701 2402 είχον
713 2322 747 2385 οί
755 2314 985 2401 Σαυρομάται,
1001 2339 1111 2400 παρα-

99 2415 214 2503 λαβών
229 2413 289 2482 τόν
308 2413 490 2503 Ἀμιζώκην
505 2416 643 2503 έπανήει
661 2414 912 2503 ἐπερειδόμενος
928 2411 1034 2505 αὑτῷ,
1055 2416 1111 2482 καὶ

99 2513 169 2599 ἅμα
184 2515 418 2604 διανηξάμενοι
428 2513 657 2601 ἀπεσώθησαν
668 2514 751 2600 πρὸς
760 2512 857 2601 ἡμᾶς.
880 2519 930 2582 41.
944 2521 1043 2581 τοῦτο
1054 2539 1112 2598 γε·

100 2613 248 2698 νόμενον
261 2613 524 2699 παρεμυθήσατο
542 2611 691 2692 άπαντας
701 2614 845 2692 Σκύθας
855 2614 911 2681 καὶ
922 2610 1033 2680 οὐκέτι
1049 2609 1111 2698 ήτ-

99 2716 223 2777 τάσθαι
238 2709 391 2794 ἐνόμιζον
406 2708 548 2798 ὁρώντες
562 2711 613 2780 ότι
626 2707 664 2778 τό
679 2713 835 2796 μέγιστον
849 2706 929 2795 ὑμῖν
944 2715 1011 2776 τών
1026 2706 1111 2794 ἀγα-

98 2814 175 2876 δών
191 2804 254 2875 ούκ
274 2805 450 2893 ἀπήγαγον
466 2814 499 2877 οί
518 2812 685 2895 πολέμιοι,
708 2805 782 2876 ἀλλ’
798 2805 850 2875 ότι
869 2801 913 2893 ήν
935 2805 1018 2891 παρ’
1032 2804 1110 2893 ἡμῖν

98 2903 120 2993 ἡ
138 2903 250 2992 ἀγαθή
263 2906 379 2992 γνώμη
392 2908 447 2973 καὶ
462 2903 482 2992 ή
498 2904 582 2994 πρὸς
596 2905 676 2985 τούς
686 2913 805 2991 φίλους
818 2913 934 2985 πίστις.
965 2903 1110 2983 καὶτοὺς

98 3003 323 3090 Σαυρομάτας
335 3005 370 3072 δὲ
381 3002 417 3070 τό
429 3002 510 3072 αὐτὸ
520 3001 562 3072 ού
572 3011 712 3091 μετρίως
721 3004 868 3091 ἐφόβησε
877 3007 1112 3092 λογιζομένους

98 3102 183 3189 πρὸς
199 3106 292 3182 οἵους
306 3101 432 3188 ἀνδρας
446 3107 481 3171 ἐκ
500 3110 713 3190 παρασκευῆς
730 3110 930 3188 μαχοῦνται,
954 3111 983 3171 εί
1003 3106 1057 3170 καὶ
1074 3107 1110 3170 έν

97 3211 143 3294 τῷ
161 3202 399 3294 ἀπροσδοκήτῳ
414 3204 488 3271 τότε
503 3202 704 3289 ὑπερέσχον·
728 3201 811 3270 ώστε
824 3199 947 3281 νυκτὸς
958 3206 1111 3289 ε’πιγενο-

97 3305 199 3388 μένης
213 3299 433 3382 ἀπολιπόντες
453 3299 493 3371 τά
508 3311 643 3371 πλείστα
660 3310 728 3369 τών
742 3303 964 3390 βοσκημάτων
979 3304 1035 3371 καὶ
1051 3300 1111 3382 τάς

100 3397 226 3485 ἀμάξας
241 3399 468 3488 ἐμπρήσαντες
483 3399 608 3491 ᾤχοντο
624 3403 815 3488 φεύγοντες.
849 3402 867 3471 ὁ
888 3406 1001 3489 μέντοι
1019 3400 1110 3489 Ἀμι-

183 3510 288 3550 wem«.
310 3496 344 3552 11.
929 3493 970 3555 19
