<?xml version="1.0" encoding="UTF-8"?>
<!DOCTYPE html PUBLIC "-//W3C//DTD XHTML 1.0 Transitional//EN"
    "http://www.w3.org/TR/xhtml1/DTD/xhtml1-transitional.dtd">
<html xmlns="http://www.w3.org/1999/xhtml" xml:lang="en" lang="en">
 <head>
  <title>
</title>
<meta http-equiv="Content-Type" content="text/html;charset=utf-8" />
  <meta name='ocr-system' content='tesseract 3.04.00' />
  <meta name='ocr-capabilities' content='ocr_page ocr_carea ocr_par ocr_line ocrx_word'/>
</head>
<body>
  <div class='ocr_page' id='page_1' title='image "./operaadoptimoru00jacogoog/operaadoptimoru00jacogoog_0221.png"; bbox 0 0 2575 3842; ppageno 0'>
   <div class='ocr_carea' id='block_1_1' title="bbox 435 207 1097 286">
    <p class='ocr_par' dir='ltr' id='par_1_1' title="bbox 435 207 1097 286">
     <span class='ocr_line' id='line_1_1' title="bbox 435 207 1097 286; baseline 0.006 -6"><span class='ocrx_word' id='word_1_1' title='bbox 435 222 745 286; x_wconf 72' lang='grc' dir='ltr'><strong><em>Λααιοκαιιε.</em></strong></span> <span class='ocrx_word' id='word_1_2' title='bbox 890 207 899 219; x_wconf 83' lang='grc'><strong>’</strong></span> <span class='ocrx_word' id='word_1_3' title='bbox 1037 219 1097 284; x_wconf 80' lang='lat'><strong><em>177</em></strong></span> 
     </span>
    </p>
   </div>
   <div class='ocr_carea' id='block_1_2' title="bbox 85 378 1162 1054">
    <p class='ocr_par' dir='ltr' id='par_1_2' title="bbox 85 378 1162 1054">
     <span class='ocr_line' id='line_1_2' title="bbox 85 378 1097 469; baseline -0.002 -18"><span class='ocrx_word' id='word_1_4' title='bbox 85 393 147 452; x_wconf 93' lang='grc' dir='ltr'><strong><em>λον</em></strong></span> <span class='ocrx_word' id='word_1_5' title='bbox 164 387 226 468; x_wconf 78' lang='grc' dir='ltr'><strong><em>ἔχω</em></strong></span> <span class='ocrx_word' id='word_1_6' title='bbox 240 379 302 468; x_wconf 80' lang='grc' dir='ltr'><strong><em>τὴν</em></strong></span> <span class='ocrx_word' id='word_1_7' title='bbox 317 382 476 468; x_wconf 83' lang='grc' dir='ltr'><strong><em>κεφαλήν.</em></strong></span> <span class='ocrx_word' id='word_1_8' title='bbox 507 386 557 448; x_wconf 83' lang='grc'><strong><em>14.</em></strong></span> <span class='ocrx_word' id='word_1_9' title='bbox 573 379 655 466; x_wconf 89' lang='grc' dir='ltr'><strong><em>μετά</em></strong></span> <span class='ocrx_word' id='word_1_10' title='bbox 671 383 707 449; x_wconf 75' lang='grc' dir='ltr'><strong><em>δὲ</em></strong></span> <span class='ocrx_word' id='word_1_11' title='bbox 721 378 782 448; x_wconf 86' lang='grc' dir='ltr'><strong><em>τόν</em></strong></span> <span class='ocrx_word' id='word_1_12' title='bbox 798 379 903 450; x_wconf 84' lang='grc' dir='ltr'><strong><em>ποτόν</em></strong></span> <span class='ocrx_word' id='word_1_13' title='bbox 921 384 1097 469; x_wconf 79' lang='grc' dir='ltr'><strong><em>συνυθλή-</em></strong></span> 
     </span>
     <span class='ocr_line' id='line_1_3' title="bbox 85 475 1097 566; baseline -0.001 -19"><span class='ocrx_word' id='word_1_14' title='bbox 85 502 191 566; x_wconf 89' lang='grc' dir='ltr'><strong><em>σομεν</em></strong></span> <span class='ocrx_word' id='word_1_15' title='bbox 207 475 260 546; x_wconf 78' lang='grc' dir='ltr'><strong><em>οἷα</em></strong></span> <span class='ocrx_word' id='word_1_16' title='bbox 275 480 330 547; x_wconf 83' lang='grc' dir='ltr'><strong><em>καλ</em></strong></span> <span class='ocrx_word' id='word_1_17' title='bbox 342 477 423 547; x_wconf 85' lang='grc' dir='ltr'><strong><em>ἀττα</em></strong></span> <span class='ocrx_word' id='word_1_18' title='bbox 434 479 605 564; x_wconf 81' lang='grc' dir='ltr'><strong><em>ἐοόθαμεν·</em></strong></span> <span class='ocrx_word' id='word_1_19' title='bbox 628 476 671 546; x_wconf 91' lang='grc' dir='ltr'><strong><em>ού</em></strong></span> <span class='ocrx_word' id='word_1_20' title='bbox 682 476 747 564; x_wconf 85' lang='grc' dir='ltr'><strong><em>γάρ</em></strong></span> <span class='ocrx_word' id='word_1_21' title='bbox 762 476 904 566; x_wconf 84' lang='grc' dir='ltr'><strong><em>ἀκαιρον</em></strong></span> <span class='ocrx_word' id='word_1_22' title='bbox 921 480 1097 565; x_wconf 82' lang='grc' dir='ltr'><strong><em>δήπουθεν</em></strong></span> 
     </span>
     <span class='ocr_line' id='line_1_4' title="bbox 85 568 1096 664; baseline -0.005 -19"><span class='ocrx_word' id='word_1_23' title='bbox 85 577 330 662; x_wconf 82' lang='grc' dir='ltr'><strong><em>ἐνοινοφλύειν.</em></strong></span> <span class='ocrx_word' id='word_1_24' title='bbox 349 573 491 645; x_wconf 78' lang='grc' dir='ltr'><strong><em>Ἐπαινῶ</em></strong></span> <span class='ocrx_word' id='word_1_25' title='bbox 506 584 616 661; x_wconf 85' lang='grc' dir='ltr'><strong><em>τοῦτο,</em></strong></span> <span class='ocrx_word' id='word_1_26' title='bbox 631 568 677 661; x_wconf 80' lang='grc' dir='ltr'><strong><em>ἦν</em></strong></span> <span class='ocrx_word' id='word_1_27' title='bbox 691 573 723 642; x_wconf 91' lang='grc' dir='ltr'><strong><em>δ’</em></strong></span> <span class='ocrx_word' id='word_1_28' title='bbox 742 576 817 662; x_wconf 79' lang='grc' dir='ltr'><strong><em>ἐγώ,</em></strong></span> <span class='ocrx_word' id='word_1_29' title='bbox 832 579 887 645; x_wconf 79' lang='grc' dir='ltr'><strong><em>καὶ</em></strong></span> <span class='ocrx_word' id='word_1_30' title='bbox 902 573 966 662; x_wconf 83' lang='grc' dir='ltr'><strong><em>γάρ</em></strong></span> <span class='ocrx_word' id='word_1_31' title='bbox 981 575 1096 664; x_wconf 79' lang='grc' dir='ltr'><strong><em>ὅτιπερ</em></strong></span> 
     </span>
     <span class='ocr_line' id='line_1_5' title="bbox 85 665 1097 760; baseline -0.003 -18"><span class='ocrx_word' id='word_1_32' title='bbox 85 673 209 760; x_wconf 85' lang='grc' dir='ltr'><strong><em>ὄφελός</em></strong></span> <span class='ocrx_word' id='word_1_33' title='bbox 226 677 325 760; x_wconf 80' lang='grc' dir='ltr'><strong><em>ἐσμεν</em></strong></span> <span class='ocrx_word' id='word_1_34' title='bbox 341 681 398 760; x_wconf 85' lang='grc' dir='ltr'><strong><em>τῆς</em></strong></span> <span class='ocrx_word' id='word_1_35' title='bbox 414 673 603 753; x_wconf 79' lang='grc' dir='ltr'><strong><em>ἀττικίσεως</em></strong></span> <span class='ocrx_word' id='word_1_36' title='bbox 618 672 732 756; x_wconf 86' lang='grc' dir='ltr'><strong><em>ἀκρον.</em></strong></span> <span class='ocrx_word' id='word_1_37' title='bbox 767 665 821 740; x_wconf 86' lang='grc' dir='ltr'><strong><em>Εύ</em></strong></span> <span class='ocrx_word' id='word_1_38' title='bbox 837 675 957 759; x_wconf 82' lang='grc' dir='ltr'><strong><em>λέγεις,</em></strong></span> <span class='ocrx_word' id='word_1_39' title='bbox 973 666 995 758; x_wconf 80' lang='grc' dir='ltr'><strong><em>ἦ</em></strong></span> <span class='ocrx_word' id='word_1_40' title='bbox 1012 670 1042 739; x_wconf 87' lang='grc' dir='ltr'><strong><em>δ’</em></strong></span> <span class='ocrx_word' id='word_1_41' title='bbox 1060 667 1097 746; x_wconf 84' lang='grc' dir='ltr'><strong><em>δς</em></strong></span> 
     </span>
     <span class='ocr_line' id='line_1_6' title="bbox 85 768 1097 857; baseline -0.001 -20"><span class='ocrx_word' id='word_1_42' title='bbox 85 768 102 837; x_wconf 90' lang='grc' dir='ltr'>ὁ</span> <span class='ocrx_word' id='word_1_43' title='bbox 114 778 315 856; x_wconf 78' lang='grc' dir='ltr'><em>Καλλικλῆς·</em></span> <span class='ocrx_word' id='word_1_44' title='bbox 331 769 368 837; x_wconf 88' lang='grc' dir='ltr'><strong><em>τό</em></strong></span> <span class='ocrx_word' id='word_1_45' title='bbox 380 771 445 857; x_wconf 86' lang='grc' dir='ltr'><strong><em>γάρ</em></strong></span> <span class='ocrx_word' id='word_1_46' title='bbox 456 773 643 857; x_wconf 78' lang='grc' dir='ltr'><em>ἐρεσχηλεῖν</em></span> <span class='ocrx_word' id='word_1_47' title='bbox 652 769 817 856; x_wconf 82' lang='grc' dir='ltr'><em>ἀλλήλους</em></span> <span class='ocrx_word' id='word_1_48' title='bbox 826 769 985 856; x_wconf 77' lang='grc' dir='ltr'><strong><em>συχνάκις</em></strong></span> <span class='ocrx_word' id='word_1_49' title='bbox 995 769 1097 854; x_wconf 92' lang='grc' dir='ltr'><strong><em>λάλης</em></strong></span> 
     </span>
     <span class='ocr_line' id='line_1_7' title="bbox 85 860 1162 953; baseline 0 -19"><span class='ocrx_word' id='word_1_50' title='bbox 85 867 221 953; x_wconf 88' lang='grc' dir='ltr'><strong><em>θηγάνη</em></strong></span> <span class='ocrx_word' id='word_1_51' title='bbox 236 875 390 952; x_wconf 87' lang='grc' dir='ltr'><strong><em>γίγνεται.</em></strong></span> <span class='ocrx_word' id='word_1_52' title='bbox 411 864 492 952; x_wconf 75' lang='grc' dir='ltr'><strong><em>Ἐγώ</em></strong></span> <span class='ocrx_word' id='word_1_53' title='bbox 508 871 559 952; x_wconf 83' lang='grc' dir='ltr'><strong><em>δέ,</em></strong></span> <span class='ocrx_word' id='word_1_54' title='bbox 575 860 597 952; x_wconf 80' lang='grc' dir='ltr'><em>ἦ</em></span> <span class='ocrx_word' id='word_1_55' title='bbox 617 864 647 932; x_wconf 87' lang='grc' dir='ltr'><strong><em>δ’</em></strong></span> <span class='ocrx_word' id='word_1_56' title='bbox 664 863 733 944; x_wconf 83' lang='grc' dir='ltr'><strong><em>δςδ</em></strong></span> <span class='ocrx_word' id='word_1_57' title='bbox 751 864 917 952; x_wconf 86' lang='grc' dir='ltr'><strong><em>Εύδημος,</em></strong></span> <span class='ocrx_word' id='word_1_58' title='bbox 936 907 973 917; x_wconf 93' lang='lat'><strong><em>—-</em></strong></span> <span class='ocrx_word' id='word_1_59' title='bbox 992 865 1095 950; x_wconf 80' lang='grc' dir='ltr'><em>κρύος</em></span> <span class='ocrx_word' id='word_1_60' title='bbox 1113 882 1162 936; x_wconf 77' lang='lat'><strong><em>341</em></strong></span> 
     </span>
     <span class='ocr_line' id='line_1_8' title="bbox 86 961 1097 1054; baseline -0.003 -23"><span class='ocrx_word' id='word_1_61' title='bbox 86 965 151 1050; x_wconf 94' lang='grc' dir='ltr'><strong><em>γάρ</em></strong></span> <span class='ocrx_word' id='word_1_62' title='bbox 168 967 258 1032; x_wconf 82' lang='grc' dir='ltr'><strong><em>ἐστιν</em></strong></span> <span class='ocrx_word' id='word_1_63' title='bbox 276 1004 313 1016; x_wconf 84' lang='lat'><strong><em>—-</em></strong></span> <span class='ocrx_word' id='word_1_64' title='bbox 328 964 427 1050; x_wconf 83' lang='grc' dir='ltr'><strong><em>ἥδιον</em></strong></span> <span class='ocrx_word' id='word_1_65' title='bbox 443 961 487 1032; x_wconf 84' lang='grc' dir='ltr'><strong><em>ἀν</em></strong></span> <span class='ocrx_word' id='word_1_66' title='bbox 502 962 712 1054; x_wconf 75' lang='grc' dir='ltr'><em>εὐζωροτέρῳ</em></span> <span class='ocrx_word' id='word_1_67' title='bbox 728 961 1013 1048; x_wconf 77' lang='grc' dir='ltr'><strong><em>ὑποπυκνάζοιμι·</em></strong></span> <span class='ocrx_word' id='word_1_68' title='bbox 1042 963 1097 1028; x_wconf 83' lang='grc' dir='ltr'><strong><em>καὶ</em></strong></span> 
     </span>
    </p>
   </div>
   <div class='ocr_carea' id='block_1_3' title="bbox 85 1056 1166 3301">
    <p class='ocr_par' dir='ltr' id='par_1_3' title="bbox 85 1056 1166 2316">
     <span class='ocr_line' id='line_1_9' title="bbox 86 1056 1096 1148; baseline -0.005 -21"><span class='ocrx_word' id='word_1_69' title='bbox 86 1059 151 1148; x_wconf 87' lang='grc' dir='ltr'><strong><em>γάρ</em></strong></span> <span class='ocrx_word' id='word_1_70' title='bbox 162 1061 343 1148; x_wconf 77' lang='grc' dir='ltr'><strong><em>χειμοθνής</em></strong></span> <span class='ocrx_word' id='word_1_71' title='bbox 354 1068 436 1147; x_wconf 85' lang='grc' dir='ltr'><strong><em>είμι,</em></strong></span> <span class='ocrx_word' id='word_1_72' title='bbox 452 1063 505 1130; x_wconf 81' lang='grc' dir='ltr'><strong><em>καί</em></strong></span> <span class='ocrx_word' id='word_1_73' title='bbox 516 1061 687 1147; x_wconf 74' lang='grc' dir='ltr'><strong><em>χλιανθεὶς</em></strong></span> <span class='ocrx_word' id='word_1_74' title='bbox 696 1058 795 1145; x_wconf 79' lang='grc' dir='ltr'><strong><em>ἥδιον</em></strong></span> <span class='ocrx_word' id='word_1_75' title='bbox 805 1056 849 1128; x_wconf 88' lang='grc' dir='ltr'><strong><em>ἀν</em></strong></span> <span class='ocrx_word' id='word_1_76' title='bbox 860 1057 1016 1144; x_wconf 91' lang='grc' dir='ltr'><strong><em>ἀκούοιμι</em></strong></span> <span class='ocrx_word' id='word_1_77' title='bbox 1029 1064 1096 1123; x_wconf 81' lang='grc' dir='ltr'><strong><em>τῶν</em></strong></span> 
     </span>
     <span class='ocr_line' id='line_1_10' title="bbox 85 1155 1092 1245; baseline -0.006 -19"><span class='ocrx_word' id='word_1_78' title='bbox 85 1159 296 1245; x_wconf 87' lang='grc' dir='ltr'><strong><em>χειροσόφων</em></strong></span> <span class='ocrx_word' id='word_1_79' title='bbox 312 1158 441 1226; x_wconf 91' lang='grc' dir='ltr'><strong><em>τούτων</em></strong></span> <span class='ocrx_word' id='word_1_80' title='bbox 452 1165 512 1226; x_wconf 84' lang='grc' dir='ltr'><strong><em>τοῦ</em></strong></span> <span class='ocrx_word' id='word_1_81' title='bbox 526 1185 560 1225; x_wconf 85' lang='grc' dir='ltr'><strong><em>τε</em></strong></span> <span class='ocrx_word' id='word_1_82' title='bbox 576 1155 724 1243; x_wconf 83' lang='grc' dir='ltr'><strong><em>αὐλητοῦ</em></strong></span> <span class='ocrx_word' id='word_1_83' title='bbox 735 1158 790 1224; x_wconf 82' lang='grc' dir='ltr'><strong><em>καὶ</em></strong></span> <span class='ocrx_word' id='word_1_84' title='bbox 805 1163 862 1243; x_wconf 79' lang='grc' dir='ltr'><strong><em>τῆς</em></strong></span> <span class='ocrx_word' id='word_1_85' title='bbox 873 1159 1092 1245; x_wconf 77' lang='grc' dir='ltr'><strong><em>βαρβιτῳδοῦ.</em></strong></span> 
     </span>
     <span class='ocr_line' id='line_1_11' title="bbox 87 1249 1096 1342; baseline -0.007 -18"><span class='ocrx_word' id='word_1_86' title='bbox 87 1261 136 1324; x_wconf 86' lang='grc'><strong><em>15.</em></strong></span> <span class='ocrx_word' id='word_1_87' title='bbox 162 1263 204 1324; x_wconf 91' lang='grc' dir='ltr'><strong><em>Τί</em></strong></span> <span class='ocrx_word' id='word_1_88' title='bbox 220 1263 324 1324; x_wconf 83' lang='grc' dir='ltr'><strong><em>ταῦτα</em></strong></span> <span class='ocrx_word' id='word_1_89' title='bbox 342 1263 491 1342; x_wconf 79' lang='grc' dir='ltr'><strong><em>ἔφησθα,</em></strong></span> <span class='ocrx_word' id='word_1_90' title='bbox 514 1249 706 1340; x_wconf 75' lang='grc' dir='ltr'><strong><em>ύΕύδημες</em></strong></span> <span class='ocrx_word' id='word_1_91' title='bbox 733 1249 778 1340; x_wconf 80' lang='grc' dir='ltr'><strong><em>ἦν</em></strong></span> <span class='ocrx_word' id='word_1_92' title='bbox 792 1252 824 1321; x_wconf 89' lang='grc' dir='ltr'><strong><em>δ’</em></strong></span> <span class='ocrx_word' id='word_1_93' title='bbox 846 1253 926 1339; x_wconf 76' lang='grc' dir='ltr'><strong><em>ἐγώ·</em></strong></span> <span class='ocrx_word' id='word_1_94' title='bbox 955 1251 1096 1337; x_wconf 90' lang='grc' dir='ltr'><strong><em>ἀλογίαν</em></strong></span> 
     </span>
     <span class='ocr_line' id='line_1_12' title="bbox 86 1345 1094 1438; baseline -0.005 -18"><span class='ocrx_word' id='word_1_95' title='bbox 86 1351 166 1438; x_wconf 82' lang='grc' dir='ltr'><strong><em>ἡμίν</em></strong></span> <span class='ocrx_word' id='word_1_96' title='bbox 182 1353 361 1432; x_wconf 80' lang='grc' dir='ltr'><strong><em>ἐπιτάττεις</em></strong></span> <span class='ocrx_word' id='word_1_97' title='bbox 378 1352 422 1431; x_wconf 84' lang='grc' dir='ltr'><strong><em>όις</em></strong></span> <span class='ocrx_word' id='word_1_98' title='bbox 437 1350 593 1437; x_wconf 81' lang='grc' dir='ltr'><strong><em>ἀστόμοις</em></strong></span> <span class='ocrx_word' id='word_1_99' title='bbox 605 1345 681 1419; x_wconf 85' lang='grc' dir='ltr'><strong><em>ούσι</em></strong></span> <span class='ocrx_word' id='word_1_100' title='bbox 695 1354 749 1420; x_wconf 85' lang='grc' dir='ltr'><strong><em>καλ</em></strong></span> <span class='ocrx_word' id='word_1_101' title='bbox 760 1349 1094 1437; x_wconf 69' lang='grc' dir='ltr'><strong><em>ἀπεγλωττισμένοιςς</em></strong></span> 
     </span>
     <span class='ocr_line' id='line_1_13' title="bbox 87 1442 1097 1538; baseline -0.007 -22"><span class='ocrx_word' id='word_1_102' title='bbox 87 1452 158 1535; x_wconf 84' lang='grc' dir='ltr'><strong><em>ε’μολ</em></strong></span> <span class='ocrx_word' id='word_1_103' title='bbox 175 1449 212 1516; x_wconf 73' lang='grc' dir='ltr'><strong><em>δὲ</em></strong></span> <span class='ocrx_word' id='word_1_104' title='bbox 225 1448 384 1535; x_wconf 80' lang='grc' dir='ltr'><strong><em>ἡγλεόττά</em></strong></span> <span class='ocrx_word' id='word_1_105' title='bbox 395 1476 430 1517; x_wconf 89' lang='grc' dir='ltr'><strong><em>τε</em></strong></span> <span class='ocrx_word' id='word_1_106' title='bbox 440 1449 504 1536; x_wconf 79' lang='grc' dir='ltr'><strong><em>ἤδη</em></strong></span> <span class='ocrx_word' id='word_1_107' title='bbox 518 1457 603 1538; x_wconf 75' lang='grc' dir='ltr'><strong><em>λογᾷ</em></strong></span> <span class='ocrx_word' id='word_1_108' title='bbox 613 1451 669 1516; x_wconf 86' lang='grc' dir='ltr'><strong><em>καλ</em></strong></span> <span class='ocrx_word' id='word_1_109' title='bbox 680 1447 719 1535; x_wconf 79' lang='grc' dir='ltr'><strong><em>δη</em></strong></span> <span class='ocrx_word' id='word_1_110' title='bbox 737 1447 912 1536; x_wconf 89' lang='grc' dir='ltr'><strong><em>ἀνηγόμην</em></strong></span> <span class='ocrx_word' id='word_1_111' title='bbox 925 1471 964 1531; x_wconf 90' lang='grc' dir='ltr'><strong><em>γε</em></strong></span> <span class='ocrx_word' id='word_1_112' title='bbox 980 1442 1024 1522; x_wconf 80' lang='grc' dir='ltr'><strong><em>ὡς</em></strong></span> <span class='ocrx_word' id='word_1_113' title='bbox 1035 1442 1097 1528; x_wconf 89' lang='grc' dir='ltr'><strong><em>ἀρ-</em></strong></span> 
     </span>
     <span class='ocr_line' id='line_1_14' title="bbox 86 1541 1096 1634; baseline -0.008 -21"><span class='ocrx_word' id='word_1_114' title='bbox 86 1547 313 1633; x_wconf 78' lang='grc' dir='ltr'><strong><em>χαιολογήσων</em></strong></span> <span class='ocrx_word' id='word_1_115' title='bbox 330 1546 410 1634; x_wconf 78' lang='grc' dir='ltr'><strong><em>ὑμῖν</em></strong></span> <span class='ocrx_word' id='word_1_116' title='bbox 421 1551 474 1615; x_wconf 83' lang='grc' dir='ltr'><strong><em>καλ</em></strong></span> <span class='ocrx_word' id='word_1_117' title='bbox 489 1553 684 1626; x_wconf 80' lang='grc' dir='ltr'><strong><em>κατανίψων</em></strong></span> <span class='ocrx_word' id='word_1_118' title='bbox 698 1543 763 1613; x_wconf 85' lang='grc' dir='ltr'><strong><em>ἀπό</em></strong></span> <span class='ocrx_word' id='word_1_119' title='bbox 775 1545 922 1630; x_wconf 74' lang='grc' dir='ltr'><strong><em>γλώττης</em></strong></span> <span class='ocrx_word' id='word_1_120' title='bbox 937 1541 1096 1618; x_wconf 81' lang='grc' dir='ltr'><strong><em>ἅπαντας.</em></strong></span> 
     </span>
     <span class='ocr_line' id='line_1_15' title="bbox 86 1639 1097 1731; baseline -0.003 -22"><span class='ocrx_word' id='word_1_121' title='bbox 86 1642 170 1712; x_wconf 88' lang='grc' dir='ltr'><strong><em>ἀλλά</em></strong></span> <span class='ocrx_word' id='word_1_122' title='bbox 179 1643 222 1711; x_wconf 83' lang='grc' dir='ltr'><strong><em>σύ</em></strong></span> <span class='ocrx_word' id='word_1_123' title='bbox 232 1642 268 1712; x_wconf 86' lang='grc' dir='ltr'><strong><em>τὸ</em></strong></span> <span class='ocrx_word' id='word_1_124' title='bbox 281 1644 399 1731; x_wconf 86' lang='grc' dir='ltr'><strong><em>όμοιον</em></strong></span> <span class='ocrx_word' id='word_1_125' title='bbox 412 1645 555 1730; x_wconf 75' lang='grc' dir='ltr'><strong><em>εἰργάσω</em></strong></span> <span class='ocrx_word' id='word_1_126' title='bbox 566 1669 607 1728; x_wconf 88' lang='grc' dir='ltr'><strong><em>με</em></strong></span> <span class='ocrx_word' id='word_1_127' title='bbox 620 1642 730 1727; x_wconf 81' lang='grc' dir='ltr'><strong><em>όόσπερ</em></strong></span> <span class='ocrx_word' id='word_1_128' title='bbox 743 1653 777 1711; x_wconf 80' lang='grc' dir='ltr'><strong><em>ελ</em></strong></span> <span class='ocrx_word' id='word_1_129' title='bbox 782 1670 831 1722; x_wconf 89' lang='grc' dir='ltr'><strong><em>τις</em></strong></span> <span class='ocrx_word' id='word_1_130' title='bbox 842 1640 969 1710; x_wconf 77' lang='grc' dir='ltr'><strong><em>ὁλκάδα</em></strong></span> <span class='ocrx_word' id='word_1_131' title='bbox 979 1639 1097 1725; x_wconf 89' lang='grc' dir='ltr'><strong><em>τριάρ-</em></strong></span> 
     </span>
     <span class='ocr_line' id='line_1_16' title="bbox 87 1735 1142 1830; baseline -0.007 -23"><span class='ocrx_word' id='word_1_132' title='bbox 87 1766 192 1827; x_wconf 92' lang='grc' dir='ltr'><strong><em>μενον</em></strong></span> <span class='ocrx_word' id='word_1_133' title='bbox 204 1745 241 1807; x_wconf 85' lang='grc' dir='ltr'><strong><em>ἐν</em></strong></span> <span class='ocrx_word' id='word_1_134' title='bbox 253 1739 356 1830; x_wconf 82' lang='grc' dir='ltr'><strong><em>ούρίςο</em></strong></span> <span class='ocrx_word' id='word_1_135' title='bbox 368 1744 545 1825; x_wconf 79' lang='grc' dir='ltr'><strong><em>πλέουσαν,</em></strong></span> <span class='ocrx_word' id='word_1_136' title='bbox 559 1741 926 1826; x_wconf 81' lang='grc' dir='ltr'><strong><em>ἐμπεπνευματωμένου</em></strong></span> <span class='ocrx_word' id='word_1_137' title='bbox 937 1745 999 1804; x_wconf 87' lang='grc' dir='ltr'><strong><em>τού</em></strong></span> <span class='ocrx_word' id='word_1_138' title='bbox 1012 1735 1096 1803; x_wconf 91' lang='grc' dir='ltr'><strong><em>ἀκα-</em></strong></span> <span class='ocrx_word' id='word_1_139' title='bbox 1140 1796 1142 1799; x_wconf 90' lang='grc'>.</span> 
     </span>
     <span class='ocr_line' id='line_1_17' title="bbox 85 1835 1096 1924; baseline -0.007 -18"><span class='ocrx_word' id='word_1_140' title='bbox 85 1845 170 1923; x_wconf 88' lang='grc' dir='ltr'><strong><em>τίου,</em></strong></span> <span class='ocrx_word' id='word_1_141' title='bbox 188 1836 403 1924; x_wconf 81' lang='grc' dir='ltr'><strong><em>εὐφοροῦσάν</em></strong></span> <span class='ocrx_word' id='word_1_142' title='bbox 414 1865 448 1906; x_wconf 93' lang='grc' dir='ltr'><strong><em>τε</em></strong></span> <span class='ocrx_word' id='word_1_143' title='bbox 460 1841 515 1907; x_wconf 86' lang='grc' dir='ltr'><strong><em>καλ</em></strong></span> <span class='ocrx_word' id='word_1_144' title='bbox 526 1839 839 1923; x_wconf 85' lang='grc' dir='ltr'><strong><em>ἀκροκυματοῦσαν,</em></strong></span> <span class='ocrx_word' id='word_1_145' title='bbox 856 1835 994 1919; x_wconf 83' lang='grc' dir='ltr'><strong><em>ἕκτοράς</em></strong></span> <span class='ocrx_word' id='word_1_146' title='bbox 1003 1859 1096 1909; x_wconf 92' lang='grc' dir='ltr'><strong><em>τινας</em></strong></span> 
     </span>
     <span class='ocr_line' id='line_1_18' title="bbox 88 1932 1096 2024; baseline -0.009 -20"><span class='ocrx_word' id='word_1_147' title='bbox 88 1935 319 2023; x_wconf 83' lang='grc' dir='ltr'><strong><em>ἀμφιστόμους</em></strong></span> <span class='ocrx_word' id='word_1_148' title='bbox 333 1939 387 2006; x_wconf 87' lang='grc' dir='ltr'><strong><em>καλ</em></strong></span> <span class='ocrx_word' id='word_1_149' title='bbox 404 1937 538 2024; x_wconf 78' lang='grc' dir='ltr'><strong><em>ἰσχάδας</em></strong></span> <span class='ocrx_word' id='word_1_150' title='bbox 559 1939 697 2019; x_wconf 78' lang='grc' dir='ltr'><strong><em>σιδηρᾶς</em></strong></span> <span class='ocrx_word' id='word_1_151' title='bbox 713 1932 809 2019; x_wconf 84' lang='grc' dir='ltr'><strong><em>ἀφεὶς</em></strong></span> <span class='ocrx_word' id='word_1_152' title='bbox 825 1935 879 1999; x_wconf 85' lang='grc' dir='ltr'><strong><em>καλ</em></strong></span> <span class='ocrx_word' id='word_1_153' title='bbox 894 1935 1096 2006; x_wconf 84' lang='grc' dir='ltr'><strong><em>ναυσιπέδας</em></strong></span> 
     </span>
     <span class='ocr_line' id='line_1_19' title="bbox 89 2026 1095 2121; baseline -0.008 -21"><span class='ocrx_word' id='word_1_154' title='bbox 89 2032 287 2119; x_wconf 79' lang='grc' dir='ltr'><strong><em>ἀναχαιτίζοι</em></strong></span> <span class='ocrx_word' id='word_1_155' title='bbox 304 2042 364 2102; x_wconf 87' lang='grc' dir='ltr'><strong><em>τοῦ</em></strong></span> <span class='ocrx_word' id='word_1_156' title='bbox 376 2035 506 2120; x_wconf 90' lang='grc' dir='ltr'><strong><em>δρόμου</em></strong></span> <span class='ocrx_word' id='word_1_157' title='bbox 517 2030 554 2099; x_wconf 85' lang='grc' dir='ltr'><strong><em>τό</em></strong></span> <span class='ocrx_word' id='word_1_158' title='bbox 569 2032 692 2118; x_wconf 75' lang='grc' dir='ltr'><strong><em>ῥόθιον</em></strong></span> <span class='ocrx_word' id='word_1_159' title='bbox 703 2031 825 2121; x_wconf 77' lang='grc' dir='ltr'><strong><em>φθόνῳ</em></strong></span> <span class='ocrx_word' id='word_1_160' title='bbox 836 2036 894 2114; x_wconf 80' lang='grc' dir='ltr'><strong><em>τῆς</em></strong></span> <span class='ocrx_word' id='word_1_161' title='bbox 909 2026 1095 2114; x_wconf 80' lang='grc' dir='ltr'><strong><em>εὐηνεμίας.</em></strong></span> 
     </span>
     <span class='ocr_line' id='line_1_20' title="bbox 89 2125 1166 2218; baseline -0.012 -16"><span class='ocrx_word' id='word_1_162' title='bbox 89 2129 242 2218; x_wconf 81' lang='grc' dir='ltr'><strong><em>Οὐκοῦν,</em></strong></span> <span class='ocrx_word' id='word_1_163' title='bbox 260 2126 283 2218; x_wconf 79' lang='grc' dir='ltr'><em>ἦ</em></span> <span class='ocrx_word' id='word_1_164' title='bbox 298 2130 329 2199; x_wconf 88' lang='grc' dir='ltr'><strong><em>δ’</em></strong></span> <span class='ocrx_word' id='word_1_165' title='bbox 346 2132 399 2218; x_wconf 84' lang='grc' dir='ltr'><strong><em>ὅς,</em></strong></span> <span class='ocrx_word' id='word_1_166' title='bbox 416 2129 458 2200; x_wconf 83' lang='grc' dir='ltr'><strong><em>σύ</em></strong></span> <span class='ocrx_word' id='word_1_167' title='bbox 473 2134 552 2218; x_wconf 82' lang='grc' dir='ltr'><strong><em>μέν,</em></strong></span> <span class='ocrx_word' id='word_1_168' title='bbox 569 2135 599 2197; x_wconf 83' lang='grc' dir='ltr'><strong><em>εί</em></strong></span> <span class='ocrx_word' id='word_1_169' title='bbox 608 2129 740 2215; x_wconf 90' lang='grc' dir='ltr'><strong><em>βούλει,</em></strong></span> <span class='ocrx_word' id='word_1_170' title='bbox 755 2137 833 2196; x_wconf 79' lang='grc' dir='ltr'><strong><em>πλεῖ</em></strong></span> <span class='ocrx_word' id='word_1_171' title='bbox 843 2127 898 2193; x_wconf 85' lang='grc' dir='ltr'><strong><em>καλ</em></strong></span> <span class='ocrx_word' id='word_1_172' title='bbox 913 2125 1028 2191; x_wconf 81' lang='grc' dir='ltr'><strong><em>νεῐκαλ</em></strong></span> <span class='ocrx_word' id='word_1_173' title='bbox 1040 2132 1099 2189; x_wconf 81' lang='grc' dir='ltr'><strong><em>θεῖ</em></strong></span> <span class='ocrx_word' id='word_1_174' title='bbox 1113 2136 1166 2190; x_wconf 65' lang='lat'><strong><em>342</em></strong></span> 
     </span>
     <span class='ocr_line' id='line_1_21' title="bbox 87 2219 1097 2316; baseline -0.016 -15"><span class='ocrx_word' id='word_1_175' title='bbox 87 2232 170 2301; x_wconf 83' lang='grc' dir='ltr'><strong><em>κατὰ</em></strong></span> <span class='ocrx_word' id='word_1_176' title='bbox 184 2239 245 2300; x_wconf 87' lang='grc' dir='ltr'><strong><em>τοῦ</em></strong></span> <span class='ocrx_word' id='word_1_177' title='bbox 262 2233 448 2315; x_wconf 89' lang='grc' dir='ltr'><strong><em>κλύδωνος,</em></strong></span> <span class='ocrx_word' id='word_1_178' title='bbox 472 2226 536 2316; x_wconf 82' lang='grc' dir='ltr'><strong><em>ε’γώ</em></strong></span> <span class='ocrx_word' id='word_1_179' title='bbox 553 2227 590 2296; x_wconf 72' lang='grc' dir='ltr'><strong><em>δὲ</em></strong></span> <span class='ocrx_word' id='word_1_180' title='bbox 607 2225 764 2313; x_wconf 79' lang='grc' dir='ltr'><strong><em>ἀπόγειος</em></strong></span> <span class='ocrx_word' id='word_1_181' title='bbox 777 2232 885 2294; x_wconf 89' lang='grc' dir='ltr'><strong><em>πίνων</em></strong></span> <span class='ocrx_word' id='word_1_182' title='bbox 899 2221 967 2308; x_wconf 86' lang='grc' dir='ltr'><strong><em>ἀμα</em></strong></span> <span class='ocrx_word' id='word_1_183' title='bbox 986 2219 1097 2306; x_wconf 75' lang='grc' dir='ltr'><strong><em>ὥσπερ</em></strong></span> 
     </span>
    </p>

    <p class='ocr_par' dir='ltr' id='par_1_4' title="bbox 87 2317 1097 2610">
     <span class='ocr_line' id='line_1_22' title="bbox 88 2317 1096 2416; baseline -0.015 -17"><span class='ocrx_word' id='word_1_184' title='bbox 88 2329 105 2399; x_wconf 91' lang='grc' dir='ltr'>ὁ</span> <span class='ocrx_word' id='word_1_185' title='bbox 121 2339 182 2398; x_wconf 85' lang='grc' dir='ltr'><strong><em>τοῦ</em></strong></span> <span class='ocrx_word' id='word_1_186' title='bbox 201 2328 350 2416; x_wconf 80' lang='grc' dir='ltr'><strong><em>Ὀμήρου</em></strong></span> <span class='ocrx_word' id='word_1_187' title='bbox 365 2327 450 2407; x_wconf 81' lang='grc' dir='ltr'><strong><em>Ζεὺς</em></strong></span> <span class='ocrx_word' id='word_1_188' title='bbox 464 2324 485 2414; x_wconf 74' lang='grc' dir='ltr'><strong><em>ἢ</em></strong></span> <span class='ocrx_word' id='word_1_189' title='bbox 501 2325 566 2394; x_wconf 83' lang='grc' dir='ltr'><strong><em>ἀπὸ</em></strong></span> <span class='ocrx_word' id='word_1_190' title='bbox 582 2329 767 2414; x_wconf 90' lang='grc' dir='ltr'><strong><em>φαλάκρων</em></strong></span> <span class='ocrx_word' id='word_1_191' title='bbox 780 2321 802 2412; x_wconf 81' lang='grc' dir='ltr'><em>ἢ</em></span> <span class='ocrx_word' id='word_1_192' title='bbox 819 2321 885 2390; x_wconf 82' lang='grc' dir='ltr'><strong><em>ἀπό</em></strong></span> <span class='ocrx_word' id='word_1_193' title='bbox 900 2328 958 2408; x_wconf 81' lang='grc' dir='ltr'><strong><em>της</em></strong></span> <span class='ocrx_word' id='word_1_194' title='bbox 972 2317 1096 2400; x_wconf 91' lang='grc' dir='ltr'><strong><em>ἀκρου-</em></strong></span> 
     </span>
     <span class='ocr_line' id='line_1_23' title="bbox 88 2420 1097 2516; baseline -0.013 -19"><span class='ocrx_word' id='word_1_195' title='bbox 88 2437 167 2516; x_wconf 88' lang='grc' dir='ltr'><strong><em>ρανί</em></strong></span> <span class='ocrx_word' id='word_1_196' title='bbox 166 2456 204 2507; x_wconf 92' lang='grc' dir='ltr'><strong><em>ας</em></strong></span> <span class='ocrx_word' id='word_1_197' title='bbox 219 2427 342 2513; x_wconf 80' lang='grc' dir='ltr'><strong><em>ὄψομαι</em></strong></span> <span class='ocrx_word' id='word_1_198' title='bbox 352 2425 599 2513; x_wconf 85' lang='grc' dir='ltr'><strong><em>διαφερόμενόν</em></strong></span> <span class='ocrx_word' id='word_1_199' title='bbox 609 2428 650 2493; x_wconf 85' lang='grc' dir='ltr'><strong><em>σε’</em></strong></span> <span class='ocrx_word' id='word_1_200' title='bbox 657 2452 693 2493; x_wconf 87' lang='grc' dir='ltr'><strong><em>τε</em></strong></span> <span class='ocrx_word' id='word_1_201' title='bbox 703 2427 758 2494; x_wconf 87' lang='grc' dir='ltr'><strong><em>καλ</em></strong></span> <span class='ocrx_word' id='word_1_202' title='bbox 769 2423 831 2511; x_wconf 77' lang='grc' dir='ltr'><strong><em>τὴν</em></strong></span> <span class='ocrx_word' id='word_1_203' title='bbox 842 2429 931 2490; x_wconf 85' lang='grc' dir='ltr'><strong><em>ναόν</em></strong></span> <span class='ocrx_word' id='word_1_204' title='bbox 941 2420 1097 2506; x_wconf 93' lang='grc' dir='ltr'><strong><em>πρύμνη-</em></strong></span> 
     </span>
     <span class='ocr_line' id='line_1_24' title="bbox 87 2523 777 2610; baseline -0.007 -15"><span class='ocrx_word' id='word_1_205' title='bbox 87 2538 152 2595; x_wconf 92' lang='grc' dir='ltr'><strong><em>θεν</em></strong></span> <span class='ocrx_word' id='word_1_206' title='bbox 168 2524 234 2594; x_wconf 86' lang='grc' dir='ltr'><strong><em>ἀπό</em></strong></span> <span class='ocrx_word' id='word_1_207' title='bbox 251 2552 312 2593; x_wconf 93' lang='grc' dir='ltr'><strong><em>του</em></strong></span> <span class='ocrx_word' id='word_1_208' title='bbox 298 2523 454 2610; x_wconf 81' lang='grc' dir='ltr'><strong><em>ἀνέμου</em></strong></span> <span class='ocrx_word' id='word_1_209' title='bbox 470 2528 752 2610; x_wconf 79' lang='grc' dir='ltr'><strong><em>κατουρουμένην.</em></strong></span> <span class='ocrx_word' id='word_1_210' title='bbox 756 2532 777 2565; x_wconf 85' lang='grc'><strong>“</strong></span> 
     </span>
    </p>

    <p class='ocr_par' dir='ltr' id='par_1_5' title="bbox 85 2615 1098 3301">
     <span class='ocr_line' id='line_1_25' title="bbox 173 2615 1098 2720; baseline -0.011 -28"><span class='ocrx_word' id='word_1_211' title='bbox 173 2631 223 2692; x_wconf 87' lang='grc'><strong><em>16</em></strong></span> <span class='ocrx_word' id='word_1_212' title='bbox 238 2630 337 2692; x_wconf 72' lang='grc' dir='ltr'><em>ΛΤΚ.</em></span> <span class='ocrx_word' id='word_1_213' title='bbox 348 2621 449 2720; x_wconf 62' lang='grc' dir='ltr'><strong><em>ᾼλις,</em></strong></span> <span class='ocrx_word' id='word_1_214' title='bbox 461 2615 686 2708; x_wconf 85' lang='grc' dir='ltr'><strong><em>ωΛεξίφανες,</em></strong></span> <span class='ocrx_word' id='word_1_215' title='bbox 697 2624 751 2690; x_wconf 87' lang='grc' dir='ltr'><strong><em>καλ</em></strong></span> <span class='ocrx_word' id='word_1_216' title='bbox 763 2646 867 2689; x_wconf 89' lang='grc' dir='ltr'><strong><em>ποτου</em></strong></span> <span class='ocrx_word' id='word_1_217' title='bbox 855 2617 1098 2746; x_wconf 74' lang='grc' dir='ltr'><strong><em>’καλάγαγνοό-</em></strong></span> 
     </span>
     <span class='ocr_line' id='line_1_26' title="bbox 89 2720 1097 2835; baseline -0.008 -45"><span class='ocrx_word' id='word_1_218' title='bbox 89 2747 184 2801; x_wconf 91' lang='grc' dir='ltr'><strong><em>σεως.</em></strong></span> <span class='ocrx_word' id='word_1_219' title='bbox 216 2720 280 2808; x_wconf 77' lang='grc' dir='ltr'><strong><em>ἐγω</em></strong></span> <span class='ocrx_word' id='word_1_220' title='bbox 301 2728 387 2807; x_wconf 84' lang='grc' dir='ltr'><strong><em>γοῦν</em></strong></span> <span class='ocrx_word' id='word_1_221' title='bbox 407 2721 471 2809; x_wconf 82' lang='grc' dir='ltr'><strong><em>ἤδη</em></strong></span> <span class='ocrx_word' id='word_1_222' title='bbox 488 2721 605 2807; x_wconf 86' lang='grc' dir='ltr'><strong><em>μεθύω</em></strong></span> <span class='ocrx_word' id='word_1_223' title='bbox 625 2740 679 2787; x_wconf 95' lang='grc' dir='ltr'><strong><em>σοι</em></strong></span> <span class='ocrx_word' id='word_1_224' title='bbox 694 2721 750 2787; x_wconf 85' lang='grc' dir='ltr'><strong><em>καλ</em></strong></span> <span class='ocrx_word' id='word_1_225' title='bbox 770 2745 896 2786; x_wconf 91' lang='grc' dir='ltr'><strong><em>ναυτιω</em></strong></span> <span class='ocrx_word' id='word_1_226' title='bbox 917 2720 973 2785; x_wconf 81' lang='grc' dir='ltr'><strong><em>καὶ</em></strong></span> <span class='ocrx_word' id='word_1_227' title='bbox 991 2743 1035 2801; x_wconf 93' lang='grc' dir='ltr'><strong><em>ην</em></strong></span> <span class='ocrx_word' id='word_1_228' title='bbox 1051 2742 1097 2835; x_wconf 83' lang='grc' dir='ltr'><strong><em>μη</em></strong></span> 
     </span>
     <span class='ocr_line' id='line_1_27' title="bbox 85 2806 1097 2934; baseline -0.013 -44"><span class='ocrx_word' id='word_1_229' title='bbox 85 2824 223 2907; x_wconf 84' lang='grc' dir='ltr'><strong><em>τάχιστα</em></strong></span> <span class='ocrx_word' id='word_1_230' title='bbox 239 2823 378 2907; x_wconf 82' lang='grc' dir='ltr'><strong><em>ἐξεμέσω</em></strong></span> <span class='ocrx_word' id='word_1_231' title='bbox 401 2820 510 2888; x_wconf 92' lang='grc' dir='ltr'><strong><em>πάντα</em></strong></span> <span class='ocrx_word' id='word_1_232' title='bbox 530 2826 633 2887; x_wconf 85' lang='grc' dir='ltr'><strong><em>ταῦτα</em></strong></span> <span class='ocrx_word' id='word_1_233' title='bbox 652 2815 760 2885; x_wconf 85' lang='grc' dir='ltr'><strong><em>ὁπόσα</em></strong></span> <span class='ocrx_word' id='word_1_234' title='bbox 781 2816 1035 2934; x_wconf 83' lang='grc' dir='ltr'><strong><em>διεξελήλυθας,</em></strong></span> <span class='ocrx_word' id='word_1_235' title='bbox 1058 2806 1097 2878; x_wconf 89' lang='grc' dir='ltr'><strong><em>εύ</em></strong></span> 
     </span>
     <span class='ocr_line' id='line_1_28' title="bbox 88 2909 1098 3005; baseline -0.012 -17"><span class='ocrx_word' id='word_1_236' title='bbox 88 2929 179 3005; x_wconf 81' lang='grc' dir='ltr'><strong><em>δσθι,</em></strong></span> <span class='ocrx_word' id='word_1_237' title='bbox 195 2916 473 3005; x_wconf 83' lang='grc' dir='ltr'><strong><em>κορυβαντιάσειν</em></strong></span> <span class='ocrx_word' id='word_1_238' title='bbox 484 2945 539 3004; x_wconf 90' lang='grc' dir='ltr'><strong><em>μοι</em></strong></span> <span class='ocrx_word' id='word_1_239' title='bbox 551 2922 640 2984; x_wconf 90' lang='grc' dir='ltr'><strong><em>δοκω</em></strong></span> <span class='ocrx_word' id='word_1_240' title='bbox 651 2914 958 3002; x_wconf 81' lang='grc' dir='ltr'><strong><em>περιβομβούμενος</em></strong></span> <span class='ocrx_word' id='word_1_241' title='bbox 972 2909 1035 2996; x_wconf 82' lang='grc' dir='ltr'><strong><em>ὑφ’</em></strong></span> <span class='ocrx_word' id='word_1_242' title='bbox 1048 2936 1098 2976; x_wconf 91' lang='grc' dir='ltr'><strong><em>ων</em></strong></span> 
     </span>
     <span class='ocr_line' id='line_1_29' title="bbox 87 3009 1098 3102; baseline -0.011 -16"><span class='ocrx_word' id='word_1_243' title='bbox 87 3015 331 3093; x_wconf 84' lang='grc' dir='ltr'><strong><em>κατεσκέδασάς</em></strong></span> <span class='ocrx_word' id='word_1_244' title='bbox 348 3041 415 3101; x_wconf 89' lang='grc' dir='ltr'><strong><em>μου</em></strong></span> <span class='ocrx_word' id='word_1_245' title='bbox 430 3012 614 3102; x_wconf 85' lang='grc' dir='ltr'><strong><em>ὀνομάτων.</em></strong></span> <span class='ocrx_word' id='word_1_246' title='bbox 639 3019 747 3080; x_wconf 89' lang='grc' dir='ltr'><strong><em>καίτοι</em></strong></span> <span class='ocrx_word' id='word_1_247' title='bbox 761 3009 797 3078; x_wconf 83' lang='grc' dir='ltr'><strong><em>τὸ</em></strong></span> <span class='ocrx_word' id='word_1_248' title='bbox 815 3014 878 3097; x_wconf 77' lang='grc' dir='ltr'><strong><em>μὲν</em></strong></span> <span class='ocrx_word' id='word_1_249' title='bbox 893 3016 1027 3091; x_wconf 81' lang='grc' dir='ltr'><strong><em>πρῶτον</em></strong></span> <span class='ocrx_word' id='word_1_250' title='bbox 1041 3034 1098 3094; x_wconf 87' lang='grc' dir='ltr'><strong><em>γε·</em></strong></span> 
     </span>
     <span class='ocr_line' id='line_1_30' title="bbox 87 3105 1098 3202; baseline -0.01 -19"><span class='ocrx_word' id='word_1_251' title='bbox 87 3124 151 3186; x_wconf 82' lang='grc' dir='ltr'><strong><em>λᾶν</em></strong></span> <span class='ocrx_word' id='word_1_252' title='bbox 172 3115 265 3202; x_wconf 81' lang='grc' dir='ltr'><strong><em>ἐπῄει</em></strong></span> <span class='ocrx_word' id='word_1_253' title='bbox 287 3140 343 3200; x_wconf 95' lang='grc' dir='ltr'><strong><em>μοι</em></strong></span> <span class='ocrx_word' id='word_1_254' title='bbox 364 3111 417 3180; x_wconf 79' lang='grc' dir='ltr'><strong><em>ἐπ’</em></strong></span> <span class='ocrx_word' id='word_1_255' title='bbox 440 3111 566 3197; x_wconf 80' lang='grc' dir='ltr'><strong><em>αὐτοῖς,</em></strong></span> <span class='ocrx_word' id='word_1_256' title='bbox 593 3109 705 3196; x_wconf 81' lang='grc' dir='ltr'><strong><em>ἐπειδη</em></strong></span> <span class='ocrx_word' id='word_1_257' title='bbox 727 3111 764 3176; x_wconf 70' lang='grc' dir='ltr'><strong><em>δὲ</em></strong></span> <span class='ocrx_word' id='word_1_258' title='bbox 786 3105 892 3177; x_wconf 84' lang='grc' dir='ltr'><strong><em>πολλά</em></strong></span> <span class='ocrx_word' id='word_1_259' title='bbox 913 3110 967 3174; x_wconf 87' lang='grc' dir='ltr'><strong><em>καλ</em></strong></span> <span class='ocrx_word' id='word_1_260' title='bbox 988 3107 1098 3174; x_wconf 88' lang='grc' dir='ltr'><strong><em>πάντα</em></strong></span> 
     </span>
     <span class='ocr_line' id='line_1_31' title="bbox 88 3205 1098 3301; baseline -0.011 -19"><span class='ocrx_word' id='word_1_261' title='bbox 88 3214 187 3301; x_wconf 85' lang='grc' dir='ltr'><strong><em>όμοια</em></strong></span> <span class='ocrx_word' id='word_1_262' title='bbox 202 3239 264 3299; x_wconf 94' lang='grc' dir='ltr'><strong><em>ην,</em></strong></span> <span class='ocrx_word' id='word_1_263' title='bbox 282 3210 405 3298; x_wconf 78' lang='grc' dir='ltr'><strong><em>ηλέουν</em></strong></span> <span class='ocrx_word' id='word_1_264' title='bbox 421 3232 458 3278; x_wconf 85' lang='grc' dir='ltr'><strong><em>σε</em></strong></span> <span class='ocrx_word' id='word_1_265' title='bbox 476 3237 533 3297; x_wconf 94' lang='grc' dir='ltr'><strong><em>της</em></strong></span> <span class='ocrx_word' id='word_1_266' title='bbox 552 3205 838 3295; x_wconf 68' lang='grc' dir='ltr'><strong><em>κακοδαιμονίας’</em></strong></span> <span class='ocrx_word' id='word_1_267' title='bbox 825 3232 976 3291; x_wconf 90' lang='grc' dir='ltr'><strong><em>ορων</em></strong></span> <span class='ocrx_word' id='word_1_268' title='bbox 930 3211 961 3272; x_wconf 89' lang='grc' dir='ltr'><strong><em>ε</em></strong></span> <span class='ocrx_word' id='word_1_269' title='bbox 960 3206 1098 3294; x_wconf 90' lang='grc' dir='ltr'><strong><em>ςλαβύ-</em></strong></span> 
     </span>
    </p>
   </div>
   <div class='ocr_carea' id='block_1_4' title="bbox 89 3393 1098 3559">
    <p class='ocr_par' dir='ltr' id='par_1_6' title="bbox 89 3393 1098 3559">
     <span class='ocr_line' id='line_1_32' title="bbox 89 3393 1098 3558; baseline -0.011 -79"><span class='ocrx_word' id='word_1_270' title='bbox 89 3419 264 3497; x_wconf 90' lang='grc' dir='ltr'><strong><em>μεγίστην,</em></strong></span> <span class='ocrx_word' id='word_1_271' title='bbox 255 3416 410 3558; x_wconf 68' lang='grc' dir='ltr'><strong><em>,μγΙῖλλον</em></strong></span> <span class='ocrx_word' id='word_1_272' title='bbox 425 3408 462 3476; x_wconf 72' lang='grc' dir='ltr'><strong><em>δὲ</em></strong></span> <span class='ocrx_word' id='word_1_273' title='bbox 477 3412 743 3495; x_wconf 83' lang='grc' dir='ltr'><strong><em>μελαγχολῶντα</em></strong></span> <span class='ocrx_word' id='word_1_274' title='bbox 773 3408 822 3472; x_wconf 82' lang='lat'><strong><em>17.</em></strong></span> <span class='ocrx_word' id='word_1_275' title='bbox 839 3393 1001 3551; x_wconf 61' lang='grc' dir='ltr'><strong><em>ζητωΙρύν</em></strong></span> <span class='ocrx_word' id='word_1_276' title='bbox 1015 3400 1098 3487; x_wconf 85' lang='grc' dir='ltr'><strong><em>πρὸς</em></strong></span> 
     </span>
     <span class='ocr_line' id='line_1_33' title="bbox 174 3521 279 3559; baseline -0.021 0"><span class='ocrx_word' id='word_1_277' title='bbox 174 3521 279 3559; x_wconf 71' lang='grc' dir='ltr'><strong>[ἨΟΙΑΝ.</strong></span> 
     </span>
    </p>
   </div>
   <div class='ocr_carea' id='block_1_5' title="bbox 0 0 1296 3842">
    <p class='ocr_par' dir='ltr' id='par_1_7' title="bbox 0 0 1296 3842">
     <span class='ocr_line' id='line_1_34' title="bbox 0 0 1296 3842; baseline 0 0"><span class='ocrx_word' id='word_1_278' title='bbox 0 0 1296 3842; x_wconf 95' lang='lat' dir='ltr'><strong><em> </em></strong></span> 
     </span>
    </p>
   </div>
  </div>
 </body>
</html>
