2575 3842
168 157 231 220 246
529 157 817 216 AOTKIANOY

168 313 212 384 ἀν
226 320 319 384 παιδὶ
332 316 430 402 μήπω
443 314 640 404 ἡβάσκοντι,
658 313 741 403 ἡδύς
752 319 806 385 καὶ
817 313 987 403 προσηνής
997 319 1052 384 καὶ
1062 318 1178 401 πράως
1278 364 1279 381 ,

168 412 423 498 παραδυόμενος
439 416 471 491 ές
488 412 549 499 τήν
566 409 688 499 ἀκοήν,
710 410 755 491 ὥς
774 416 829 481 καὶ
845 415 1061 500 παυσαμένης
1075 419 1178 482 έναυ-

169 523 230 582 λον
242 511 326 580 εἶναι
337 509 399 598 τήν
409 509 495 598 βοήν
506 517 564 578 καί
572 537 602 578 τι
613 517 774 592 λείψανον
785 513 1005 598 ἐνδιατρίβειν
1015 513 1071 579 καὶ
1081 537 1177 599 περι·
1279 538 1280 557 ³

168 615 307 698 βομβείν
323 607 362 676 τά
382 602 448 676 εἶτα
471 608 624 693 καθάπερ
646 608 714 695 ήχά
733 635 807 677 τινα
827 615 1096 692 παρατείνουσαν
1115 606 1178 695 τήν
1280 612 1281 641 ³

168 707 332 792 ἀκρόασιν
345 711 400 776 καὶ
417 717 491 792 ίχνη
507 713 575 774 τῶν
592 707 703 792 λόγων
718 704 855 793 μελιχρὰ
870 705 951 773 ἀττα
967 709 1023 774 καί
1037 712 1178 783 πειθοῦς

168 802 270 891 μεστά
289 807 340 872 ἐπὶ
356 811 413 890 τῆς
427 811 532 896 ψυχῆς
547 803 855 888 ἀπολιμπάνουσαν.
880 801 1006 872 ὁπόταν
1021 805 1056 872 δὲ
1071 806 1126 871 καὶ
1138 799 1176 869 τό

100 909 151 965 472
170 901 274 972 καλὸν
291 905 398 970 έκεῖνο
413 899 492 990 ᾅδη,
514 904 569 969 καὶ
580 902 723 987 μάλιστα
740 899 825 987 πρός
837 899 901 989 τήν
915 902 1078 991 κιθάραν,
1102 901 1178 968 τότε

169 999 210 1086 δή
225 999 299 1066 τότε
315 996 385 1083 ῦρα
401 999 463 1083 μὲν
478 1004 609 1064 σιωπᾶν
623 998 759 1085 τάχιστα
770 996 911 1066 ἀλκυόσι
925 1000 980 1068 καὶ
993 1002 1109 1079 τέττιξι
1122 999 1178 1066 καὶ

168 1112 236 1176 τοῖς
251 1096 401 1174 κύκνοις·
424 1093 555 1181 ἀμουσα
568 1093 633 1181 γάρ
647 1093 691 1173 ὡς
704 1095 789 1181 πρὸς
800 1099 931 1183 έκείνην
942 1094 1089 1164 ἅπαντα·
1111 1090 1177 1163 κάν

168 1193 230 1280 τήν
250 1197 439 1272 Πανδίονος
460 1201 568 1279 εἴπης,
592 1196 716 1270 ἰδιῶτις
736 1190 873 1280 κάκείνη
896 1196 952 1262 καὶ
971 1195 1123 1280 ἀτεχνος,
1149 1199 1180 1260 εί
1283 1270 1284 1275 1

168 1292 224 1360 καὶ
241 1293 407 1377 πολυηχέα
427 1287 488 1375 τήν
511 1287 631 1375 φωνήν
652 1288 799 1376 ἀφίησιν.
833 1297 883 1360 14.
908 1289 1050 1377 Ὀρφεύς
1068 1292 1178 1358 δὲκαὶ
1283 1280 1284 1319 ⁷

165 1388 332 1475 Ἀμφίων,
356 1391 451 1471 οἵπερ
469 1385 716 1473 ἐπαγωγότατοι
736 1390 889 1471 ἐγένοντο
910 1397 977 1457 των
991 1386 1176 1475 ἀκροατῶν,

170 1485 214 1565 ὡς
229 1489 283 1554 καλ
295 1482 334 1551 τά
350 1483 460 1570 ἀψυχα
473 1486 732 1553 ἐπικαλέσασθαι
745 1482 829 1566 πρός
839 1483 876 1552 τό
888 1489 1002 1576 μέλος,
1016 1484 1111 1554 αὐτοὶ
1122 1485 1176 1567 ἀν,
1242 1546 1246 1550 .

170 1583 277 1671 οἶμαι,
307 1591 339 1650 εί
363 1607 401 1666 γε
424 1580 594 1668 ήκουσαν,
622 1583 857 1660 καταλιπόντες
878 1579 923 1650 ἀν
949 1581 1008 1662 τάς
1033 1583 1178 1666 κιθάρας

170 1677 418 1763 παρεστήκεσαν
433 1685 541 1766 σιωπή
557 1676 781 1763 ἀκροώμενοι·
809 1677 847 1746 τό
864 1678 930 1765 γάρ
944 1688 1002 1766 τῆς
1020 1705 1056 1748 τε
1070 1679 1175 1766 ἁρμο-

169 1783 242 1852 νίας
255 1770 292 1841 τδ
308 1771 547 1861 ἀκριβέστατον
562 1776 815 1861 διαφυλάττειν,
840 1776 885 1856 ὡς
897 1775 942 1864 μή
957 1785 1177 1864 παραβαίνειν

169 1900 199 1940 τι
214 1877 276 1938 τοῦ
289 1873 442 1956 ῥυθμοῦ,
461 1869 535 1941 ἀλλ’
554 1870 697 1963 εὐκαίρῳ
713 1881 753 1960 τῇ
768 1872 862 1958 ἀρσει
879 1877 934 1944 καὶ
950 1879 1046 1943 θέσει
1060 1879 1177 1958 διαμε-

168 1976 353 2059 μετρῆσθαι
370 1967 407 2036 τό
428 1964 517 2059 ᾆσμα
535 1973 589 2038 καὶ
605 1968 761 2060 σννφδδν
778 1969 864 2038 εἶναι
878 1969 940 2058 τήν
955 1971 1105 2058 κιθάραν
1122 1973 1177 2038 καὶ

169 2066 366 2153 ὁμοχρονεῖν
379 2074 418 2156 πή
435 2068 563 2155 γλιόττη
580 2066 617 2136 τό
635 2075 820 2154 πλήκτρου,
843 2071 899 2137 καὶ
913 2067 950 2136 τό
968 2067 1090 2156 εὐαφὲς
1107 2076 1177 2136 τῶν

170 2166 346 2234 δακτύλων
362 2168 417 2233 καὶ
438 2164 475 2234 τό
492 2165 656 2253 εὐκαμπὲς
675 2173 743 2233 τῶν
759 2172 870 2251 μελῶν
887 2168 997 2234 πόθεν
1013 2163 1058 2235 ἀν
1071 2174 1176 2234 ταῦτα
1243 2161 1249 2170 ’

168 2262 294 2350 ὑπῆρχε
309 2270 354 2353 τῷ
371 2266 477 2352 Θρᾳκὶ
491 2266 605 2355 έκείνφ
622 2268 677 2333 καὶ
692 2272 738 2354 τῷ
754 2262 819 2332 ἀνά
833 2263 892 2334 τὸν
903 2273 1102 2351 Κιθαιρῶνα
1116 2291 1175 2351 με·

167 2359 249 2440 ταξύ
269 2368 490 2448 βουκολοῦντι
516 2365 571 2430 καὶ
595 2370 782 2449 κιθαρίζειν
802 2372 996 2450 μελετῶντις
1029 2363 1113 2433 ὥστε
1133 2362 1175 2450 ήν

167 2484 264 2544 ποτε,
281 2451 309 2525 αδ
326 2465 467 2544 Λυκῖνε,
483 2463 537 2526 καὶ
552 2457 699 2549 ᾀδούσης
712 2459 859 2551 ἀκούσης
875 2461 992 2550 αύτής,
1013 2460 1124 2532 ούκέτι
1137 2460 1174 2530 τό

98 2575 150 2631 473
169 2565 236 2626 τῶν
259 2557 445 2642 Γοργόνων
466 2559 572 2625 έκεῖνο
594 2564 653 2646 έση
674 2561 781 2646 μόνον
802 2563 1001 2648 πεπονθός,
1026 2569 1122 2640 λίθος
1143 2562 1176 2640 ἐξ

168 2655 356 2740 ἀνθρώπου
369 2655 565 2741 γενόμενος,
588 2654 672 2725 ἀλλά
690 2662 746 2727 καὶ
764 2658 801 2728 τό
822 2668 890 2728 τῶν
905 2661 1082 2748 Σειρήνων
1104 2668 1176 2746 είση

167 2751 285 2825 ὁποῖόν
294 2780 324 2821 τι
335 2747 395 2840 ἦν’
412 2756 598 2845 παρεστήξῃ
607 2755 672 2842 γάρ
682 2749 721 2824 εύ
730 2756 803 2825 οἶδα
814 2762 1044 2845 κεκηλημένος,
1056 2763 1176 2843 πατρί-

167 2859 224 2933 δος
238 2856 293 2921 καὶ
308 2859 439 2922 οἰκείων
455 2855 707 2940 ἐπιλαθόμενος.
730 2858 785 2924 καὶ
797 2852 842 2942 ήν
855 2864 947 2946 κηρῷ
959 2856 1123 2941 έπιφράξη
1134 2852 1175 2921 τά

170 2947 252 3038 ότα,
270 2954 326 3022 καὶ
341 2949 395 3020 διὰ
413 2959 473 3020 τοῦ
485 2959 592 3038 κηροῦ
609 2954 803 3023 διαδύσεταί
810 2975 864 3022 σοι
874 2953 910 3023 τό
927 2956 1039 3041 μέλος·
1061 2959 1173 3021 τοιοῦ-

168 3053 227 3120 τόν
242 3080 273 3120 τι
287 3051 439 3138 ἀκουσμά
456 3054 539 3136 ἐστι,
559 3054 763 3139 Τερψιχόρης
778 3053 869 3132 τινός
883 3049 1137 3140 ήΜελπομένης
1153 3048 1176 3136 ή

166 3151 358 3237 Καλλιόπης
367 3147 468 3235 αὐτῆς
478 3154 660 3236 παίδευμα,
676 3158 779 3237 μυρία
793 3149 832 3219 τά
843 3154 1012 3237 θέλγητρα
1023 3152 1078 3218 καὶ
1087 3174 1175 3216 παν-

166 3261 239 3314 τοία
254 3250 291 3314 έν
308 3251 414 3337 ἑαυτῷ
429 3254 513 3332 έχον.
537 3251 589 3314 ἑνί
597 3274 632 3314 τε
648 3251 736 3340 λόγῳ
751 3248 902 3318 συνελάν
916 3258 1021 3336 φαίην
1035 3247 1088 3333 ἀν,
1104 3273 1175 3314 τοι-

166 3344 268 3430 αύτης
281 3371 338 3431 μοι
348 3353 405 3432 τῆς
420 3343 506 3435 ᾠδῆς
520 3345 659 3415 ἀκούειν
674 3349 802 3435 νόμιζε,
820 3349 896 3414 οἵαν
911 3344 999 3426 εἰκός
1014 3343 1175 3430 εἶναιτὴν
