2575 3842
179 144 241 209 316
526 147 844 224 [Λουκικνου]

179 332 214 373 τε
231 305 378 384 καὶτοὺς
395 307 526 374 ἐκείνου
539 306 752 390 θεράποντας
769 305 983 394 ἀπέκτειναν,
999 312 1053 377 καλ
1067 307 1130 376 ὅσα
1146 306 1192 397 ἦν

180 401 357 490 τιμιιότατα
383 402 547 481 ἐξελόντες
569 410 614 491 τῳ
638 406 729 494 ἵππῳ
753 403 851 491 κάμοὶ
873 410 1060 492 ἐπέθηκαν,
1086 405 1127 473 τά
1154 409 1191 476 δὲ

178 508 272 590 ἕτερα
294 510 363 571 τῶν
384 510 516 571 σκευῶν
540 501 645 571 αύτοῦ
669 506 706 571 ἐν
726 511 767 592 τῇ
791 503 857 593 ῦλη
881 511 1041 590 ἔκρυψαν.
1075 510 1191 575 ἔπειτα

176 602 326 689 ἤλαυνον
347 597 432 687 ἡμᾶς
454 599 560 679 οῦτως
578 599 701 686 ὀπίσω,
726 600 817 686 κάγῶ
835 603 1047 688 ἐπειγόμενος
1068 605 1124 671 καὶ
1143 611 1191 693 τῳ
1272 598 1273 605 ¹

179 701 266 790 ξύλῳ
281 699 486 784 τυπτόμενος
502 700 614 785 κρούω
631 696 693 783 τὴν
710 695 817 785 ὁπλὴν
836 701 911 781 περὶ
934 701 1059 782 πέτραν
1076 698 1191 780 ὀξεῖαν

177 805 235 866 καί
247 823 303 884 μοι
325 793 389 864 ἀπό
411 804 468 882 τῆς
485 804 612 883 πληγῆς
627 805 754 882 γίνεται
775 803 906 882 τραῦμα
930 794 1098 881 ἀλγεινόν·
1132 801 1192 866 καὶ

176 897 333 982 χωλεύων
348 900 450 963 ἔνθεν
467 892 504 961 τό
521 893 640 962 λοιπόν
655 901 712 980 τῆς
729 892 811 962 ὁδοῦ
823 895 985 980 ἐβάδιζον.
1008 899 1042 962 οί
1055 895 1090 963 δὲ
1102 897 1191 982 πρὸς
1274 928 1275 935 ¹

177 990 342 1078 ἀλλήλους
360 996 493 1078 ἔλεγον,
521 997 563 1059 Τί
581 988 646 1076 γάρ
661 989 740 1077 ἡμῖν
761 995 853 1058 δοκεῖ
868 994 1004 1077 τρέφειν
1018 989 1079 1059 τόν
1103 991 1190 1058 ὄνου

177 1098 296 1157 τοῦτον
317 1089 427 1157 πάντα
452 1098 714 1170 καταπίπτουτα;
741 1091 891 1176 ῥίψωμεν
912 1086 1016 1156 αῦτδν
1037 1087 1103 1155 ἀπό
1128 1096 1190 1156 τοῦ

176 1195 327 1274 κρημνοῦ
343 1182 466 1255 οίωνόν
481 1183 543 1254 ούκ
555 1184 697 1272 ἀγαθόν.
718 1193 797 1270 Ναί,
813 1193 905 1271 φησί,
917 1189 1066 1273 ῥίψωμεν
1078 1183 1186 1253 αὐτόν

176 1283 389 1373 καθαρισμὸν
402 1293 463 1353 τοῦ
479 1293 623 1372 στρατοῦ
639 1284 809 1370 ἐσόμενον.
833 1287 887 1352 καλ
903 1289 937 1352 οί
948 1286 1009 1370 μὲν
1023 1287 1185 1352 συνετάτ-

176 1410 272 1452 τοντο
289 1381 341 1451 ἐπ’
362 1385 433 1469 ἐμέ·
462 1381 525 1468 ἐγῶ
546 1383 582 1450 δὲ
602 1382 739 1450 ἀκούων
754 1389 916 1470 ταῦτατῷ
930 1383 1094 1468 τραύματι
1114 1391 1185 1450 λοι-

176 1479 242 1548 πδν
258 1478 302 1559 ῶς
317 1478 478 1569 ἀλλοτρίῳ
494 1482 686 1566 ἐπέβαινον·
709 1477 728 1547 ό
745 1477 809 1564 γάρ
822 1485 882 1545 τοῦ
897 1478 1051 1546 θανάτου
1065 1504 1107 1564 με
1120 1479 1184 1565 φό-

176 1586 235 1667 βος
249 1576 456 1663 ἀναίσθητον
470 1585 527 1664 τῆς
542 1575 667 1664 ὀδύνης
681 1582 813 1662 ἔθηκεν.
835 1582 885 1646 23.
902 1578 972 1644 ἐπεὶ
987 1576 1023 1643 δὲ
1035 1575 1183 1662 ἤλθομεν

178 1685 254 1743 είσω
264 1681 347 1742 ἔνθα
357 1675 572 1760 κατελῦομεν,
585 1671 624 1741 τά
636 1673 699 1760 μὲν
710 1674 813 1760 σκεύη
824 1681 893 1740 τῶν
902 1670 1071 1761 ἡμετέρων
1083 1671 1182 1758 ὤμων

177 1772 357 1858 ἀφελόντες
385 1767 425 1841 εῦ
447 1777 658 1859 κατέθηκαν,
687 1769 783 1840 αύτολ
803 1773 839 1839 δὲ
858 1768 1081 1850 ἀναπεσόντες
1099 1774 1181 1838 ἐδεί-

108 1884 155 1939 591
178 1895 297 1939 πνουν.
331 1873 385 1938 καλ
404 1870 517 1957 ἐπειδὴ
539 1869 601 1951 νύξ
620 1861 679 1957 ἦν,
707 1867 857 1956 ἀπῄεσαν
876 1867 918 1947 ῶς
939 1866 979 1936 τὰ
999 1867 1099 1936 λοιπά
1115 1877 1180 1936 τῶν

177 1975 308 2036 σκευῶν
324 1965 504 2038 ἀνασῶσαι.
529 1967 599 2038 Τόν
614 1970 650 2037 δὲ
666 1966 789 2036 ἄθλιον
804 1974 924 2035 τοῦτον
938 1965 1036 2053 όυον,
1058 1974 1123 2053 ἔφη
1135 1993 1182 2043 τις

177 2064 304 2151 αὐτῶν,
329 2075 363 2135 τί
386 2068 554 2153 έπάγομεν
574 2066 740 2154 ἄχρηστον
764 2069 800 2132 ἐκ
824 2072 881 2152 τῆς
909 2063 1026 2153 ὁπλῆς;
1056 2072 1124 2132 τῶν
1142 2064 1184 2134 δὲ
1278 2144 1279 2149 ¹

177 2173 307 2234 σκευῶν
322 2163 344 2233 ἀ
361 2166 422 2253 μέν
436 2164 528 2252 ἡμεῖς
544 2173 697 2251 οἴσομεν,
714 2163 787 2232 ἀδὲ
804 2162 821 2232 ὁ
836 2167 945 2243 ἵππος.
969 2165 1023 2232 καὶ
1035 2161 1191 2253 ἀπῄεσαν

176 2263 236 2330 τόν
251 2269 353 2331 ἵππον
369 2262 514 2348 ἄγοντες.
542 2262 605 2344 νύξ
620 2267 657 2331 δὲ
672 2257 716 2351 ἦν
733 2264 945 2349 λαμπροτάτη
962 2266 999 2330 ἐκ
1016 2271 1073 2348 τῆς
1087 2267 1195 2352 σελή-

176 2388 245 2447 νης.
267 2359 358 2446 κάγῶ
376 2362 450 2430 τότε
465 2361 547 2447 πρὸς
563 2360 708 2449 ἐμαυτόν
720 2359 959 2447 είπον,’Ἁθλιε,
975 2370 1008 2428 τί
1017 2365 1129 2447 μένεις
1140 2369 1196 2435 ἔτι

176 2462 339 2536 ένταῦθα;
361 2463 463 2543 γῦπές
479 2481 516 2528 σε
531 2464 586 2529 καὶ
599 2470 718 2546 γυπῶν
733 2464 831 2528 τέκνα
849 2460 1097 2547 δειπνήσουσιν.
1123 2463 1196 2535 οῦκ

176 2553 310 2634 ἀκούεις
326 2551 378 2624 ολα
394 2559 468 2642 περὶ
489 2565 552 2625 σοῦ
572 2560 833 2645 ἐβουλεύσαντο;
854 2560 965 2637 θέλεις
984 2566 1030 2649 τῳ
1047 2574 1196 2655 κρημνῷ
1276 2562 1280 2591 ‘

176 2670 383 2739 περιπεσεῐν;
406 2654 467 2737 νύξ
483 2657 545 2742 μὲν
561 2656 644 2742 αὕτη
662 2660 715 2726 καλ
737 2658 859 2744 σελήνη
876 2659 1000 2744 πολλή·
1029 2664 1064 2728 ολ
1083 2662 1119 2728 δὲ
1135 2675 1198 2734 ol*-
1276 2734 1279 2751 ,

174 2781 288 2841 χονται
303 2753 474 2835 ἀπιόντες·
502 2765 595 2846 φυγῇ
612 2763 693 2838 σῶζε
711 2755 837 2824 σαυτόν
849 2753 914 2824 ἀπό
936 2762 1108 2826 δεσποτῶν
1123 2759 1197 2830 ἀν-

175 2855 364 2939 δροφόνων.
399 2863 502 2924 ταῦτα
526 2856 610 2941 πρός
631 2853 776 2942 ἐμαυτόν
798 2855 1021 2941 ἐννοούμενος
1042 2855 1110 2939 ὁρῶ
1134 2859 1194 2935 ότι
1278 2930 1279 2935 ,

130 2953 131 2958 ’
175 2951 254 3020 οὐδὲ
265 2958 513 3043 προσεδεδέμην
525 2953 650 3041 ούδενί,
662 2954 746 3024 ἀλλά
757 2980 797 3040 με
809 2950 827 3020 ὁ
839 2953 955 3037 σύρων
965 2957 1003 3023 έν
1013 2971 1083 3035 ταῖς
1094 2954 1198 3045 ὁδοῖς
1277 2980 1280 3011 ²

174 3050 251 3137 ίμάς
268 3055 506 3140 παρεκρίματο.
530 3054 630 3121 τοῦτό
645 3080 686 3139 με
701 3055 755 3121 καὶ
773 3052 971 3138 παρώξυνεν
982 3050 1028 3132 ῶς
1041 3055 1193 3140 μάλιστα

174 3151 207 3226 ἐς
220 3145 282 3234 τὴν
296 3151 425 3237 φυγήν,
442 3155 497 3220 καὶ
512 3153 625 3244 δρόμῳ
640 3150 737 3232 έξιῶν
753 3150 881 3239 ἀπῄειν.
904 3148 924 3238 ἡ
940 3151 976 3218 δὲ
990 3159 1096 3238 γραῦς
1112 3157 1195 3231 ἐπεὶ

175 3244 261 3312 εἶδεν
276 3245 537 3331 ἀποδιδράσκειν
553 3255 703 3337 ἕτοιμον,
720 3250 928 3338 λαμβάνεταί
940 3276 980 3336 με
995 3254 1032 3318 έκ
1048 3258 1106 3337 τῆς
1122 3255 1195 3324 οῦ-

174 3347 234 3427 ράς
250 3348 304 3411 καὶ
320 3355 430 3431 εἴχετο.
461 3347 524 3432 ἐγῶ
539 3350 574 3416 δὲ
592 3347 686 3429 ἀξιον
707 3356 859 3437 κρημνοῦ
874 3350 929 3416 καὶ
946 3348 1107 3418 θανάτων
1123 3349 1191 3424 ἀλ.
