2575 3842
1281 268 1284 303 λ

203 200 268 262 360
568 202 857 260 AOYKIANOY

204 368 353 447 ληνικῶν
370 360 443 448 ἀγει
464 367 510 439 είς
527 359 563 430 τό
581 363 744 446 θέατρον·
774 364 828 429 καὶ
845 368 1045 440 καθίσαντες
1059 365 1215 448 ἑωρῶμεν
1282 360 1283 435 λ

204 455 241 525 τό
264 456 326 543 μὲν
347 465 481 541 πρῶτον
502 466 607 545 θηρία
627 459 928 544 κατακοντιζόμενα
943 461 997 527 καλ
1012 457 1079 527 ὑπὸ
1100 468 1214 527 κυνεῖν

204 555 393 642 διωκόμενα
407 561 462 625 καὶ
478 555 529 626 ἐπ’
546 555 751 642 ἀνθρώπους
763 560 960 644 δεδεμένους
974 556 1140 646 ἀφιέμενα
1155 586 1214 627 κα-

203 655 370 739 κούργους
385 656 488 740 τινάς,
506 654 550 734 ὡς
562 655 742 741 εἰκάζομεν.
765 658 834 724 έπελ
846 656 883 723 δέ
898 662 1058 741 εἰσῆλθον
1068 661 1105 725 oc
1111 683 1215 743 μονο-

205 751 302 837 μάχοι
317 759 376 840 καί
386 779 462 820 τινα
478 752 685 839 παραγαγὼν
700 752 718 822 6
735 758 840 840 κῆρυξ
855 751 1021 839 εὐμεγέθη
1036 761 1215 822 νεανίσκον

205 847 314 934 εἶπεν,
337 846 427 929 ὅστις
442 847 485 918 ἀν
500 852 601 938 έθέλη
616 852 725 943 τούτφ
738 857 982 938 μονομαχῆσαι,
1002 849 1099 936 ήκειν
1115 858 1163 930 είς
1178 849 1213 919 τό

203 948 305 1032 μέσον
321 945 472 1033 δραχμὰς·
481 949 675 1035 ληψόμενον
689 954 810 1035 μυρίας
821 944 946 1033 μισθόν
960 954 1018 1033 τής
1028 947 1144 1034 μάχης,
1161 952 1215 1016 έν-

203 1051 314 1113 ταῦθα
329 1046 534 1124 ἐξανίσταται
551 1044 568 1114 6
584 1053 746 1131 Σισίννης
761 1046 816 1112 καλ
836 1044 1070 1130 καταπηδήσας
1087 1043 1214 1129 ύπέστη
1283 1040 1285 1049 ’

204 1152 381 1229 μαχεῖσθαι
395 1145 450 1211 καὶ
466 1141 505 1211 τά
526 1142 613 1211 ὅπλα
629 1145 717 1231 ᾔτει,
742 1145 798 1209 καὶ
813 1139 875 1208 τόν
889 1139 1016 1226 μισθόν
1029 1140 1145 1230 λαβὼν
1158 1139 1214 1218 τάς

203 1247 323 1326 μυρίας
339 1244 409 1330 έμολ
425 1246 539 1331 φέρων
554 1249 745 1332 ἐνεχείρισε,
760 1248 816 1312 καλ
829 1250 874 1312 Ec
886 1245 948 1330 μέν
961 1246 1172 1332 κρατήσαιμι,
1188 1235 1213 1311 6

207 1339 346 1425 Τόξαρι,
365 1339 472 1426 εἶπεν,
490 1343 557 1462 ἅμα
574 1343 698 1429 άπιμεν
715 1350 845 1429 ἔχοντες
859 1341 899 1408 τά
915 1339 1101 1428 ἀρκοῦντα,
1117 1338 1162 1428 ήν
1178 1341 1213 1409 δὲ

203 1439 304 1520 πέσω,
319 1436 434 1516 θάψας
445 1465 486 1524 με
498 1438 665 1526 ύποχιόρει
677 1438 783 1508 ὀπίσω
795 1443 828 1518 ἐς
839 1439 989 1518 Σκύθας
1012 1436 1077 1556 έγάι
1089 1439 1152 1526 μὲν
1162 1441 1212 1506 έπλ

203 1530 332 1610 τούτοις
347 1532 508 1602 έκάκυον.
539 1543 590 1604 60.
613 1534 682 1605 όδδ
696 1535 811 1624 λαβὼν
831 1533 871 1604 τά
885 1534 973 1605 ὅπλα
993 1563 1034 1605 τα
1022 1535 1115 1656 μὲν
1131 1535 1211 1604 ἀλλα

203 1623 474 1716 περιεδήσατο,τὸ
486 1632 728 1722 κράνοςδὲούκ
739 1638 913 1721 ἐπέθηκεν,
923 1632 997 1704 ἀλλ’
1009 1633 1075 1702 ἀπὸ
1086 1641 1213 1752 γυμνής

204 1733 261 1810 τῆς
270 1727 587 1814 κεφαλήςκαταστάς
601 1734 753 1819 ἐμάχετο·
745 1734 820 1800 ·καλ
832 1759 870 1800 το
859 1731 942 1819 μὲν
951 1740 1086 1817 πρῶτον
1095 1732 1214 1816 τιτρό-

134 1835 186 1890 564
204 1842 316 1890 σκεται
332 1822 433 1906 αύτὸς
450 1831 659 1922 καμπύλῳ
627 1839 673 1899 τῶ
688 1836 775 1949 ξίφει
788 1828 1045 1918 ὑποτμηθεὶς
1008 1855 1071 1916 την
1081 1830 1212 1915 ἰγνύαν,

205 1916 288 1987 ε’όστε
309 1917 389 2007 αἷμα
413 1930 502 2013 ἔρρει
523 1929 627 1998 πολύ
661 1931 725 2015 ε’γω
715 1926 782 1996 δέ
798 1929 1061 2014 προετεθνήκειν
1081 1926 1146 2013 ήδη
1167 1935 1212 2016 τῷ

204 2019 286 2087 δέει
307 2024 522 2108 θρασύτερον
538 2026 574 2094 δὲ
585 2026 831 2113 ἐπιφερόμενον
841 2027 985 2113 τηρήσας
998 2022 1059 2093 τόν
1074 2023 1213 2092 ἀντίπα-

203 2125 265 2185 λον
282 2126 371 2187 παίει
385 2123 480 2202 είς
446 2151 483 2192 το
500 2128 640 2210 στέρνον
652 2127 708 2193 καλ
723 2125 897 2211 διήλασεν,
913 2123 996 2192 ὥστε
1008 2121 1127 2192 αύτίκα
1138 2127 1213 2192 έπε-

204 2216 326 2285 πτιόκει
343 2218 408 2318 πρό
425 2237 497 2290 τοῖν
516 2228 636 2292 ποδοῖν
649 2222 769 2290 αύτοῦ·
798 2221 816 2291 6
835 2227 872 2292 δὲ
889 2224 1029 2310 κάμνειν
1044 2225 1099 2290 καὶ
1114 2219 1215 2300 αύτὸς

204 2313 268 2381 ἀπὸ
286 2324 347 2383 τοῦ
358 2319 546 2406 τραύματος
557 2323 731 2401 ἐπεκάθιζε
744 2328 792 2410 τῷ
802 2329 926 2411 νεκρῷ,
942 2323 997 2389 καὶ
1008 2346 1130 2406 μικρου
1115 2325 1214 2388 δεῖν

204 2409 334 2497 ἀφῆκεν
349 2413 487 2502 αύτόνή
507 2418 611 2502 ψυχή·
633 2416 708 2486 ἀλλ’
726 2389 791 2505 έγίά
806 2417 1033 2506 προσδραμάν
1048 2417 1213 2505 ἀνέστησα

203 2511 257 2576 καὶ
269 2515 569 2600 παρεμυθησάμην.
587 2519 656 2584 έπελ
668 2515 734 2584 δὲ’
714 2533 830 2602 αφεῖτο
842 2517 905 2606 ήδη
916 2519 1110 2605 νενικηκός,
1126 2516 1214 2603 ἀρά-

203 2631 302 2691 μενος
317 2606 423 2677 αύτόν
439 2613 576 2698 ἐκόμισα
592 2613 686 2692 είς
651 2642 713 2701 την
728 2642 746 2682 ο
749 2621 853 2684 λαίαν·
874 2618 929 2685 καὶ
941 2618 993 2684 ἐπὶ
1003 2615 1093 2684 πολύ
1105 2626 1213 2701 θερα-

203 2708 340 2798 πευθεὶς
355 2710 487 2795 ἐπέζησε
502 2709 564 2797 μέν
578 2713 633 2780 καλ
655 2717 722 2781 ἔστι
738 2717 832 2800 μέχρι
847 2721 912 2782 νύν
933 2717 970 2782 ἐν
984 2714 1139 2794 Σκύθαις
1151 2714 1213 2802 γή-

201 2823 272 2892 μας·
284 2804 345 2893 τήν
369 2808 452 2896 ἐμήν
473 2807 641 2899 ἀδελφήν,
667 2811 774 2898 χωλός
792 2816 831 2879 δέ
845 2815 936 2882 ἐστιν
957 2812 1048 2899 ὅμως
1063 2810 1129 2880 ἀπὸ
1150 2819 1213 2881 τοῦ

201 2903 397 2991 τραύματος.
421 2919 536 2997 τοῦτο,
553 2905 793 2998 ἀΜνήσιππε,
811 2908 874 2978 ούκ
889 2914 926 2978 έν
937 2913 1119 2998 Μάχλυσιν
1133 2911 1213 2980 ούδδ

202 3005 240 3070 ἐν
252 3000 386 3096 ’Λλανίηι
402 3010 549 3094 ἐγένετο,
565 3007 609 3089 ὡς
625 3009 820 3096 ἀμάρτυρον
835 3009 919 3078 εἶναι
933 3013 989 3080 καλ
999 3009 1214 3080 ἀπιστεῖσθαι

202 3100 389 3190 δύνασθαι,
410 3104 494 3175 ἀλλά
510 3111 628 3177 πολλοὶ
648 3109 803 3191 πάρεισιν
821 3107 1070 3197 Ἀμαστριανῶν
1083 3136 1214 3196 μεμνη-

201 3202 294 3284 μένοι
310 3209 368 3287 τῆς
382 3205 488 3290 μάχης
504 3214 565 3274 τοῦ
581 3213 754 3326 Σισίννου.

285 3306 336 3368 61.
354 3306 511 3388 Πέμπτον
526 3309 573 3372 έτι
585 3325 638 3373 σοι
650 3303 687 3373 τό
704 3303 845 3392 Ἀβαύχα
856 3312 957 3393 ἔργον
969 3308 1213 3394 διηγησάμενος

201 3394 380 3482 παύσομαι.
407 3391 471 3485 ἧκέ
484 3427 564 3469 ποτε
579 3394 677 3481 οὗτος
692 3402 711 3471 6
725 3402 930 3492 Ἀβαύχαςί
900 3432 915 3473 ε
929 3432 946 3484 ς
959 3432 1021 3492 την
1036 3415 1212 3491 Βορυσθε-
