2575 3842
186 169 250 234 174
543 173 842 231 Aofflasof

183 330 246 398 τόν
254 339 389 415 νῆστιν,
405 328 424 397 ὑ
438 331 475 397 δὲ
485 327 604 414 ι’ραιὶς
615 338 723 395 ποιόν
732 330 1192 416 τάςρπφακῐδαςέμυστιλᾶτο

184 437 246 496 τοῦ
260 435 428 514 ῑιθιπενῦ
438 434 564 512 W,
578 426 680 504 ἄλλος
690 430 789 513 ἤσθιε
798 435 960 512 mim,
973 425 1041 494 ὅδὲ
1050 425 1189 510 ἐρρόφει

184 535 253 593 τεν
269 533 411 608 zoom.
442 532 473 592 ε.
493 522 633 608 duan)
649 525 767 608 καρὸς
782 519 839 610 ἦν,
864 525 919 592 εί
938 524 1088 609 ἀγκῶνος
1102 526 1191 590 εοε-

183 631 351 710 πνούμεν·
373 629 501 690 ίαειντο
516 623 551 688 δὲ
571 624 625 686 καὶ
642 620 794 690 όιλαδίαι
808 624 865 689 ηδ
877 620 1048 688 indm
1074 617 1112 685 τό
1126 621 1190 704 μὲν

114 735 168 791 δίο
185 721 227 807 δή
242 726 380 788 δεῖπνον
393 713 439 805 ἦν
458 717 525 785 άπὸ
546 727 741 803 σύμφορόν.
768 720 1016 802 παρεσκεύαστο
1032 721 1068 784 δὲ
1082 718 1190 786 πολλὰ

184 821 240 887 καί
259 825 410 902 ποικίλα,
435 822 550 902 δίχηλα
568 815 646 884 ύεια
665 821 722 884 καί
742 821 888 902 σχελίδες
909 819 965 883 καί
982 813 1111 900 ἠτριαία
1133 817 1190 882 καί

182 917 324 995 τοκάδος
338 915 400 994 ὑός
412 913 449 982 τὸ
466 915 695 1000 ἐμβριοδόχον
708 921 845 996 ἔντερον
854 917 910 980 καί
923 911 1023 999 λοβός
1035 915 1072 978 ἐκ
1085 913 1189 997 ταγή-

182 1038 247 1080 νου
257 1016 313 1080 καί
322 1011 490 1098 μυττωτὸς
503 1015 560 1078 καί
572 1009 746 1098 ἀβυρτάκη
755 1015 811 1078 καὶ
824 1018 977 1078 τοιαῦταί
981 1036 1070 1088 τινες
1080 1035 1189 1095 καρυ-

182 1125 268 1178 κείαι
282 1115 338 1179 καί
352 1113 580 1196 θρυμματίδες
593 1113 648 1176 καί
657 1119 740 1191 θρῖα
752 1112 809 1176 καὶ
821 1116 1044 1194 μελιτοῦτται·
1065 1115 1134 1174 τών
1149 1106 1187 1172 δὲ

181 1206 398 1295 ὑποβρυχίων
417 1207 457 1275 τά
474 1208 609 1292 σελάχια
628 1205 735 1274 πολλά
750 1209 806 1274 καί
826 1205 891 1273 ὅσα
904 1204 1126 1290 όστρακόρινα
1147 1199 1187 1268 τό

111 1321 161 1377 ³³1
182 1309 286 1391 δέρμα
299 1309 356 1373 καί
368 1307 490 1391 τεμάχη
507 1302 648 1373 πουτικά
662 1311 731 1371 τῶν
748 1308 786 1372 ἐκ
802 1306 971 1390 σαργάνης
987 1307 1043 1371 καί
1058 1308 1187 1370 κωπαΐ-

181 1406 236 1480 δες
249 1405 305 1470 καί
320 1402 414 1484 ὄρνις
425 1404 615 1487 σύντροφος
628 1405 684 1468 καὶ
697 1399 891 1484 άλεκτρνών
903 1400 967 1487 ἤδη
983 1398 1115 1490 ύπφδός
1129 1402 1185 1466 καὶ

178 1496 277 1583 ἰχθύς
297 1491 341 1582 ήν
361 1498 558 1580 παράσιτος·
589 1500 646 1566 καί
665 1496 720 1565 οἶν
734 1500 772 1566 δὲ
787 1498 868 1567 όλον
888 1505 1030 1585 ἰπνοκαῆ
1052 1507 1185 1584 εἰχομεν

178 1595 233 1660 καί
246 1591 325 1677 βοὰς
344 1593 615 1678 λειπογνώμονος
635 1602 758 1680 κωλῆν.
790 1594 886 1679 ἄρτοι
899 1598 1013 1681 μέντοι
1029 1588 1116 1681 ήσαν
1130 1612 1183 1660 σι-

178 1701 289 1771 φαῖοι,
309 1685 351 1754 οὐ
364 1695 505 1774 φαῦλοι,
522 1691 577 1757 καί
588 1689 684 1758 ἄλλοι
697 1693 893 1777 νουμήνιοι,
909 1689 1112 1776 ὑπερήμεροι
1125 1697 1185 1774 τῆς

177 1788 307 1870 ἑορτῆς,
330 1787 385 1854 καί
401 1786 528 1872 λάχανα
541 1788 582 1854 τά
599 1813 634 1855 τε
651 1784 793 1874 ὑπόγεια
807 1787 917 1856 καὶτὰ
931 1785 1103 1872 ὑπερφυῆ·
1132 1785 1184 1853 οἰ-

176 1908 233 1960 νος
253 1883 289 1950 δὲ
313 1874 357 1969 ἦν
374 1881 415 1951 ού
436 1887 561 1970 γέρων,
587 1883 671 1953 ἄλλά
692 1893 762 1954 τιόν
781 1883 848 1953 άπὸ
868 1885 1012 1972 βύρσης,
1037 1882 1100 1971 ἤδη
1119 1884 1183 1969 μὲν

106 1997 157 2053 332
176 1979 351 2068 ἀγλευκής,
363 1979 506 2062 ἄπεπτος
517 1984 553 2052 δὲ
562 1990 618 2052 ίτι.
632 1989 661 2054 7.
668 1985 809 2071 ποτήρια
819 1985 856 2052 δὲ
866 1991 970 2052 ἔκειτο
979 1998 1118 2050 παντοία
1130 1985 1184 2050 ε’πί

174 2085 231 2165 τῆς
251 2082 442 2165 δελφινίδος
462 2085 635 2168 τραπέζης,
661 2081 952 2169 ὑκρυμιμέτωπος
972 2081 1027 2148 καὶ
1048 2083 1183 2166 τρυηλίς

172 2177 419 2266 μεντορονργῆς
435 2177 558 2266 εύλαβῆ
577 2186 698 2266 ἔχουσα
713 2179 774 2267 τῆν
789 2184 910 2262 κε’ρκον
930 2182 984 2247 καὶ
999 2177 1183 2265 βομβυλιός

172 2277 226 2342 καί
238 2277 499 2361 δειροκύπελλον
509 2279 563 2344 καί
577 2286 701 2364 γηγενῆ
715 2276 821 2346 πολλά
834 2273 888 2346 οἰα
897 2284 1063 2364 Θηρικλῆς
1074 2275 1180 2360 ώπτα,

173 2369 339 2458 εὐρυχαδῆ
356 2375 460 2442 τεκαὶ
482 2373 565 2442 ἄλλα
587 2374 747 2462 εὔστομα,
774 2375 815 2443 τό
831 2381 894 2462 μὲν
911 2383 1116 2463 Φωκαῆθεν,
1138 2375 1180 2443 τὰ

171 2466 206 2536 δὲ
228 2468 415 2553 Κνιδόθεν,
447 2472 556 2538 πάντα
576 2477 690 2557 μέντοι
716 2473 952 2562 ἀνεμοφόρητα
974 2477 1030 2543 καὶ
1053 2472 1180 2561 ὑμενό-

101 2583 152 2638 333
171 2583 305 2648 στρακα.
328 2572 452 2654 κυμβία
468 2569 503 2635 δὲ
515 2562 558 2654 ῆν
573 2573 627 2637 καί
638 2577 789 2656 φιαλίδες
803 2575 857 2640 καὶ
871 2572 1012 2658 ποτήρια
1023 2597 1179 2658 γραμμα-

170 2661 260 2744 τικά,
277 2660 359 2732 ύστε
373 2663 496 2750 μεστόν
508 2657 552 2751 ῆν
573 2663 610 2735 τό
628 2679 808 2738 κυλικεῖον.
831 2677 860 2739 8.
878 2669 895 2738 ὁ
913 2673 1025 2756 μέντοι
1043 2674 1180 2739 ἰπνολέ-

169 2765 230 2846 βης
248 2757 517 2848 ὑπερπαφλάζων
531 2767 564 2843 ἐς
578 2766 730 2854 κεφαλήν
749 2767 828 2854 ἡμῖν
844 2772 1000 2856 ἐπίτρεπε
1015 2767 1094 2848 τοὺς
1113 2767 1179 2835 ἅν-

167 2867 306 2942 δρακας.
329 2863 486 2947 ἐπίνομεν
497 2863 532 2930 δὲ
547 2860 668 2949 ἀμυστί
679 2869 734 2934 καί
747 2865 810 2953 ἤδη
822 2865 1060 2953 ἀκροθώρακες
1073 2859 1176 2952 ήμεν·

167 2953 225 3024 εἰτ’
251 2960 429 3045 ἐχριόμεθα
444 2961 620 3048 βακχάριδι
642 2966 698 3032 καί
715 2966 929 3052 εἰσεκύκλησέ
945 2993 994 3044 τις
1013 2962 1093 3051 ἡμίν
1114 2963 1177 3051 τήν

97 3065 148 3122 384
167 3056 382 3143 ποδοκτύπην
403 3060 457 3127 καὶ
478 3067 747 3147 τριγωνίστριαν·
780 3061 862 3148 μετὰ
880 3062 916 3131 δὲ
935 3061 953 3131 ό
974 3067 1036 3150 μέν
1057 3090 1105 3142 τις
1122 3066 1177 3130 ἐπὶ

165 3150 226 3240 τήν
241 3155 405 3240 κατήλιφα
427 3154 735 3246 ἀναρριχησάμενος
749 3161 939 3247 ἐπιφόρημα
959 3164 1077 3250 ἐζήτει,
1104 3161 1177 3230 ὁδε

164 3254 303 3336 ληκίνδα
313 3257 453 3339 ἔπαιζεν,
463 3253 561 3336 ἄλλος
571 3260 767 3344 ἐρρικνοῦτο
779 3256 843 3325 σὺν
853 3259 969 3342 γέλωτι
980 3258 1042 3347 τήν
1050 3257 1174 3345 ὀσφύν.

162 3349 191 3412 9.
211 3347 264 3413 καὶ
282 3349 318 3414 ἰν
332 3345 441 3436 ταύτρὸ
457 3357 651 3438 λελουμένοι
669 3355 896 3441 εἰσεκώμασαν
911 3354 992 3442 ἡμῖν
1003 3356 1173 3442 αὑτεπάγ-
