2575 3842
320 192 564 251 ΑΛΗΘΟΤΣ
582 192 822 251 ΙΣΤΟΡΙΑΣ
839 195 877 251 Α.
1059 190 1101 251 43

94 353 153 420 ἐὰν
178 351 214 418 δὲ
236 353 268 429 ές
290 349 327 418 τὸ
347 350 534 440 κάτοπτρον
552 347 740 437 ἀποβλέψῃ,
767 350 874 428 πάσας
894 350 956 436 μὲν
978 350 1100 431 πόλεις,

94 449 205 516 πάντα
228 448 263 514 δὲ
282 453 366 532 ἔθνη
381 445 444 534 δρᾷ
466 445 576 531 ὥσπερ
597 444 743 530 ἐφεστώς
763 447 926 525 έκάστοις·
954 447 1027 514 τότε
1046 448 1102 513 καὶ

95 544 174 622 τούς
189 550 331 622 οἰκείους
345 541 409 628 ἐγώ
425 543 617 628 ἐθεασάμην
630 547 684 611 καί
694 552 806 610 πάσαν
817 542 880 630 την
890 547 1047 628 πατρίδα,
1072 549 1103 610 εί

96 646 130 710 δὲ
141 641 290 710 κάκεῖνοι
302 641 357 727 ἐμὲ
369 641 498 728 ἑώρων,
518 638 580 707 ούκ
592 645 653 725 ἔχω
666 638 703 706 τὸ
720 638 865 726 ἀσφαλὲς
878 646 990 708 εἰπεῖν.
1011 639 1100 717 ὅστις

97 742 131 806 δὲ
150 747 256 806 ταῦτα
274 736 317 824 μη
341 739 488 806 πιστεύει
503 734 609 814 οὕτως
629 742 733 821 ἔχειν,
757 737 801 803 ἀν
826 755 905 804 ποτε
926 738 981 804 καὶ
1002 733 1101 812 αὐτὸς

97 841 200 905 ἐκεῖσε
216 836 389 922 ἀφίκηται,
406 845 526 902 εῖσεται
538 831 581 911 ὡς
591 830 702 919 ἀληθῆ
720 839 814 920 λέγω.
836 839 888 903 27.
905 835 980 900 τότε
991 830 1022 898 δ’
1037 825 1100 898 οὖν

97 932 326 1018 ἀσπασάμενοι
341 930 401 999 τόν
416 933 552 1018 βασιλέα
566 931 621 997 καὶ
634 927 713 1008 τούς
727 929 810 1017 ἀμφ’
825 929 929 998 αὐτόν
942 930 1100 1016 ἐμβάντες

97 1029 308 1116 ἀνήχθημεν·
331 1032 402 1116 ἐμοὶ
416 1030 452 1096 δὲ
468 1031 522 1095 καλ
540 1031 630 1111 δώρα
645 1031 768 1095 ἔδωκεν
784 1026 802 1096 ὁ
816 1027 1014 1114 Ἐνδυμίων,
1038 1025 1100 1092 δύο

12 1131 13 1188 ἶ
96 1133 157 1214 μέν
171 1135 239 1194 τών
252 1125 401 1195 ὑαλίνων
412 1126 578 1212 χιτώνων,
594 1127 691 1192 πέντε
706 1130 742 1194 δὲ
752 1133 910 1212 χαλκοῦς,
928 1128 983 1193 καὶ
994 1150 1101 1192 πανο-

12 1223 14 1232 ’
95 1233 198 1295 πλίαν
215 1231 396 1311 θερμίνην,
413 1222 435 1290 ἀ
451 1223 559 1289 πάντα
573 1225 609 1288 έν
626 1230 672 1311 τῷ
686 1223 777 1308 κη’τει
791 1224 977 1290 κατέλιπον.
1000 1224 1102 1288 συνέ-

95 1337 205 1407 πεμψε
220 1324 256 1388 δὲ
276 1320 357 1407 ἡμῖν
376 1322 431 1388 καὶ
445 1319 669 1404 Ἱππογύπους
682 1329 808 1407 χιλίους
821 1321 1101 1406 παραπέμψοντας

96 1418 171 1505 ἀχρι
187 1422 331 1485 σταδίων
346 1425 583 1486 πεντακοσίων.
609 1425 660 1487 28.
677 1423 713 1486 έν
730 1420 766 1486 δὲ
780 1425 826 1508 τῷ
840 1418 1002 1508 παράπλῳ
1016 1427 1099 1486 πολ·
1114 1447 1149 1502 ςς

96 1515 156 1594 λάς
179 1515 241 1601 μὲν
261 1517 315 1582 καὶ
334 1513 435 1592 άλλας
456 1514 565 1600 χώρας
580 1522 850 1601 παρημείψαμεν,
875 1518 1100 1600 προσέσχομεν

96 1613 200 1680 δὲκαὶ
223 1619 269 1700 τῷ
285 1609 462 1702 Ἑωσφόρῳ
479 1611 553 1697 ἀρτι
568 1614 824 1703 συνοικιζομένῳ
840 1616 895 1680 καί
916 1611 1100 1700 ἀποβάντες

96 1706 342 1795 ὑδρευσάμεθα.
367 1709 525 1800 ε’μβάντες
537 1709 573 1776 δὲ
585 1715 629 1786 είς
640 1707 699 1776 τόν
709 1710 883 1778 Ζωδιακόν
894 1715 931 1778 έν
943 1709 1100 1798 ἀριστερᾷ

95 1807 280 1896 παρῄειμεν
294 1803 353 1873 τόν
369 1805 465 1891 ἥλιον
481 1810 518 1874 ἐν
533 1815 601 1896 χρῷ
615 1807 677 1892 τὴν
690 1816 755 1893 γῆν
768 1813 1029 1894 παραπλέοντες·
1058 1806 1099 1875 ού

95 1903 160 1992 μάρ
176 1901 347 1990 ἀπέβημεν
361 1911 468 1971 καίτοι
485 1901 591 1971 πολλά
602 1911 671 1970 τών
681 1907 819 1989 ἑταίρων
831 1907 1100 1991 ἐπιθυμούντων,

12 2009 14 2018 ’
96 1999 170 2070 ἀλλ’
189 1999 207 2068 ὁ
223 2001 345 2086 ἀνεμος
361 2000 422 2069 ούκ
439 2005 571 2088 ἐφῆκεν.
600 2001 775 2084 ἐθεώμεθα
790 2005 902 2086 μέντοι
917 2000 978 2086 τὴν
988 2003 1101 2087 χώραν

97 2098 226 2185 εὐθαλῆ
248 2125 283 2166 τε
303 2101 357 2166 καὶ
374 2105 473 2166 πίονα
492 2100 548 2165 καὶ
568 2097 713 2182 εὔυδρον
732 2100 787 2165 καὶ
809 2103 943 2165 πολλών
960 2095 1100 2181 ἀγαθῶν
1161 2107 1163 2112 '

95 2196 230 2283 μεστήν.
253 2195 380 2272 ἰδόντες
395 2195 431 2262 δὲ
442 2193 528 2281 ἡμᾶς
543 2199 577 2261 oc
588 2199 913 2281 Νεφελοκένταυροι,
930 2205 1100 2280 μισθοφο-

96 2302 236 2382 ρούντες
255 2291 367 2378 [παρά]
386 2300 431 2382 τῷ
452 2297 635 2379 Φαέθοντι,
660 2296 844 2378 ἐπέπτησαν
862 2296 914 2361 ἐπὶ
933 2292 994 2379 την
1013 2301 1101 2362 ναύν
1209 2328 1214 2334 ·

97 2395 151 2460 καὶ
166 2391 334 2477 μαθόντες
349 2391 553 2468 ἐνσπόνδους
569 2388 793 2476 ἀνεχώρησαν.
814 2396 865 2457 29.
881 2389 944 2477 ἤδη
956 2392 992 2459 δὲ
1002 2392 1057 2458 καὶ
1069 2397 1103 2460 οί

96 2489 288 2572 Ιππόχυποι
303 2485 575 2572 ἀπεληλύθεσαν·
596 2488 798 2566 πλεύσαντες
814 2491 850 2556 δὲ
864 2488 926 2576 την
941 2495 1100 2557 ἐπιούσαν

95 2587 203 2653 νύκτα
215 2587 269 2651 καί
279 2581 406 2670 ἡμέραν
417 2588 490 2670 περὶ
503 2588 644 2669 ἑσπέραν
656 2583 847 2671 ἀφικόμεθα
859 2591 891 2666 ἐς
901 2586 1101 2675 τηνΛυχνό-

95 2693 197 2752 πολιν
210 2685 422 2770 καλουμένην
435 2681 499 2768 ἥδη
517 2680 576 2750 τόν
591 2683 680 2751 κάτω
696 2693 805 2754 πλοῦν
821 2689 1006 2768 διώκοντες.
1028 2687 1048 2774 ἡ
1065 2691 1101 2756 δὲ

96 2783 193 2859 πόλις
207 2778 290 2868 αύτη
304 2796 408 2850 κεῖται
425 2781 547 2869 μεταξύ
561 2792 621 2851 τοῦ
635 2786 812 2853 Πλειάδων
827 2790 955 2856 καὶτοῦ
973 2785 1101 2854 Ὑάδων

96 2878 211 2964 ἀέρος,
225 2881 441 2962 ταπεινοτέρα
451 2881 564 2965 μέντοι
574 2879 660 2948 πολύ
670 2888 731 2948 τού
742 2887 925 2950 Ζωδιακού.
950 2883 1101 2971 ἀποβάν-

95 3002 148 3054 τες
163 2977 199 3042 δὲ
214 2973 400 3061 άνθρωπον
414 2977 476 3062 μὲν
491 2974 613 3044 ούδενα
630 2975 787 3064 εὕρομεν,
805 2980 948 3064 λύχνους
966 2983 1003 3047 δὲ
1019 2987 1101 3046 πολ-

96 3070 177 3150 λούς
192 3077 412 3159 περιθέοντας
433 3075 488 3141 καὶ
504 3076 541 3140 έν
561 3083 600 3162 τῇ
618 3072 725 3164 ἀγορᾷ
739 3075 794 3142 καὶ
813 3077 887 3161 περὶ
907 3072 969 3142 τόν
985 3081 1101 3163 λιμένα

97 3173 343 3256 διατρίβοντας,
359 3168 437 3250 τούς
453 3170 514 3257 μέν
528 3168 668 3257 μικρούς
686 3173 741 3238 καὶ
757 3169 866 3256 ὥσπερ
882 3178 985 3240 είπεῖν
999 3177 1102 3261 πένη-

96 3291 169 3350 τας,
193 3263 327 3351 όλίχονς
345 3270 380 3334 δὲ
402 3277 470 3336 τών
489 3268 643 3353 μεγάλων
658 3269 714 3335 καὶ
733 3272 887 3335 δυνατῶν
907 3270 998 3338 πάνυ
1017 3282 1102 3357 λαμ-

97 3360 204 3446 προύς
220 3368 275 3431 καὶ
288 3381 488 3452 περιφανεῖς.
513 3367 655 3453 οἰκήσεις
671 3369 706 3436 δὲ
720 3364 832 3445 αὐτοῖς
851 3372 905 3436 καὶ
919 3377 1102 3455 λυχνεῶνες
