2575 3842
203 199 267 262 σεο
547 196 873 275 [ΛονΚιΑΝον]

205 359 266 447 όλη
283 366 322 446 τή
343 359 439 446 κύμη
456 364 501 448 τῷ
516 357 610 447 λόγφ
630 357 795 424 διέδωκαν
816 363 884 423 τῶν
904 358 1022 442 ἱερέων
1037 355 1101 444 τήν
1117 355 1215 425 ἀσέλ·

204 484 309 545 γειαν.
342 461 376 524 ολ
400 455 436 525 δέ
456 456 650 540 αἰδούμενοι
671 459 789 533 δεινῶς
810 462 914 522 ταῦτα
937 457 1140 542 ἐληλεγμένα
1160 463 1216 540 τῆς

205 556 362 640 ἐπιούσης
374 550 495 631 νυκτός
509 558 611 620 ένθεν
623 551 801 638 ἐξήλασαν,
818 555 873 619 καὶ
887 551 998 637 ἐπειδή
1012 553 1169 638 ἐγένοντο
1180 554 1217 618 έν

205 662 244 742 τῇ
265 653 376 743 έρήμφ
390 659 448 739 τῆς
465 649 548 719 ὁδοῦ
572 653 789 736 ἐχαλέπαινον
806 653 859 718 καλ
878 649 1055 736 ω’ργίζοντο
1076 652 1150 736 ἐμοὶ
1170 656 1216 738 τῷ

205 751 391 838 μηνύσαντι
405 746 444 816 τά
461 751 598 816 ἐκείνων
614 747 788 834 μυστήρια.
811 749 978 816 καὶτοῦτο
996 748 1059 831 μέν
1071 744 1215 814 ἀνεκτὸν

204 845 241 917 τό
264 844 378 915 δεινόν
398 839 460 933 ήν,
485 852 593 923 κακῶς
609 852 654 935 τῷ
676 844 766 936 λόγω
788 842 942 928 ἀκούειν,
969 841 1054 912 ἀλλά
1070 842 1110 910 τά
1132 843 1214 929 μετά

204 953 302 1014 τοῦτο
317 941 427 1012 οὐκέτ’
449 939 588 1010 ἀνεκτά·
615 941 677 1029 τήν
692 941 757 1027 γάρ
772 939 857 1010 θεόν
872 939 1054 1027 ἀφελόντες
1075 966 1144 1026 μου
1160 942 1215 1006 καὶ

205 1045 305 1128 χαμαὶ
326 1043 547 1126 καταθέμενοι
565 1041 620 1107 καὶ
641 1037 682 1106 τά
703 1039 879 1124 στρωματά
902 1065 968 1125 μου
989 1039 1099 1106 πάντα
1118 1063 1215 1120 περι-

207 1143 392 1220 σπάσαντες
407 1140 538 1228 γυμνόυ
553 1139 617 1226 ήδη
640 1143 845 1223 προσδέουσί
857 1165 899 1226 με
923 1143 1050 1228 δένδρῳ
1070 1138 1214 1226 μεγάλῳ,

207 1238 274 1308 εἶτα
290 1241 399 1328 ἐκείνη
413 1247 453 1326 τῇ
467 1242 502 1306 ἐκ
516 1245 583 1306 τῶν
598 1234 815 1322 ἀστραγάλων
830 1237 965 1323 μάστιγι
979 1243 1133 1312 παίοντες
1145 1233 1214 1303 ὀλί-

205 1364 268 1423 γον
283 1339 422 1422 ἐδέησαν
437 1334 638 1420 ἀποκτεῖναι,
653 1335 845 1413 κελεύοντές
856 1361 896 1421 με
909 1342 971 1402 τοῦ
985 1340 1106 1402 λοιποῦ
1117 1331 1212 1419 ἀφω-

136 1456 186 1513 ⁶07
207 1459 271 1502 νον
286 1432 370 1502 εἶναι
387 1433 609 1518 θεοφόρητον.
634 1432 689 1499 καλ
705 1428 772 1516 μὴν
787 1434 842 1499 καί
856 1428 1046 1516 ἀποσφάξαι
1063 1427 1145 1515 μετά
1157 1426 1212 1505 τάς

206 1534 365 1619 μάστιγας
375 1532 619 1618 ἐβουλεύσαντο
631 1528 676 1609 ὡς
687 1532 719 1607 ἐς
728 1529 829 1616 ύβριν
839 1525 963 1607 αύτούς
972 1527 1120 1615 βαλόντα
1130 1536 1212 1594 πολ·

206 1626 269 1712 λήυ
290 1630 344 1695 καὶ
364 1634 421 1713 τῆς
441 1626 553 1713 κόμης
567 1624 629 1695 ούκ
651 1630 896 1712 ἐργασαμένους
916 1625 1115 1712 ἐκβαλόντα·
1139 1621 1210 1691 ἀλλ’

207 1725 290 1793 τόστε
305 1749 344 1810 με
357 1723 400 1811 μή
414 1722 614 1808 ἀποκτείναι,
631 1728 748 1802 δεινῶς
758 1721 881 1802 αὐτούς
897 1721 1009 1809 ήθεὸς
1020 1722 1211 1808 έδυσιόπήσε

206 1826 306 1909 χαμαί
320 1825 492 1910 καθημένη
505 1825 559 1891 καὶ
574 1822 635 1892 οὐκ
646 1830 767 1910 ἔχουσα
780 1821 870 1901 ὅπως
885 1819 1006 1890 όδεύοι.
1029 1828 1080 1889 39.
1098 1825 1210 1888 ἐντεῦ-

205 1931 270 1989 θεν
286 1913 349 1988 οὖν
363 1919 444 2008 μετά
459 1919 517 2000 τάς
532 1921 692 2007 μάστιγας
709 1917 823 2007 λαβάυ
834 1917 895 2006 τήν
905 1922 1084 1988 δέσποιναν
1101 1919 1206 2005 ἐβάδι·

206 2028 263 2103 ζον
283 2021 436 2108 καὶπρὸς
456 2023 597 2108 ἑσπέραν
613 2021 677 2109 ήδη
698 2020 908 2106 καταλύομεν
926 2026 971 2098 είς
985 2016 1093 2104 ἀγρόν
1107 2027 1202 2086 πλου

204 2125 343 2198 τοῦντος
363 2116 562 2205 ἀνθρώπου·
594 2111 711 2204 καλήν
732 2110 829 2196 οὗτος
848 2122 947 2186 ἔνδον
967 2119 1022 2185 καλ
1047 2113 1109 2202 τήν
1128 2113 1211 2182 θεὸν

205 2215 294 2301 μάλα
304 2217 445 2303 ἀσμενος
454 2223 494 2305 τή
507 2223 593 2306 οίκίγ
604 2215 784 2296 ὑπεδέξατο
794 2217 849 2284 καὶ
858 2222 980 2293 θυσίας
991 2213 1075 2303 αύτή
1085 2216 1214 2300 προσή-

204 2340 316 2400 γαγεν.
355 2314 478 2384 ἐνθάδε
507 2314 580 2382 οἶδα
607 2319 713 2401 μέγαν
740 2319 902 2383 κίνδυνον
927 2314 1027 2394 αύτός
1049 2313 1209 2394 ὑποστάς·

205 2418 272 2478 τῶν
289 2418 398 2497 φίλων
417 2411 482 2497 γάρ
497 2440 545 2491 τις
566 2421 611 2502 τῷ
626 2415 771 2503 δεσπότη
790 2420 858 2481 τῶν
873 2411 987 2500 ἀγρῶν
1002 2420 1127 2500 έπεμψε
1144 2419 1212 2482 δῶ-

205 2535 267 2595 ρον
289 2507 374 2576 όνου
399 2507 519 2593 ἀγρίου
536 2512 660 2597 μηρόν
693 2519 814 2580 τοῦτον
836 2510 854 2578 ὁ
872 2512 1029 2598 μάγειρος
1049 2511 1213 2580 σκευάσαι

204 2603 317 2694 λαβὼν
331 2609 481 2696 ῥᾳθυμίᾳ
498 2605 666 2693 ἀπώλεσε,
681 2618 795 2678 κυνῶν
809 2616 943 2678 πολλῶν
954 2617 1123 2696 λαθραίως
1133 2621 1214 2679 εἴσω

204 2704 462 2790 παρελθόντων·
485 2704 521 2785 δς
537 2706 655 2786 διδιάις
667 2707 796 2795 πληγάς
810 2707 934 2789 πολλάς
944 2710 999 2778 καὶ
1013 2710 1165 2796 βάσανον
1177 2713 1214 2778 έκ

203 2810 261 2892 τῆς
281 2801 444 2884 ἀπωλείας
461 2813 522 2872 τού
537 2814 648 2894 μηροῦ
663 2812 750 2893 ἔγνω
770 2809 933 2895 κρεμάσαι
954 2806 1075 2877 ἑαυτὸν
1091 2811 1128 2877 έκ
1149 2816 1212 2876 τοῦ

204 2904 378 2990 τραχήλου.
413 2901 433 2990 ή
456 2904 492 2974 δέ
509 2903 596 2992 γυνή
618 2903 639 2992 ἡ
661 2907 799 2988 τούτου,
826 2905 932 2975 κακόν
955 2910 1098 2988 ἐξαίσιον
1117 2908 1212 2994 ἐμόν,

208 3000 296 3072 Αλλά
314 3003 394 3090 μήτε
408 3000 623 3091 ἀπόθνησκε,
640 3003 748 3090 εἶπεν,
771 2997 798 3074 ἀ
814 3012 965 3093 φίλτατε,
987 3007 1069 3091 μήτε
1081 3004 1214 3095 ἀθυμία

204 3101 340 3190 τοιαύτη
363 3106 426 3192 δῷς
448 3104 604 3171 σεαυτόν·
634 3104 836 3190 πειθόμενος
852 3105 917 3189 γάρ
938 3129 993 3190 μοι
1016 3106 1151 3188 πράξεις
1173 3098 1214 3172 εύ

202 3198 321 3268 πάντα.
354 3207 422 3268 τῶν
444 3206 605 3269 κιναίδων
624 3199 685 3269 τόν
705 3201 787 3269 όνον
807 3199 922 3288 λαβὸν
938 3205 999 3281 ἔξω
1021 3208 1066 3280 είς
1087 3206 1212 3289 ἔρημοι

201 3303 324 3381 χωρίον
344 3295 483 3367 κάπειτα
499 3299 627 3385 σφάξας
647 3299 751 3370 αύτόυ
767 3298 804 3368 τό
825 3303 924 3387 μέρος
943 3305 1006 3386 μέν
1024 3304 1131 3369 έκεῖνο
1150 3299 1213 3368 τόν

202 3389 311 3476 μηρόν
338 3391 514 3480 ἀποτεμὼν
543 3398 655 3483 κόμιζε
681 3401 781 3484 δεῦρο
807 3398 862 3465 καὶ
889 3398 1138 3477 κατασκευάσας
1164 3404 1213 3465 τω
