2575 3842
177 209 241 272 ³94
535 213 844 272 AOPKIANOY’

177 378 324 458 μετέωρα
337 375 419 457 μηδὲ
431 369 543 456 ὑψηλά
555 372 765 458 ἐφρόνησαν,
782 368 867 438 ἀλλά
881 372 1062 458 πρόσγεια,
1078 369 1123 450 ὡς
1134 397 1196 437 νο-

177 474 324 549 τίζεσθαι
345 473 451 536 ἐνίοτε
467 476 507 557 τῇ
528 467 616 556 ἀλμη
631 466 693 535 τόν
710 468 834 555 κηρόν,
858 466 903 547 ἀς
927 468 964 536 τό
987 467 1076 536 πολύ
1099 461 1196 536 οὗτοι

179 564 336 652 ἀσφαλῶς
354 570 542 652 διέπτησαν.

263 672 363 734 ΜΙΚ.
385 665 554 743 Έπιεικεῖς
568 690 661 741 τινας
675 666 730 730 καλ
747 665 908 742 συνετούς
922 669 1038 749 λέγεις.

263 772 395 831 AAEK.
417 772 492 831 Τῶν
508 768 621 849 μέντοι
630 789 670 850 γε
681 761 804 847 ἀλλων,
818 756 845 830 ό
853 772 1017 848 Μίκυλλε,
1032 761 1073 829 τά
1085 764 1195 830 ναυά-

178 887 235 946 για
250 862 342 928 πάνυ
357 858 473 947 αἰσχρά
491 865 574 939 ἴδοις
595 859 655 946 ἀν,
677 861 759 928 ὅταν
775 861 794 929 δ
809 869 954 949 Κρολσος
967 864 1195 947 περιτετιλμέ-

178 987 236 1039 νος
250 959 288 1027 τά
306 959 410 1044 πτερά
429 963 556 1046 γέλωτα
575 963 701 1047 παρέχῃ
715 966 860 1048 Πέρσαις
876 959 1071 1047 ἀναβαίνων
1085 961 1137 1027 ἐπὶ
1155 955 1195 1026 τό

178 1066 246 1142 πῦρ
262 1053 284 1144 ἢ
299 1060 482 1137 Διονύσιος
495 1058 685 1146 καταδύσης
699 1066 757 1145 τῆς
767 1064 967 1143 τυραννίδος
982 1062 1020 1125 ἐν
1030 1063 1195 1146 Κορίνθῳ

177 1156 425 1245 γραμματιστὴς
444 1162 604 1243 βλέπηται
625 1156 706 1243 μετὰ
729 1159 932 1244 τηλικαύτην
949 1154 1056 1242 ἀρχὴν
1077 1159 1196 1222 παιδία

178 1261 385 1342 συλλαβίζειν
399 1256 577 1324 διδάσκων.

263 1359 313 1420 24.
331 1360 429 1423 ΜΙΚ.
452 1356 539 1421 Είπέ
550 1379 624 1440 μοι,
641 1346 668 1420 τό
683 1351 896 1440 ἀλεκτρυών,
913 1351 956 1420 σύ
971 1354 1007 1419 δὲ
1018 1350 1119 1419 ὁπότε
1129 1360 1195 1438 βα-

178 1451 290 1530 σιλεύς
309 1445 401 1537 ἦσθα
415 1489 458 1500 -
478 1449 545 1536 φὴς
558 1451 623 1536 γάρ
640 1454 695 1519 καὶ
716 1459 915 1539 βασιλεῦσαί
932 1477 1012 1518 ποτε
1031 1492 1074 1502 -
1090 1458 1194 1518 ποίου

177 1548 246 1615 τότ’
271 1549 451 1634 ἐπειράθης
472 1557 534 1615 τοῦ
550 1555 628 1634 βίον
651 1552 799 1628 ἐκείνους
820 1543 843 1636 ἦ
863 1575 930 1617 που
952 1553 1195 1634 πανευδαίμων

108 1663 160 1720 738
178 1639 268 1732 ἦσθα
289 1644 326 1712 τὸ
349 1645 535 1729 κεφάλαιον
556 1643 576 1712 ό
601 1673 633 1713 τι
655 1650 717 1730 πέρ
739 1651 806 1715 ἐστι
829 1655 898 1716 τόν
919 1644 1060 1733 ἀγαθόν
1081 1645 1194 1714 ἁπάν-

178 1770 246 1810 των
262 1750 363 1830 ἔχωνς

262 1849 394 1910 ΑΛΕΚ.
425 1842 523 1927 Μηδὲ
545 1841 741 1932 ἀναμνήσης
765 1870 823 1930 με,
851 1837 878 1911 ὦ
904 1849 1077 1928 Μίκυλλε,
1103 1840 1195 1909 οὕτω

177 1940 373 2027 τρισάθλιος
394 1932 439 2026 ἦν
455 1940 546 2027 τότε,
570 1956 639 2020 τοῖς
659 1943 721 2028 μὲν
744 1947 805 2022 ἔξω
826 1949 930 2010 πᾶσιν
953 1939 1036 2025 ὅπερ
1057 1947 1194 2026 ἔφησθα

177 2043 417 2125 πανευδαίμων
438 2037 523 2106 εἶναι
544 2044 675 2127 δοκῶν,
703 2045 847 2110 ἔνδοθεν
869 2045 906 2108 δὲ
928 2047 1061 2126 μυρίαις
1083 2038 1194 2118 ἀνίαις

178 2137 299 2216 ξυνών.

261 2244 362 2304 ΜΙΚ.
388 2245 461 2306 Τίσι
482 2239 634 2317 ταύταις;
662 2239 835 2322 παράδοξα
856 2262 923 2324 γαρ
942 2239 997 2304 καλ
1021 2237 1064 2304 ού
1082 2237 1193 2322 πάντη

178 2333 277 2402 πιστὰ
295 2337 371 2421 φης.

262 2441 394 2502 ΑΛΕΚ.
412 2428 532 2522 Ἠρχον
549 2439 611 2523 μὲν
626 2435 689 2504 ούκ
707 2433 821 2522 ὀλίγης
836 2435 961 2522 χώρας,
986 2426 1013 2500 ὦ
1028 2440 1192 2517 Μίκυλλε,

176 2533 361 2619 παμφόρου
380 2533 472 2614 τινός
487 2540 542 2604 καὶ
561 2537 687 2622 πλήθει
703 2531 897 2617 ἀνθρώπων
917 2536 973 2601 καὶ
994 2532 1111 2600 κάλλει
1125 2539 1195 2598 των

177 2632 309 2698 πόλεων
325 2635 362 2699 ἐν
377 2648 448 2710 ταῖς
464 2634 604 2719 μάλιστα
618 2633 853 2719 θαυμάζεσθαι
870 2630 962 2712 ἀξίας
980 2645 1139 2717 ποταμοῖς
1157 2657 1194 2698 τε

176 2728 397 2814 ναυσιπόροις
408 2735 674 2819 καταρρεομένης
685 2734 740 2800 καὶ
751 2731 902 2819 δαλάττη
917 2729 1050 2821 εὐόρμῳ
1064 2734 1195 2817 χρωμέ-

176 2857 254 2916 νης,
277 2834 331 2897 καὶ
355 2829 492 2917 στρατιά
514 2826 558 2918 ἦν
580 2827 685 2916 πολλὴ
709 2834 763 2899 καὶ
778 2834 881 2908 ἵππος
898 2832 1193 2916 συγκεκροτημένη

176 2937 232 2999 παλ
248 2932 478 3017 δορυφορικὸν
495 2933 558 3002 ούιι
577 2935 692 3020 ὀλίγον
706 2933 760 2997 καλ
780 2930 927 3017 τριήρεις
942 2933 997 2997 καὶ
1012 2931 1195 3015 χρημάτων

176 3037 307 3114 πλῆθος
328 3028 522 3118 ἀνήριθμον
542 3035 597 3100 καὶ
617 3028 742 3118 χρυσός
766 3027 784 3096 δ
805 3040 917 3107 κοῖλος
938 3029 1116 3115 πάμπολυς
1138 3031 1196 3096 καί

175 3128 196 3214 ἡ
212 3128 295 3214 άλλη
310 3135 368 3215 τῆς
383 3127 485 3217 ἀρχῆς
501 3135 669 3221 τραγῳδία
683 3136 773 3195 πάσα
786 3132 819 3207 ές
833 3125 1025 3215 ὑπερβολὴν
1040 3131 1195 3212 ἐξωγκω-

176 3231 276 3313 μένη,
301 3227 384 3296 ὥστε
399 3226 498 3297 ὁπότε
512 3235 679 3316 προΐοιμι,
699 3233 733 3296 οἱ
745 3231 808 3313 μὲν
825 3231 942 3296 πολλοὶ
958 3228 1196 3310 προσεκύνουν

107 3339 159 3394 789
179 3327 234 3391 καὶ
248 3326 334 3391 θεόν
349 3353 423 3393 τινα
439 3325 524 3412 ὁρᾶν
537 3327 642 3418 ᾤοντο
654 3329 709 3394 καὶ
724 3325 820 3394 ἀλλοι
832 3324 884 3394 ἐπ’
901 3325 1013 3405 ἀλλοις
1027 3330 1197 3406 ξυνέθεον

177 3417 342 3504 ὀψόμενοί
354 3449 412 3507 με,
437 3427 472 3490 οί
484 3423 520 3490 δὲ
540 3426 595 3491 καὶ
610 3425 663 3491 ἐπὶ
681 3424 722 3491 τά
738 3426 816 3510 τέγη
832 3423 983 3502 ἀνιόντες
1000 3427 1038 3491 ἐν
1056 3425 1195 3516 μεγάλῳ
