2575 3842
353 218 796 306 ιιιᾼΡοΜτιιιιιιιοει
1012 218 1077 282 419

39 389 164 464 ληνος
183 378 331 464 κόρδακα
353 374 520 462 ὠρχήσατο
541 380 594 444 καὶ
611 381 647 444 ac
660 384 797 445 Μοῦσαι
818 377 999 447 ἀναστᾶσαι
1015 387 1074 466 τῆς
1091 393 1143 450 786

40 503 90 544 τε
105 473 271 542 Ἡσιόδου
286 482 467 560 Θεογονίας
483 469 567 562 ᾖσαν
582 471 664 561 ἡμῖν
680 477 736 542 καὶ
755 475 818 561 τὴν
831 477 968 563 πρύτην
984 475 1075 567 ςδδήν

43 581 129 642 τῶν
145 571 268 657 ὕμνων
278 579 346 639 τῶν
357 571 542 656 Πινδάρου.
566 571 706 657 κάπειδή
723 573 822 658 κόρος
831 566 891 660 ἦν,
906 570 1074 639 ἀνεπαυό-

47 683 154 760 μεθα
172 669 217 749 ὡς
232 669 318 757 εἶχεν
335 673 470 748 ἕκαστος
485 675 607 747 ἱκανῶς
621 668 921 757 ὑποβεβρεγμένος.

102 775 158 838 28.
178 769 272 837 ἀλλοι
286 771 348 854 μέν
362 771 404 854 ῥα
417 774 497 836 θεοί
508 793 543 834 τε
556 769 611 836 καὶ
627 765 743 853 ἀνέρες
757 770 999 852 ἱπποκορυσταί
1120 802 1122 807 ·

183 860 284 934 εὗδον
294 865 482 951 παννύχιοι,
492 868 549 952 ἐμὲ
561 863 593 932 δ’
605 863 669 932 ούκ
679 871 731 952 ἔχε
739 867 889 954 νήδυμος
898 865 1021 944 ύπνος·

53 964 306 1050 ἀνελογιζόμην
316 963 382 1050 γάρ
393 959 499 1029 πολλά
511 964 573 1048 μὲν
584 963 640 1030 καὶ
651 961 752 1048 ἀλλα,
768 972 895 1048 μᾶλλον
907 963 943 1031 δὲ
954 967 1075 1050 έκείνα,

55 1071 135 1142 πῶς
151 1065 189 1131 έν
209 1062 357 1150 τοσούτφ
377 1060 487 1151 χρόνῳ
506 1059 524 1128 ό
545 1059 713 1129 Ἀπόλλων
728 1060 770 1128 οά
791 1064 871 1148 φύει
891 1059 1076 1149 πύγωναή

57 1169 135 1238 πῶς
150 1167 277 1246 γίνεται
300 1157 360 1238 νύξ
381 1162 417 1225 έν
432 1157 569 1248 ούρανςδ
583 1166 643 1226 τοῦ
657 1156 755 1245 ἡλίου
775 1159 941 1243 παρόντος
956 1160 1006 1228 ἀεὶ
1021 1164 1077 1228 καί

57 1257 377 1340 συνευωχουμένου.
404 1255 478 1323 τότε
498 1256 560 1342 μὲν
580 1248 644 1322 ούν
664 1255 786 1341 μικρόν
805 1282 836 1323 τι
857 1258 1076 1339 κατέδαρθον.

57 1359 179 1424 ἕωθεν
190 1355 226 1419 δὲ
239 1350 418 1431 διαναστάς
429 1351 447 1420 δ
458 1352 544 1432 Ζεύς
554 1359 753 1439 προσέταττε
770 1355 947 1440 κηρύττειν
957 1357 1076 1440 ἐκκλη-

59 1459 152 1520 σίαν.
192 1455 241 1517 29.
266 1446 406 1537 κάπειδὴ
427 1457 581 1538 παρῆσαν
600 1449 760 1534 ἅπαντες,
788 1449 921 1537 ἄρχεται
946 1455 1072 1537 λέγειν·
1093 1447 1168 1522 786’

66 1548 141 1633 Την
157 1549 219 1632 μὲν
233 1554 342 1616 αἰτίαν
359 1557 420 1617 τοῦ
434 1554 634 1636 ξυναγαγεῖν
648 1546 734 1635 ὑμᾶς
749 1547 767 1615 ὁ
784 1547 897 1635 χθιζός
912 1541 1010 1628 ούιος
1025 1552 1077 1630 ξέ-

64 1671 127 1722 νος
138 1648 353 1731 παρέσχηται·
376 1646 479 1713 πάλαι
490 1646 526 1713 δὲ
537 1647 743 1733 βουλόμενος
754 1645 834 1734 ὑμῖν
845 1646 1077 1716 κοινώσασθαι

66 1744 146 1824 περὶ
163 1747 231 1808 τῶν
247 1743 463 1829 φιλοσόφων,
485 1745 625 1830 μάλιστα
640 1740 707 1811 ἀπὸ
725 1752 783 1830 τῆς
797 1747 949 1831 Σελήνης
963 1747 1018 1815 καὶ
1030 1737 1078 1812 ύν

67 1843 180 1924 ἐκείνη
195 1841 358 1925 μέμφεται
374 1841 572 1926 προτραπεὶς
585 1844 695 1925 ἔγνων
708 1839 820 1925 μηκέτ’
834 1846 886 1910 ἐπὶ
897 1845 1000 1910 πλέον
1011 1868 1077 1910 πα-

68 1951 216 2022 ρατεῖναι
231 1937 294 2024 τήν
310 1937 503 2020 διάσκεψιν·
530 1941 626 2024 γένος
647 1939 713 2023 γάρ
729 1963 760 2005 τι
777 1936 972 2023 ἀνθρώπων
986 1942 1076 2008 ἐστὶν

69 2037 111 2104 ού
125 2035 189 2120 πρδ
207 2044 335 2105 πολλοῦ
348 2044 394 2127 τῷ
408 2043 471 2126 βίφ
481 2037 680 2117 ἐπιπολάζον
694 2034 801 2122 ἀργόν
814 2036 1009 2121 φιλόνεικον
1019 2063 1077 2105 κε-

70 2136 211 2214 νόδοξον
238 2132 399 2221 ὀξύχολον
426 2132 609 2219 ὑπόλιχνον
633 2133 816 2221 ὑπόμωρον
840 2137 1077 2220 τετυφωμένον

71 2233 200 2320 ὕβρεως
214 2231 408 2318 ἀνάπλεων,
424 2233 479 2300 καὶ
491 2235 549 2299 ἵνα
564 2231 645 2301 καθ’
659 2230 808 2319 ’Όμηρον
822 2241 904 2300 είπω
917 2232 1079 2318 ,ἐτώσιον

72 2331 175 2414 ἀχθος
186 2327 366 2415 ἀρούρης.“
388 2321 482 2397 ούτοι
492 2335 609 2397 τοίνυν
623 2336 670 2409 είς
681 2330 872 2417 συστήματα
887 2335 1079 2419 διαιρεθέν-

73 2455 126 2506 τες
141 2431 194 2496 nal
214 2429 398 2515 διαφόρους
413 2430 525 2516 λόγων
541 2435 770 2517 λαβυρίνθους
789 2431 1024 2517 ἐπινοήσαντες
1045 2434 1080 2497 οί

75 2531 135 2614 μὲν
150 2526 320 2607 Στωικούς
336 2527 566 2615 ὠνομάκασιν,
589 2534 624 2599 οί
640 2530 678 2598 δὲ
694 2527 972 2618 Ἀκαδημαϊκούς,
994 2533 1030 2598 οί
1043 2530 1079 2596 δὲ

73 2627 330 2713 Ἐπικουρείους,
348 2632 383 2694 οί
392 2627 428 2695 δὲ
439 2627 726 2715 Περιπατητικοὺς
736 2633 790 2699 καὶ
801 2629 884 2699 ἀλλα
895 2637 1008 2721 πολλῷ
1021 2655 1079 2715 γε-

80 2728 225 2807 λοιότερα
241 2724 387 2792 τούτων·
411 2729 522 2793 ἔπειτα
543 2727 580 2794 δὲ
601 2726 709 2812 ὄνομα
728 2726 854 2814 σεμνόν
872 2728 935 2813 τήν
957 2724 1079 2812 ἀρετήν

79 2827 284 2910 περιθέμενοι
299 2825 353 2890 καὶ
364 2821 422 2900 τὰς
437 2820 545 2910 ὀφρῦς
565 2825 747 2909 ἐπάραντες
760 2828 815 2892 καὶ
829 2825 993 2911 πώγωνας
1006 2829 1079 2891 έπι-

80 2923 277 3010 σπασάμενοι
286 2925 514 3008 περιέρχονται
522 2925 710 3014 ἐπιπλάστῳ
719 2924 858 3010 σχήματι
867 2923 1079 2991 κατάπτυστα

80 3019 142 3107 ἤθη
152 3024 425 3107 περιστέλλοντες,
435 3023 587 3108 ἐμφερεῖς
595 3023 738 3109 μάλιστα
745 3037 814 3100 τοῖς
821 3037 988 3108 τραγικοῖς
999 3024 1078 3089 ἐκεί-

81 3144 146 3197 νοις
160 3116 366 3207 ύποκριταῖς,
384 3111 434 3187 οἷν
447 3115 492 3205 ἢν
502 3118 610 3209 ἀφέλη
624 3146 674 3199 τις
687 3119 727 3189 τά
741 3137 932 3208 προσωπεῖα
946 3125 1001 3189 καὶ
1014 3118 1077 3208 τὴν
1095 3133 1147 3190 787

83 3219 302 3302 χρυσόπαστον
323 3221 454 3304 ἐκείνην
476 3220 617 3305 στολήν,
644 3217 682 3288 τδ
705 3219 989 3306 καταλειπόμενόν
1009 3221 1079 3288 έστι

83 3324 202 3400 γελοῖον
211 3315 411 3401 ἀνθρώπιον
420 3315 500 3386 ἑπτά
510 3323 668 3406 δραχμῶν
677 3321 709 3398 ές
718 3318 779 3388 τόν
787 3316 900 3407 ἀγῶνα
911 3328 1078 3406 μεμισθω

30 3417 33 3452 ²
85 3417 181 3496 μόνον,
213 3420 265 3484 30.
288 3423 433 3486 τοιοῦτοι
451 3416 487 3486 δὲ
507 3416 600 3495 ὄντες
621 3415 816 3504 ἀνθρώπων
835 3417 898 3503 μὲν
919 3414 1077 3486 ἀπάντων

873 3506 941 3570 27*
