2575 3842
170 182 233 246 τοο
504 186 820 262 [ΑονκιΑαον]

169 349 278 426 κρίσιν
299 344 498 422 έπισπεύσας
518 345 710 428 ε’ξανέστην·
740 342 854 426 έοόρων
872 343 937 430 γάρ
960 342 1176 429 ὑπερκατηφῆ

171 440 231 507 τόν
249 444 414 527 Χαρικλέα
434 438 523 527 παρὰ
545 437 667 525 μικρὸν
688 437 732 516 ὡς
748 440 901 508 θανάτου
923 439 1131 525 κατάκριτον.
1157 437 1175 506 ὁ

172 536 202 604 δ’
223 535 399 624 Ἀθηναῖος
418 543 521 627 ἱλαρῷ
541 543 587 626 τῷ
609 537 777 626 προσώπῳ
800 539 940 622 φαιδρός
962 536 1176 622 ἀναπηδήσας

171 635 288 722 προῆει
304 634 436 721 σφόδρα
451 640 616 720 σοβαρῶς·
639 642 770 701 ελκασεν
785 632 828 699 όίν
839 661 888 712 τις
899 632 1004 701 αὐτόν
1014 637 1051 702 έν
1062 642 1176 700 Σαλα-

171 746 241 817 μῖνι
257 735 386 819 Πέρσας
400 735 779 816 κατανεναυμαχηκέναι.
800 732 855 798 καὶ
870 731 969 798 τοῦτό
983 756 1021 816 γε
1035 737 1092 816 τῆς
1104 737 1175 810 κρί-

172 851 253 906 σεως
268 827 470 915 ἀπωνάμην,
493 827 723 915 λαμπρότερον
743 825 829 913 ἡμᾶς
845 829 1055 905 ἑστιάσοντος
1072 825 1177 893 αὐτοῦ

103 941 151 996 455
170 927 356 996 τάπινίκια·
380 930 433 994 καλ
449 928 514 1012 γάρ
528 920 572 1012 ῆν
586 925 694 1003 άλλως
707 922 767 993 τόν
781 932 857 1011 βίον
871 927 1178 1011 μεγαλοφρονέστε-

172 1052 239 1111 ρος.
261 1023 366 1113 ῆσνχῆ
384 1024 419 1092 δὲ
435 1028 490 1092 καὶ
509 1022 570 1091 τόν
583 1026 750 1107 Χαρικλέα
770 1023 1055 1108 παρηγορησάμην
1071 1023 1123 1090 ἐπὶ
1138 1026 1177 1108 τῆ

169 1122 333 1208 δεινότητι
345 1129 412 1189 των
424 1122 534 1208 λόγων
546 1121 682 1207 συνεχὲς
692 1117 977 1205 ὑπερθανμάζων,
994 1118 1044 1187 ὅτι
1057 1123 1175 1203 δυσχε-

170 1223 312 1310 ρεστέρφ
330 1223 421 1307 μέρει
438 1224 588 1297 δυνατῶς
604 1218 844 1303 συνηγόρησεν.
865 1223 914 1284 53.
931 1215 1005 1285 ἀλλ’
1024 1213 1044 1302 ῆ
1060 1215 1122 1301 μέν
1139 1217 1177 1281 έν

170 1322 284 1407 Κνίδφ
301 1316 450 1404 διατριβῆ
463 1315 568 1386 καὶτὰ
580 1314 669 1400 παρά
686 1323 725 1403 τῆ
739 1323 810 1401 θεῷ
822 1318 1010 1401 λαληθέντα
1024 1311 1177 1399 σπουδῆν

170 1413 291 1501 ἱλαράν
317 1413 384 1500 ἅμα
408 1415 463 1480 καὶ
492 1411 630 1480 παιδιάν
658 1411 825 1498 εὔμουσον
847 1411 1006 1497 ἐσχηκότα
1029 1415 1109 1498 τῆδέ
1131 1434 1176 1494 πη

170 1608 394 1692 καλεσάμενος
415 1609 566 1695 μνήμην,
596 1614 626 1676 εί
642 1608 795 1695 δικαστῆς
816 1608 885 1677 τότ’
908 1603 1017 1694 ῆσθα,
1043 1615 1112 1684 πῶς
1132 1602 1175 1672 ἂν

172 1729 348 1790 απεφηνω;

256 1806 428 1869 ΘΕΟΜΝ.
443 1807 635 1890 Μελητίδην
645 1799 667 1889 ῆ
675 1804 845 1892 Κόροιβον
855 1814 917 1873 ολει
928 1830 968 1889 με
978 1802 1061 1889 πρός
1072 1811 1176 1890 θεῶν,

171 1901 227 1966 ἵνα
243 1913 311 1976 τοῖς
333 1895 398 1966 ὑπὸ
415 1905 478 1966 σοῦ
493 1903 627 1979 δικαίως
647 1911 814 1986 κριθεῖσιν
829 1904 984 1970 ἐναντίαν
1003 1904 1095 1987 φέρω
1110 1909 1177 1986 ψῆ-

172 2021 255 2082 φον;
279 2020 314 2072 ος
325 1993 385 2062 υπ
398 1993 501 2081 ἄκρας
515 1993 637 2117 ῆδονῆς
651 2023 718 2065 των
728 2002 965 2084 λεγομένωνέ
975 2003 1090 2087 Κιιδω
1101 2002 1176 2064 δια

172 2090 339 2180 τρίβων’
316 2093 429 2183 φόμην
449 2093 613 2182 ὀλίγον
580 2123 616 2162 το
640 2093 748 2198 βραχὺ
769 2103 867 2164 τοῦτο
888 2096 1055 2181 δωμάτιον
1072 2093 1177 2162 αὐτόν

171 2189 357 2311 ἡγούμενος
371 2189 503 2258 εἶναι
469 2218 529 2259 τον
543 2192 631 2260 νεάν
641 2173 822 2263 έκεῖνον.“
802 2221 891 2282 ομως
904 2195 935 2263 δ
949 2188 1065 2263 οὖν-
1022 2191 1177 2261 -οόδεν

172 2288 237 2375 γάρ
251 2288 394 2374 ἀπρεπὲς
409 2291 477 2356 έν
460 2315 556 2377 εορτη
544 2293 744 2377 λέγεσθαι,
766 2300 830 2371 πάς
844 2293 881 2361 δὲ
896 2295 1013 2378 γέλως,
1034 2286 1099 2358 κάν
1115 2315 1172 2357 πε-

172 2381 334 2473 ρίεργος
312 2414 344 2474 η,
362 2393 598 2473 πανηγυρίζειν
608 2391 702 2457 δοκεῖ
713 2431 749 2441 -
761 2390 840 2469 τούς
851 2389 937 2476 ἄγαν
948 2387 1014 2457 ὑπὸ
1026 2395 1087 2456 τοῦ
1098 2413 1176 2454 παι-

103 2499 153 2554 456
173 2490 345 2568 δεραστεῖν
363 2487 674 2571 κατωφρυωμένονς
690 2489 811 2576 λόγους
832 2489 1021 2575 ἐθαύμαζον
1042 2487 1103 2574 μὲν
1123 2489 1176 2553 ἐπὶ

172 2590 212 2670 τῆ
228 2582 420 2676 σεμνότητι,
449 2581 537 2670 πλῆν
557 2582 598 2651 οὐ
619 2586 712 2652 πάνυ
731 2593 883 2673 θυμῆρες
905 2583 1034 2676 ᾠόμην,
1061 2583 1176 2672 έφῆβφ

172 2682 264 2748 παιδὶ
286 2683 592 2767 συνδιημερεύοντα
618 2691 839 2762 Τανταλείους
864 2688 957 2760 δίκας
978 2681 1175 2768 ὑποφέρειν,

172 2782 308 2858 καὶτοῖς
329 2777 452 2865 όμμασι
469 2789 531 2849 τοῦ
546 2782 690 2861 κάλλους
706 2785 886 2869 μονονουχὶ
901 2781 1175 2866 προσκλόζοντος,

172 2876 246 2959 ἐξόν
267 2876 476 2964 ἀρύσασθαι,
500 2884 601 2967 διψῆν
622 2879 818 2966 ὑπομένειν·
847 2877 973 2964 οὐγὰρ
994 2878 1122 2965 ιἰπόχρη
1138 2877 1175 2947 τό

171 2988 315 3060 θεωρεῖν
332 2977 502 3064 ἐρόμενον
526 2977 599 3046 οὐδ’
617 2977 803 3066 άπαντικρό
824 2979 1019 3064 καθημένου
1041 2981 1096 3045 καὶ
1116 2985 1177 3045 λα-

172 3084 312 3154 λοῦντος
327 3073 480 3162 ἀκούειν,
500 3075 573 3146 ἀλλ’
588 3075 698 3163 ὥσπερ
709 3076 833 3164 ἡδονῆς
846 3083 988 3163 κλίμακα
1003 3075 1177 3161 συμπηξά-

171 3201 271 3262 μενος
292 3180 374 3261 έρως
396 3184 529 3261 πρῶτον
550 3183 613 3262 ἔχει
635 3174 772 3264 βαθμόν
791 3173 914 3259 ὅψεως,
937 3178 992 3242 ἴνα
1013 3178 1084 3261 ἴδη,
1111 3168 1178 3240 κάν

171 3272 348 3360 θεάσηται,
366 3283 470 3342 ποθεῖ
476 3275 657 3360 προσάγων
673 3275 884 3360 ἐφάψασθαι·
906 3269 951 3339 δι’
967 3271 1080 3357 άκρων
1091 3278 1178 3356 γοῦν

173 3373 346 3440 δακτύλων
362 3369 426 3440 κάν
440 3374 546 3460 μόνον
561 3380 659 3463 θίγη,
674 3370 714 3441 τοὶ
733 3380 789 3459 τῆς
803 3370 1017 3449 άπολαόσεως
1032 3377 1077 3450 είς
1087 3369 1178 3437 ἅπαν
