2575 3842
201 194 265 256 ενο
545 191 872 270 [Αονκικαοη

201 357 446 440 παραδίδωσιν,
469 349 534 438 ἐγω
558 353 593 420 δὲ
611 357 744 437 ἔχαιρον
760 349 805 430 ὡς
826 348 938 419 ούκίτι
955 343 1218 437 ἀχθοφορησων.

201 454 271 521 ἐπεὶ
295 454 331 518 δὲ
347 449 474 538 ἥκομεν
491 452 524 528 ές
545 447 606 518 τόν
625 447 751 535 ἀγρόν,
777 464 847 528 ταῖς
862 452 976 527 ἵπποις
992 475 1032 535 με
1053 447 1071 516 ὁ
1093 445 1219 535 νομεύς

202 551 356 634 συνέμιξε
370 550 425 617 καὶ
443 541 526 634 ἦγεν
537 546 622 634 ἡμᾶς
634 545 696 632 τὴν
710 544 835 632 ἀγέλην
850 553 896 625 είς
909 546 1026 632 νομόν.
1048 552 1099 616 28.
1117 549 1219 632 ἐχρῆν

202 647 238 715 δέ
259 646 324 733 ἀρα
340 645 518 714 κάνταῦθα
539 643 650 727 ιόσπερ
668 643 975 733 Κανδαύληκάμολ
990 648 1168 730 γενέσθαι·
1198 641 1216 710 ὁ

202 745 269 835 γάρ
287 747 461 832 ἐπιστάτης
480 752 549 812 τῶν
564 747 679 812 ’ίππων
695 751 735 833 τῇ
751 741 856 812 αὐτοῦ
876 745 1012 830 γυναικί
1030 743 1219 831 Μεγαπόλη

132 852 183 909 597
204 850 306 914 ἐνδον
321 870 362 930 με
376 847 566 912 κατέλιπεν·
588 840 609 930 ἡ
627 843 663 910 δὲ
676 850 716 928 τῇ
727 844 816 930 μύλη
828 867 869 928 με
879 840 1117 927 ὑπεζεύγνυεν,
1133 838 1220 908 ὥστε

203 943 296 1015 ἀλεῖν
313 942 397 1032 αὐτῇ
413 945 468 1012 καί
485 941 615 1028 πυρούς
635 945 691 1012 καλ
709 940 832 1026 κριθάς
853 941 941 1020 ὅλας.
969 945 1024 1010 καλ
1041 942 1220 1029 τοῦτομὲν

202 1037 248 1132 ἦν
263 1045 398 1129 μέτριον
413 1039 520 1110 κακόν
535 1040 718 1132 εὐχαρίστῳ
736 1037 804 1130 όνω
819 1038 913 1108 ἀλεῖν
926 1053 995 1118 τοῖς
1011 1043 1133 1108 ἑαυτοῦ
1145 1043 1220 1108 ε’πι-

202 1140 352 1220 στάταις·
375 1138 395 1228 ἡ
412 1143 448 1209 δέ
463 1147 615 1228 βελτίστη
629 1143 684 1208 καλ
698 1136 789 1225 παρά
801 1146 870 1207 των
881 1137 993 1208 ἀλλων
1003 1146 1071 1205 των
1082 1140 1120 1205 ἐν
1131 1139 1220 1206 ἐκεί-

203 1268 276 1322 νοις
289 1253 356 1320 τοῖς
371 1238 485 1326 ἀγροῖς
498 1279 541 1291 -
557 1239 674 1306 πολλοὶ
693 1240 730 1306 δὲ
752 1238 845 1306 πάνυ
858 1231 947 1325 ἦσαν
961 1277 999 1288 -
1017 1235 1144 1319 άλευρα
1158 1235 1219 1305 τόν

202 1336 329 1426 μισθόν
353 1343 492 1406 αἰτοῦσα
510 1339 689 1422 ἐξεμίσθου
708 1335 769 1404 τὸν
789 1334 869 1421 ἐμὸν
894 1332 1016 1402 άθλιον
1039 1334 1216 1420 τράχηλον,

203 1438 257 1505 καλ
269 1433 328 1514 τὰς
338 1439 400 1522 μὲν
412 1431 534 1518 κριθάς
545 1431 673 1519 τούμὸν
684 1432 821 1516 ἀριστον
832 1433 1010 1520 φρύγουσα
1022 1430 1122 1519 κάμοὶ
1134 1431 1217 1500 ὥστε

203 1533 296 1604 ἀλεῖν
308 1533 551 1619 έπιβάλλονσα,
566 1532 669 1616 μάζας
679 1530 760 1610 όλας
770 1539 913 1600 ποιοῦσα
927 1534 1122 1600 κατέπινεν·
1144 1534 1218 1617 ἐμοὶ

204 1634 240 1700 δέ
257 1639 379 1714 πίτυρα
395 1628 432 1697 τό
455 1628 593 1712 άριστον
605 1623 658 1717 ἦν.
691 1637 722 1699 εί
740 1633 779 1699 δέ
796 1655 876 1698 ποτε
892 1633 948 1699 καὶ
965 1630 1164 1698 συνελάσειέ
1179 1656 1218 1716 με

203 1742 274 1806 ταῖς
288 1730 401 1804 ἵπποις
419 1724 436 1794 ὁ
452 1727 589 1813 νομεύς,
608 1728 790 1813 παιόμενος
806 1755 841 1796 τε
856 1730 911 1796 καὶ
925 1728 1132 1813 δακνόμενος
1149 1723 1215 1794 ύπέ

202 1835 270 1894 τῶν
282 1823 435 1910 ἀρσένων
447 1821 671 1912 ἀπωλλύμην·
686 1824 736 1894 ἀεὶ
747 1828 812 1912 γάρ
823 1853 863 1911 με
874 1825 992 1912 μοιχόν
1003 1824 1208 1894 ὑποπτεύον-

203 1951 255 2003 τες
272 1922 357 1992 εἶναι
372 1950 440 1991 τιον
462 1927 574 1991 ἵππων
590 1931 659 1991 τῶν
675 1921 788 1990 αὑτων
802 1931 975 2009 γυναικῶν
994 1927 1134 1992 ἐδίωκον
1152 1921 1218 2008 ἀμ-

204 2027 358 2111 φοτέροις
373 2028 418 2101 είς
433 2021 489 2108 ε’μέ
504 2019 792 2107 ὑπολακτίζοντες,
815 2020 900 2089 ὥστε
917 2025 1033 2107 φέρειν
1048 2018 1112 2089 ούκ
1131 2018 1227 2106 ἠδν-.

203 2122 315 2208 νάμην
330 2125 529 2205 ζηλοτυπίαν
550 2119 699 2204 ἱππικήν.
727 2115 845 2196 λεπτὸς
863 2111 926 2186 οὖν
941 2121 996 2187 καὶ
1010 2118 1164 2204 ἄμορφος
1182 2122 1219 2186 ἐν

204 2217 246 2287 οὐ
269 2225 381 2306 πολλῷ
400 2217 511 2308 χρόνῳ
534 2217 714 2303 ἐγενόμην,
736 2214 814 2283 οὔτε
834 2221 933 2284 ἔνδον
950 2214 1220 2302 εὐφραινόμενος

203 2314 287 2399 πρὸς
301 2322 341 2403 τῇ
357 2314 446 2402 μύλη
464 2312 541 2382 οὔτε
556 2312 738 2400 ὑπαίθριος
750 2314 951 2400 νεμόμενος,
965 2312 1033 2383 ὑπό
1048 2323 1116 2383 τῶν
1130 2335 1220 2381 συν·

203 2411 319 2497 νόμων
339 2413 596 2498 πολεμούμενος.
630 2419 682 2480 29.
699 2413 753 2481 καὶ
770 2409 837 2499 μην
851 2413 906 2480 καί
925 2410 965 2478 τά
986 2410 1092 2481 πολλά
1117 2418 1165 2490 είς
1180 2409 1219 2479 τό

203 2509 281 2593 ὅρος
293 2505 364 2574 ἀνω
379 2510 573 2594 ἐπεμπόμην
585 2512 638 2578 καλ
651 2511 733 2589 ξύλα
744 2524 812 2588 τοῖς
824 2506 925 2596 άμοις
935 2511 1095 2597 ἐκόμιζον.
1116 2517 1220 2578 τοῦτο
1284 2532 1285 2539 “

204 2605 240 2672 δὲ
256 2597 350 2691 ἦντὸ
368 2605 553 2690 κεφάλαιον
568 2614 635 2673 τῶν
651 2610 740 2693 ἐμῶν
757 2614 886 2674 κακῶν·
906 2615 1041 2692 πρῶτον
1052 2608 1114 2694 μὲν
1125 2607 1221 2692 ὑψη-

204 2701 266 2773 λόν
281 2699 360 2786 ὅρος
375 2700 571 2790 ἀναβαίνειν
588 2709 672 2792 ἐδει,
691 2702 802 2791 ὀρθὴν
819 2710 936 2782 δεινῶς
951 2704 1050 2791 ὁδόν,
1075 2703 1143 2772 εἶτα
1161 2707 1222 2772 καὶ
1284 2728 1285 2735 “

132 2826 184 2881 598
204 2800 415 2887 ἀνυπόδητος
430 2801 500 2886 όρει
517 2807 553 2871 έν
571 2810 701 2895 λιθίνῳ.
724 2810 782 2871 καί
792 2829 849 2889 μοι
865 2806 1114 2891 συνεξέπεμπον
1133 2801 1221 2890 ὀνη-

201 2901 323 2986 λάτην,
340 2900 520 2985 παιδάριον
534 2899 740 2985 ἀκάθαρτον.
763 2903 861 2969 τοῦτό
872 2927 913 2987 με
925 2908 1049 2981 καινῶς
1061 2903 1221 2970 ἑκάστοτε

200 2996 371 3065 ἀπώλλυε·
404 3003 620 3085 πρῶτονμὲν
640 3002 734 3066 ἔπαιέ
755 3025 796 3085 με
818 3001 873 3067 καὶ
894 3001 1052 3085 τρέχοντα
1072 3006 1150 3067 λίαν
1175 2998 1220 3066 ού

201 3095 290 3184 ξύλω
303 3092 414 3184 ἁπλῷ,
430 3093 514 3165 ἀλλά
529 3104 574 3187 τῷ
588 3095 685 3178 όζους
698 3095 850 3176 πυκνούς
861 3103 968 3184 ἐχοντι
982 3097 1039 3166 καὶ
1049 3095 1142 3181 ὀξεῖς,
1159 3099 1220 3165 καὶ

201 3191 252 3259 άελ
267 3197 381 3260 ἔκαιεν
399 3195 431 3270 ἐς
450 3191 487 3260 τὸ
500 3191 581 3260 αὐτὸ
597 3201 657 3260 τοῦ
669 3202 796 3281 μηροῦ,
814 3193 897 3262 ὥστε
909 3193 1056 3284 ἀνέῳκτό
1067 3221 1123 3282 μοι
1137 3194 1220 3264 κατ’

201 3291 307 3356 ἐκεῖνο
329 3286 347 3354 ὁ
367 3287 471 3376 μηρός
487 3297 526 3379 τῇ
547 3292 677 3381 ῥάβδῳ·
709 3290 727 3360 ὁ
750 3294 786 3360 δὲ
808 3291 859 3360 ἀεὶ
879 3290 916 3360 τό
934 3301 1066 3380 τραῦμα
1086 3299 1219 3362 ἔκαιεν.

202 3381 270 3449 εἶτά
291 3410 348 3470 μοι
365 3388 508 3456 ἐπετίθει
526 3397 667 3474 φορτίον
689 3388 772 3458 ὅσον
790 3389 936 3475 χαλεπόν
957 3389 1042 3459 εἶναι
1065 3393 1119 3460 καλ
1141 3394 1222 3461 ἐλέ-
