2575 3842
439 206 747 269 ΛΕΞΙΦΑΝΗΣ.
1036 199 1095 264 181

91 371 160 432 τῶν
174 361 331 449 ἀθλητάν
343 363 451 448 νόμον
470 361 491 449 ή
506 363 628 447 στερρά
644 382 696 429 σοι
709 361 816 448 τροφή
834 363 986 449 συνήθης
1002 368 1095 448 ἔστω,

91 460 233 548 μάλιστα
250 461 286 528 δὲ
299 460 422 547 Χάρισι
437 463 491 527 καὶ
508 465 672 547 σαφηνείᾳ
688 467 769 546 θῦε,
787 452 834 529 όν
849 461 1006 545 πάμπολυ
1021 466 1097 526 λίαν

92 567 159 627 νῦν
176 555 383 640 ἀπολέλειψο.
419 563 467 625 24.
494 559 549 624 καὶ
568 553 585 623 ὁ
607 563 713 641 τῦφος
735 557 772 624 δὲ
787 554 876 644 καλή
894 562 1096 642 μεγαλαυχία

93 659 148 724 καὶ
169 653 189 741 ῇ
214 655 397 742 κακοήθεια
418 659 473 723 καὶ
498 652 534 722 τδ
558 655 790 742 βρενθύεσθαι
811 658 866 723 καὶ
889 661 1098 740 λαρυγγίζειν

93 751 224 819 ἀπέστω
240 755 295 820 καλ
313 750 350 819 τό
369 756 607 820 διασιλλαίνειν
623 750 664 818 τά
680 759 747 819 τῶν
765 751 876 820 ἀλλων
897 756 952 820 καὶ
967 760 1099 820 οίεσθαι

95 849 145 917 ὅτι
160 857 289 932 πρῶτος
310 855 368 937 έση
384 848 499 932 αύτός,
521 846 566 936 ἢν
585 847 625 917 τά
643 849 780 917 πάντων
795 858 1016 938 συκοφαντῇς.
1044 849 1099 915 καὶ

94 944 162 1032 μήν
174 944 306 1013 κάκεῖνο
324 945 517 1033 οὐμικρόν,
538 948 713 1033 μᾶλλονδὲ
727 947 763 1014 τό
779 952 934 1034 μέγιστον
949 946 1099 1034 ἁμαρτά-

95 1067 178 1126 νεις,
204 1041 255 1108 ότι
279 1041 319 1108 ού
341 1045 505 1128 πρότερον
530 1046 588 1122 τάς
609 1049 758 1123 διανοίας
779 1053 847 1113 τῶν
873 1048 993 1124 λέξεων
1013 1067 1097 1128 προ-

95 1142 403 1224 παρεσκευασμένος
414 1146 525 1208 έπειτα
534 1155 749 1226 κατακοσμεῖς
759 1156 826 1220 τοῖς
834 1142 956 1229 βήμασι
968 1143 1022 1208 καὶ
1031 1153 1098 1216 τοῖς

96 1234 273 1323 ὀνόμασιν,
301 1235 384 1305 ἀλλά
404 1237 447 1324 ήν
474 1264 540 1306 που
561 1242 648 1326 βῇμα
671 1245 819 1324 ἔκφυλον
838 1238 936 1326 εύρης
956 1234 977 1323 ή
998 1232 1098 1313 αύτός

95 1333 304 1420 πλασάμενος
325 1341 443 1423 οἰηθῇς
460 1335 543 1403 εἶναι
559 1335 679 1420 καλόν,
701 1336 807 1425 τούτφ
829 1341 929 1421 ζητεῖς
944 1332 1098 1400 διάνοιαν

95 1431 282 1518 ἐφαρμόσαι
296 1434 349 1500 καὶ
367 1438 482 1518 ζημίαν
498 1432 578 1522 ήγῇ,
595 1429 638 1499 ἀν
654 1431 698 1520 μή
715 1435 909 1521 παραβύσῃς
924 1429 1006 1500 αύτό
1021 1455 1097 1515 που,

96 1524 160 1596 κάν
169 1535 215 1617 τῷ
225 1533 392 1620 λεγομένῳ
403 1529 482 1616 μηδ’
494 1528 677 1615 ἀναγκαῖον
690 1524 729 1617 ῇ,
746 1527 819 1599 οἷον
830 1530 947 1620 πρῴην
958 1525 1018 1595 τόν
1029 1537 1097 1595 θυ-
1115 1553 1164 1607 ςςς

99 1625 161 1714 μάλ
251 1623 330 1694 οὐδὲ
347 1624 442 1704 είδοδς
458 1625 478 1696 ό
491 1655 522 1694 τι
537 1635 706 1714 σημαίνει,
724 1626 908 1713 ἀπέρριψας
921 1624 1021 1694 οὐδέν
1032 1629 1099 1692 ἐοι-

98 1649 236 1815 κότάᾚ
253 1722 470 1818 ὑποκειμένῳ.
499 1731 554 1795 καλ
571 1731 605 1795 ολ
618 1730 681 1813 μὲν
701 1731 828 1794 ἰδιῶται
844 1725 965 1802 πάντες
982 1724 1099 1809 έτεθή-

96 1840 202 1889 πεσαν
213 1819 278 1888 ὑπὸ
289 1831 350 1890 τού
359 1826 455 1903 ξένου
466 1827 643 1910 πληγέντες
654 1821 693 1889 τά
707 1815 789 1907 ύτα,
802 1825 836 1888 oc
842 1823 1099 1904 πεπαιδευμένοι

97 1923 132 1986 δὲ
152 1917 205 1986 ἐπ’
221 1918 418 2006 ἀμφοτέροις
435 1925 490 1990 καλ
510 1923 563 1989 σολ
585 1923 641 1989 καλ
661 1933 729 1997 τοῖς
750 1921 945 1985 ἐπαινοῦσιν
966 1920 1097 2002 έγέλων.

96 2021 146 2083 25.
169 2012 206 2082 τδ
227 2019 263 2083 δέ
287 2017 421 2084 πάντων
441 2016 766 2103 καταγελαστότατον
788 2015 895 2081 ἐκεῖνό
916 2016 1022 2094 ἐστιν,
1049 2011 1099 2079 ὅτι

96 2109 312 2196 ὑπεράττικος
328 2112 412 2182 εἶναι
424 2113 526 2194 ἀξιῶν
540 2117 594 2182 καὶ
608 2112 670 2198 τήν
681 2109 800 2197 φωνήν
815 2116 859 2187 είς
873 2108 909 2177 τὸ
923 2108 1100 2196 ἀρχαιότα-

96 2234 156 2275 τον
170 2207 442 2298 ἀπηκριβωμένος
455 2219 591 2278 τοιαῦτα
605 2217 695 2296 έυια,
717 2217 843 2294 μᾶλλον
858 2210 893 2276 δὲ
908 2209 948 2274 τά
965 2215 1099 2274 πλεῖστα

97 2310 367 2395 ἐγκαταμιγνύεις
380 2325 446 2389 τοῖς
458 2312 585 2397 λόγοις,
602 2305 624 2375 δι’
640 2307 723 2394 μηδὲ
737 2320 813 2386 παῖς
827 2306 901 2390 άρτι
914 2305 1100 2392 μανθάνων

97 2404 293 2492 ἀγνοήσειεν
316 2408 374 2477 ἀν·
408 2407 480 2478 οἷον
506 2412 615 2477 έκεῖνα
638 2414 708 2485 πῶς
732 2415 793 2474 οίει
814 2404 895 2473 κατά
920 2413 979 2491 γῇς
1001 2409 1100 2471 δῦναι

96 2502 248 2591 ηὐχόμην
263 2503 397 2574 ἀκούων
412 2528 474 2574 σου
492 2509 782 2591 ἐπιδεικνυμένου,
799 2504 853 2573 ὅτε
867 2505 1022 2591 χιτώνιον
1039 2503 1100 2589 μέν

96 2604 150 2669 καὶ
160 2600 197 2670 τδ
210 2601 366 2690 ἀνδρεῖον
381 2605 450 2695 η’ίου
465 2608 637 2690 λέγεσθαι,
654 2604 815 2687 δουλάρια
830 2603 866 2670 δέ
882 2605 937 2671 καὶ
951 2600 1028 2680 τούς
1039 2600 1101 2685 άρ-

97 2726 196 2784 ρευας
212 2709 280 2769 τῶν
295 2700 497 2772 ἀκολούθων
517 2701 708 2785 ἀπεκάλεις,
730 2701 751 2768 ἀ
768 2708 816 2779 τίς
837 2697 899 2768 ούκ
922 2698 1028 2784 οἶδεν,
1050 2697 1100 2765 ότι

95 2799 250 2884 χιτάνιον
260 2801 322 2885 μέν
336 2799 495 2886 γυναικὸς
506 2801 624 2886 έσθής,
640 2799 801 2881 δουλάρια
816 2801 853 2864 δὲ
863 2794 902 2863 τά
917 2796 1024 2880 θήλεα
1038 2820 1100 2861 κα-

96 2904 209 2978 λοῦσι;
237 2902 292 2966 καὶ
311 2898 394 2968 ἀλλα
411 2896 498 2968 πολύ
517 2899 646 2966 τούτων
673 2899 943 2980 προφανέστερα,
969 2888 1041 2959 οἷον
1061 2889 1097 2957 τό

94 2997 211 3063 ἵπτατο
222 2999 276 3064 καὶ
289 2997 326 3065 τό
339 2995 575 3082 ἀπαντώμενος
589 2996 643 3062 καὶ
657 2992 694 3060 τδ
710 2994 888 3069 καθεσθεὶς
900 2990 978 3058 οὐδὲ
987 3015 1099 3075 μετοι-

95 3091 171 3160 κικά
193 3101 249 3179 τῇς
269 3092 456 3180 Ἀθηναίων
478 3101 600 3180 φωνῆς.
635 3090 727 3178 ἡμεῖς
747 3089 827 3158 οὐδὲ
846 3087 984 3174 ποιητάς
1004 3091 1098 3155 ἐπαι-

94 3198 221 3277 νοῦμεν
232 3190 311 3271 τούς
323 3193 533 3276 κατάγλωττα
546 3191 737 3276 γράφοντας
749 3187 922 3272 ποιήματα.
945 3183 985 3252 τά
997 3187 1033 3251 δὲ
1043 3184 1097 3268 σά,

95 3286 138 3367 ὡς
154 3287 233 3369 πεζά
247 3293 377 3376 μέτροις
391 3290 632 3377 παραβάλλειν,
651 3285 804 3370 καθάπερ
820 3283 837 3351 ὁ
854 3283 1014 3353 Δωσιάδα
1029 3291 1097 3370 βω·
1114 3303 1167 3358 350

93 3385 154 3471 μδς
170 3384 215 3454 ἀν
232 3397 282 3472 εἴη
297 3389 352 3455 καὶ
365 3383 386 3472 ή
401 3395 462 3454 τοῦ
476 3386 698 3472 Λυκόφρονος
710 3382 924 3471 Ἀλεξάνδρα,
940 3385 994 3452 καὶ
1011 3393 1045 3451 εί
1050 3410 1098 3462 τις
