2575 3842
319 185 541 246 ΟΝΕΙΡΟΣ
558 188 587 238 H
604 185 920 243 ΑΛΕΚΤΡΤΩΝ.
1064 181 1128 246 389

12 401 14 440 ,
114 368 234 427 έμενον
258 340 411 426 άοίκητος
433 341 550 428 έστως,
574 339 650 427 άχρι
665 339 705 427 δὴ
722 339 740 408 ὁ
755 342 960 428 Μνήσαρχος
978 344 1124 428 ἐξειργά-

11 483 13 530 1
111 441 184 522 ζετό
198 465 255 526 μοι
273 439 332 508 τὸν
347 439 449 508 οἶκον.

197 545 297 606 ΜΙΚ.
312 536 459 622 ’Ἁσιτος,
475 531 503 604 ῶ
517 537 596 621 τάν,
613 541 667 605 καί
683 536 822 619 άποτος;

197 643 329 702 ΑΑΕΚ.
357 636 424 703 Καὶ
442 635 546 720 μάλα·
570 632 651 702 οὐδὲ
669 633 735 720 γάρ
755 639 822 700 ἔδει
841 632 1010 720 τοάτωνῆ
1031 639 1125 729 μόνῳ

10 711 12 818 λ
110 740 157 821 τῷ
171 733 307 818 σάματι.

10 831 12 888 λ
198 837 296 898 ΜΙΚ.
322 827 461 898 Οὐκοῦν
472 828 512 896 τά
524 831 561 896 έν
572 827 656 920 Ἰλίῳ
666 856 722 915 μοι
733 837 867 918 πρῶτον
878 834 957 899 είιτέ.
986 841 1124 901 τοιαῦτα

9 888 11 936 ’
111 921 155 1014 ἦν
170 925 223 996 οἷά
240 952 345 1014 φησιν
354 926 498 1014 ’Όμηρος
510 931 669 1011 γενέσθαι
683 926 783 1007 αὐτά;

197 1033 328 1095 AAEK.
351 1027 470 1093 Πόθεν
491 1029 615 1103 ἐκεῖνος
635 1022 810 1112 ἠπίστατο,
836 1019 864 1093 ῶ
885 1034 1056 1113 Μίκυλλε,
1087 1025 1123 1107 ὃς

109 1127 298 1210 γινομένων
310 1127 447 1192 ἐκείνων
462 1125 610 1210 κάμηλος
624 1127 660 1191 έν
671 1124 835 1207 Βάκτροις
850 1118 910 1210 ἦν;
933 1124 996 1211 ε’γῶ
1013 1126 1049 1194 δὲ
1063 1153 1121 1193 το-
1139 1143 1193 1200 728

109 1220 234 1289 σούτόν
248 1228 304 1290 σοί
313 1248 398 1308 φημι
413 1220 584 1307 ὑπερφυὲς
595 1223 700 1306 μηδὲν
710 1223 872 1306 γενέσθαι
884 1223 958 1290 τότε
969 1225 1050 1310 μήτε
1061 1224 1122 1291 τὸν

116 1328 238 1388 Αίαντα
257 1317 344 1387 οὕτω
360 1323 465 1406 μέγαν
479 1319 560 1405 μήτε
575 1317 636 1404 την
648 1317 785 1405 Ἑλένην
796 1318 903 1406 αὐτὴν
915 1319 1004 1388 οὕτω
1015 1321 1122 1408 καλὴν

109 1414 154 1496 ῶς
171 1427 306 1485 οίονται.
331 1416 421 1486 εἶδον
436 1415 501 1503 γὰρ
522 1414 647 1503 λευκὴν
660 1418 723 1502 μέν
742 1443 816 1484 τινα
830 1419 885 1484 καί
903 1419 1044 1504 ἐπιμήκη
1060 1416 1120 1486 τὸν

108 1517 289 1603 τράχηλον,
318 1514 361 1594 ῶς
383 1517 523 1597 εἰκάζειν
548 1516 678 1582 κύκνου
700 1520 872 1601 θυγατέρα
894 1515 996 1603 εἶναι,
1022 1516 1062 1584 τὰ
1085 1520 1120 1585 δὲ

111 1611 192 1681 άλλα
208 1614 300 1680 πάνυ
318 1622 501 1701 πρεσβῦτιν
514 1612 687 1699 ἡλικιῶτιν
702 1611 821 1699 σχεδὸν
835 1621 892 1700 τῆς
902 1614 1059 1703 Ἑκάβης,
1077 1614 1122 1700 ἥν

109 1736 147 1796 γε
164 1708 293 1795 Θησεὺς
314 1719 448 1793 πρῶτον
466 1709 617 1794 ἁρπάσας
632 1714 670 1778 έν
687 1709 858 1797 Ἀφίδναις
875 1712 938 1799 εἶχε
958 1715 1041 1782 κατά
1060 1711 1121 1781 τάν

111 1811 268 1891 Ηρακλέα
278 1809 469 1893 γενόμενος,
488 1805 548 1874 ὁδ’
563 1806 727 1893 Ἡρακλῆς
737 1809 902 1896 πρότερον
916 1808 981 1879 εἷλε
997 1817 1121 1896 Τροίαν

109 1902 192 1974 κατά
203 1903 282 1983 τούς
293 1909 435 1989 πατέρας
444 1902 541 1992 ἡμῶν
552 1903 631 1983 τοὺς
641 1905 716 1971 τότε
726 1905 877 1990 μάλιστα.
900 1910 1043 1993 διηγεῖτο
1054 1907 1120 1991 γάρ

5 2025 6 2046 ι
109 2029 164 2071 ιιοι
186 2000 203 2069 ὁ
224 2005 388 2080 Πάνθους
409 2009 513 2069 ταῦτα
533 2007 654 2090 κομιδῇ
670 2003 844 2087 μειράκιον
867 2000 915 2070 ω”ν
939 2007 1120 2088 ἑωρακέναι

108 2104 216 2186 λέγων
230 2099 290 2167 τὸν
301 2098 472 2183 Ἡρακλέα.

192 2207 292 2268 ΜΙΚ.
318 2207 361 2266 Τί
372 2204 443 2281 δαίς
465 2200 483 2266 ὁ
498 2197 663 2286 Ἀχιλλεὺς
685 2208 836 2278 τοιοῦτος
850 2193 909 2286 ἦν,
932 2199 1066 2284 άριστος
1079 2198 1119 2268 τά

108 2300 233 2383 πάντα,
251 2295 272 2385 ἢ
289 2307 400 2386 μῦθος
415 2299 522 2378 άλλως
538 2302 592 2367 καὶ
606 2307 729 2380 ταυτας

192 2407 324 2468 ΑΛΕΚ.
344 2397 475 2491 Ἐκείνηι
486 2402 547 2487 μέν
559 2397 660 2467 οὐδὲν
671 2402 901 2486 συνηνέχθην,
916 2392 944 2466 ῶ
956 2404 1119 2484 Μίκυλλε,

109 2495 183 2566 οὐδ’
201 2495 244 2565 άν
264 2504 372 2584 έχοιμί
385 2518 438 2566 σοι
455 2496 601 2588 ἀκριβῶς
618 2497 707 2565 οὕτω
727 2497 767 2565 τά
786 2495 876 2583 ταρὰ
895 2512 963 2576 τοῖς
981 2495 1120 2582 Ἀχαιοῖς

109 2602 227 2681 λέγειν.
249 2598 359 2665 πόθεν
370 2597 451 2684 γάρ,
464 2601 619 2682 πολέμιος
634 2597 697 2676 ῶν;
714 2596 774 2666 τὸν
789 2600 902 2684 μέντοι
913 2600 1045 2682 ἑταῖρον
1056 2592 1120 2662 αὐ-

109 2703 170 2762 τοῦ
184 2693 243 2761 τὸν
260 2696 459 2779 Πάτροκλον
473 2693 515 2762 οὐ
534 2705 684 2782 χαλεπῶς
700 2696 878 2765 ἀπέκτεινα
899 2696 1053 2773 διελάσας
1073 2701 1119 2781 τῷ

109 2797 260 2882 δορατίῳ.

192 2897 291 2959 ΜΙΚ.
321 2888 405 2958 Εἶτά
426 2910 463 2958 σε
490 2890 508 2958 ὁ
531 2897 709 2971 Μενέλεως
732 2900 848 2980 μακρῷ
876 2890 1118 2977 εὐχερέστερον.
1137 2905 1189 2960 729

109 2988 192 3059 άλλά
209 2989 388 3076 ταῦταμὲν
404 2995 543 3076 ἱκανῶς,
560 2990 598 3058 τά
612 2991 824 3076 Πυθαγόρου
841 2993 876 3058 δὲ
890 2990 954 3077 ἤδη
969 2993 1052 3075 λέγε.

192 3097 241 3160 18.
257 3097 390 3160 ΑΛΕΚ.
411 3090 456 3157 T&
472 3091 533 3176 μὲν
548 3089 646 3174 ὅλον,
662 3083 869 3176 ῶΜίκυλλε,
884 3089 1043 3176 σοφιστὴς
1057 3087 1119 3156 άν-

108 3201 244 3274 θρωιτος
259 3182 318 3276 ἦν·
340 3186 401 3275 χρη
423 3189 506 3275 γάρ,
529 3187 634 3276 οἶμαι,
658 3187 800 3275 τάληθὲς
814 3192 937 3274 λέγειν·
960 3187 1068 3266 άλλως
1083 3190 1118 3254 δὲ

109 3288 170 3356 οὐκ
191 3287 389 3366 άιιαίιλευτος
410 3285 489 3355 οὐδὲ
507 3285 702 3374 άμελέτητος
722 3297 790 3356 τῶν
806 3296 991 3356 καλλίστων
1006 3297 1118 3374 μαθη-

109 3389 236 3474 μάτων,
253 3385 449 3476 άιτεὸήμησα
463 3387 500 3454 δὲ
514 3389 570 3455 καὶ
584 3389 616 3466 ἐς
627 3398 818 3475 Αίγυιιτον,
835 3385 878 3467 ῶς
893 3392 1118 3474 συγγενοίμην

1136 3736 1275 3812 ,ι
