2575 3842
565 184 870 242 AOYKIANOY

299 347 329 408 6.
353 348 480 410 Διττοῦ
505 343 541 408 δέ
559 340 655 419 ὄντος
675 347 735 407 τοῦ
752 347 809 426 τῆς
829 349 1020 428 συμβουλῆς
1038 349 1157 429 ἔργον,
1182 340 1224 408 τά
1278 350 1280 407 ἶ

214 460 277 524 μεν
291 434 354 523 γάρ
372 443 556 524 αἱρεῖσθαι,
570 465 610 505 τα
599 436 663 505 δὲ
677 438 817 530 φεύγειν
833 440 996 525 διδάσκει,
1015 441 1097 526 φέρε
1110 445 1225 524 πρῶτα

216 545 361 622 εἴπωμεν
380 533 477 603 άτινα
488 537 664 620 φευκτέον
684 541 730 601 τῶ
751 539 901 620 ἱστορίαν
917 538 1148 628 συγγράφοντι
1169 536 1225 602 καὶ

216 625 264 700 ῶν
286 633 428 718 μάλιστα
449 634 694 717 καθαρευτέον,
717 637 828 724 ἔπειτα
849 629 898 711 οἷς
913 635 1082 720 γρῶμενος
1100 631 1163 701 οῦκ
1180 629 1225 698 ἀν

214 729 355 817 ἀμάρτοι
371 737 428 816 τῆς
443 729 547 818 ὀρθῆς
563 757 618 798 και
607 728 683 798 ἐπ’
698 727 820 797 εῦθῦ’
801 731 965 818 αγοῦσης,
980 728 1085 819 ἀρχήν
1099 757 1134 797 τε
1147 731 1224 796 οἵαν
1278 784 1279 821 3

216 827 308 918 αὐτῷ
322 827 462 911 ἀρκτέον
478 830 532 896 καὶ
549 830 640 909 τάξιν
655 826 774 914 ἥντινα
788 844 856 908 τοῖς
871 835 980 915 ἔργοις
995 830 1224 915 ἐφαρμοστέον
1278 864 1279 873 ¹

215 927 269 994 καὶ
281 927 402 1011 μέτρον
413 927 554 993 ἑκάστου
564 929 617 993 καί
626 923 649 992 ά
658 927 841 1012 σιωπητέον
850 927 905 993 καὶ
914 920 962 1004 οἷς
974 928 1224 1011 ἐνδιατριπτέον

215 1025 270 1092 καὶ
298 1020 361 1090 ὅσα
388 1029 630 1109 παραδραμεῖν
648 1021 787 1110 άμεινον
818 1026 873 1091 καὶ
904 1019 993 1101 ὅπως
1023 1023 1224 1108 ἑρμηνεῦσαι
1278 1066 1279 1073 1

217 1119 300 1188 αῦτά
317 1123 371 1189 καὶ
392 1122 610 1240 συναρμόσαι.
639 1122 822 1207 ταῦταμὲν
836 1123 891 1188 καὶ
910 1118 949 1188 τά
966 1127 1101 1187 τοιαῦτα
1123 1117 1223 1215 ῦστε-
1278 1156 1279 1161 1

218 1244 296 1305 ρον
320 1225 385 1285 νῦν
402 1217 489 1287 δε
452 1246 511 1298 τας
526 1227 641 1312 κακίας
654 1218 717 1304 ἤδη
733 1228 894 1304 εἴπωμεν,
917 1216 1039 1286 ὁπόσαι
1052 1231 1120 1295 τοῖς
1131 1210 1221 1302 φαῦ-

217 1327 281 1394 λως
302 1318 535 1405 συγγράφουσι
559 1302 886 1437 παρακολουθοῦσιν.
921 1343 942 1382 α
927 1314 1019 1404 “μὲυ
1040 1308 1102 1382 οῦν
1123 1313 1221 1382 κοινά

215 1417 353 1486 πάντων
368 1419 478 1502 λόγων
492 1419 580 1484 ἐστὶν
594 1414 809 1503 ἁμαρτήματα
826 1422 864 1484 ἔν
877 1442 913 1483 τε
932 1441 1029 1534 φωνη
1015 1410 1131 1482 μαλ’
1115 1438 1220 1498 αρμο-

215 1523 271 1603 νίᾳ
290 1518 344 1582 καὶ
366 1519 495 1604 διανοίᾳ
511 1518 565 1582 καὶ
580 1542 619 1602 τη
607 1512 760 1602 άλλη’
741 1521 888 1603 ατεχνίηι,
913 1515 1042 1600 μακρόν
1055 1537 1090 1578 τε
1107 1507 1150 1577 ἀν
1170 1521 1222 1623 εἴη

217 1616 371 1680 ἐπελθειν
388 1615 442 1679 και
459 1619 516 1698 τῆς
528 1609 902 1699 παροῦσηςῦτοθέσεως
919 1608 981 1677 οῦκ
996 1612 1100 1677 ίδιον·
1123 1601 1221 1675 κοινά

215 1711 296 1795 γάρ,
315 1707 358 1787 ὡς
376 1707 507 1795 ἔφην,
490 1709 650 1776 απάντων
667 1708 809 1792 λέγων’
792 1709 880 1776 εστὶν
895 1705 1110 1798 ἁμαρτήματα
1126 1710 1175 1788 [ἐν
1185 1731 1220 1770 τε

217 1814 314 1894 φωνῇ
334 1808 388 1873 καὶ
406 1803 568 1894 άρμονίᾳ].
600 1810 628 1874 7.
652 1803 721 1872 66’
745 1809 781 1872 έν
797 1809 924 1893 ίστορίηι
948 1803 1219 1888 διαμαρτάνουσι,

215 1903 255 1972 τά
265 1910 401 1971 τοιαῦτα
411 1899 454 1971 ἀν
468 1901 578 1986 εῦροις
589 1905 763 1988 ἐπιτηρῶν,
779 1896 832 1969 οἷα
842 1900 939 1986 κάμοὶ
949 1900 1108 1976 πολλάκις
1118 1897 1218 1983 ἀκρο-

217 2005 332 2090 ωμένφ
348 2004 457 2086 ἔδοξε,
474 2002 528 2070 καὶ
545 2000 685 2088 μάλιστα
699 1997 744 2086 ἢν
754 1999 879 2067 ἅπασιν
890 1997 1001 2076 αὐτοῖς
1012 1995 1218 2082 ἀναπετάσῃς

214 2097 253 2167 τά
267 2091 342 2166 ῶτα.
365 2095 427 2166 οῦκ
442 2095 582 2182 άκαιρον
597 2101 631 2165 δὲ
643 2096 765 2183 μεταξῦ
777 2100 831 2166 καὶ
842 2094 1137 2182 ἀπομνημονεῦσαι
1148 2099 1219 2160 ένια

180 2215 197 2269 9
217 2202 479 2282 παραδείγματος
500 2198 597 2262 ἕνεκα
616 2202 684 2261 τῶν
708 2192 771 2281 ἤδη
796 2191 885 2262 οὕτω
906 2195 1218 2290 συγγεγραμμένων,

215 2299 269 2362 καὶ
283 2295 418 2381 πρῶτόν
429 2319 466 2378 γε
482 2296 604 2378 ἐκεῖνο,
621 2290 739 2377 ἡλίκον
754 2290 1020 2378 ἁμαρτάνουσιν,
1038 2292 1221 2376 ἐπισκοπή-

215 2412 340 2475 σωμεν·
369 2389 590 2476 ἀμελήσαντες
606 2388 671 2474 γάρ
687 2395 720 2458 οί
734 2394 850 2460 πολλοὶ
867 2389 978 2458 αὐτῶν
993 2397 1054 2458 τοῦ
1075 2392 1220 2474 ίστορεῖν

213 2487 253 2558 τά
261 2491 477 2582 γεγενημένα
498 2503 565 2566 τοῖς
586 2492 732 2611 έπριίνοις
752 2485 924 2574 ἀρχόντων
948 2492 1003 2557 καὶ
1026 2495 1221 2574 στρατηγῶν
1257 2533 1264 2544 -

214 2575 474 2673 ἐνδιατρίβουσι,
497 2583 575 2665 τοῦς
598 2588 660 2672 μὲν
682 2593 824 2666 οικειους
846 2594 890 2665 ε
912 2587 998 2668 ῦψος
1017 2589 1220 2671 ἐπαίροντες,

213 2681 292 2762 τοῦς
319 2692 496 2768 πολεμίους
519 2680 555 2751 δὲ
579 2688 662 2771 πέρα
688 2692 748 2753 τοῦ
771 2692 908 2770 μετρίου
933 2693 1220 2772 καταρρίπτοντες,

214 2779 414 2868 ἀγνοοῦντες
429 2778 471 2858 ῶς
486 2779 527 2848 οῦ
545 2790 649 2880 στενῷ
665 2809 710 2900 τρο
697 2789 837 2904 ἰσθμῷ
855 2783 1025 2903 διώρισται
1039 2809 1093 2850 και
1083 2786 1220 2851 διατε-

212 2888 366 2966 τειχισται
375 2907 400 2966 η
419 2885 545 3006 ιστορία
562 2877 645 2966 πρδς
661 2878 697 2947 τό
715 2880 896 2966 ἐγκῶμιον,
910 2879 994 2950 ἀλλά
1010 2909 1040 2949 τι
1055 2887 1137 2968 μέγα
1153 2897 1221 2949 τει-
1278 2892 1279 2895 ’

213 3004 268 3063 γος
285 2979 321 3043 ἐν
335 2980 422 3066 μέσφ
439 2978 526 3044 ἐστὶν
538 2976 649 3046 αὐτῶν
666 2980 721 3044 καὶ
734 2976 771 3044 τὸ
786 2987 854 3046 τῶν
868 2988 1039 3065 μουσικῶν
1056 2979 1097 3066 δη
1108 2987 1220 3066 τοῦτο,

213 3078 262 3152 δὶς
279 3072 333 3141 διά
349 3077 547 3142 πασῶνέστι
564 3073 647 3160 πρὸς
661 3074 808 3168 άλληλα,Ι
828 3088 861 3146 εί
869 3105 953 3169 γε
921 3087 967 3146 τῶ
981 3079 1042 3166 μὲν
1055 3080 1222 3166 ἐγκωμιά-

213 3179 300 3254 ζοντι
312 3174 423 3292 μόνον
440 3172 513 3251 ενός
527 3171 672 3260 μέλει,
657 3183 815 3244 οπωσοῦν
830 3179 999 3244 ἐπαινέσαι
1019 3180 1074 3245 καὶ
1090 3176 1221 3264 εὐφρά-

212 3299 268 3339 ναι
286 3268 346 3339 τόν
362 3271 619 3358 ἐπαινούμενον,
635 3300 690 3340 και
679 3276 732 3344 ελ
744 3281 942 3396 ψευσαμένῳ
953 3273 1094 3362 ὑπάρχει
1108 3291 1222 3362 τυχεῖν

212 3397 272 3438 του
259 3373 421 3453 τέλους,
438 3365 591 3456 ὀλίγον
568 3397 612 3436 αν
624 3380 850 3458 φροντίσειεν
873 3400 893 3460 η
881 3369 996 3440 δε’
957 3400 1020 3441 ουκ
1034 3373 1077 3441 ἀν
1093 3401 1124 3442 τι
1135 3382 1214 3457 φεῦ·
