2575 3842
202 174 540 239 ΑΛΕΞΑΝΔΡΟΣ
558 178 585 229 Η
610 174 988 232 ΨΕΥΔΟΜΑΝΤΙΣ.
1038 170 1097 233 125

89 343 189 401 λευσε
201 332 237 401 δὲ
248 334 399 417 ἕκαστον,
413 324 455 399 οῦ
470 328 570 399 δέοιτ’
584 329 627 397 άν
639 335 694 399 καὶ
706 330 724 400 δ
735 331 876 417 μάλιστα
888 342 1011 417 μαθεῖν
1023 334 1099 399 ἐθέ-

89 440 160 514 λοι,
177 432 209 508 ές
223 436 355 517 βιβλίον
371 430 582 514 ἐγγράψαντα
602 429 812 514 καταρράψαι
829 455 864 495 τε
884 430 938 495 καὶ
952 448 1096 513 καταση-
1116 446 1166 500 227

89 528 263 612 μήνασθαι
276 534 367 615 κηρῷ
378 523 399 611 ή
414 534 508 615 πηλῷ
519 521 542 612 ή
553 523 642 615 άλλω
653 527 809 615 τοιούτῳ·
827 522 927 603 αῦτδς
939 525 974 592 δὲ
985 522 1098 613 λαβιδν

90 621 130 689 τά
144 631 259 711 βιβλία
274 626 329 692 καλ
343 626 375 702 ές
392 620 429 691 τό
445 621 570 691 άδυτον
585 620 760 691 κατελθών
771 663 813 675 —-
824 622 886 709 ήδη
903 619 966 708 γάρ
982 621 999 689 ὁ
1015 620 1098 699 νεάς

92 720 248 807 ἐγήγερτο
262 724 317 788 καλ
332 718 353 808 ή
371 717 476 807 σκηνή
498 721 739 789 κατεσκεύαστο
757 762 799 773 -
813 722 964 789 καλέσειν
985 727 1098 805 έμελλε

92 816 173 886 κατὰ
191 818 285 898 τάξιν
299 816 377 897 τούς
392 819 577 897 δεδωκότας
588 816 654 885 ῦπδ
666 820 787 905 κήρυκι
798 819 852 885 καὶ
865 818 1027 907 θεολόγῳ,
1044 820 1098 883 καλ

92 943 182 1002 παρα
204 923 265 985 τοῦ
279 923 365 985 θεοῦ
386 914 521 983 άκούων
541 919 662 984 ἕκαστα
683 914 719 984 τό
738 917 799 1001 μὲν
815 921 946 1003 βιβλίον
965 913 1098 981 ἀποδω-

92 1034 163 1081 σειν
180 1017 431 1101 σεσημασμένον
444 1010 487 1091 όις
500 1012 582 1098 εἶχε,
598 1011 660 1100 τήν
676 1014 711 1081 δὲ
727 1012 809 1099 πρὸς
824 1008 903 1081 αύτό
919 1010 1096 1096 ἀπόκρισιν

92 1110 409 1198 ὑπογεγραμμένην,
427 1108 510 1194 πρός
526 1117 604 1189 ἔπος
618 1108 841 1196 ἀμειβομένου
851 1116 911 1178 τοῦ
923 1117 1008 1177 θεοῦ
1023 1112 1097 1193 περὶ

92 1208 173 1277 ότου
189 1237 237 1287 τις
252 1216 369 1292 ἔροιτο.
391 1215 442 1277 20.
458 1202 502 1294 ήν
517 1210 552 1275 δὲ
566 1206 603 1275 τὸ
621 1209 797 1294 μηχάνημα
811 1214 909 1276 Ιτοῦτο
924 1207 1021 1291 άνδρδ
1037 1208 1098 1294 μὲν

93 1310 153 1397 οίφ
168 1313 233 1391 σοί,
248 1312 277 1374 εἰ
287 1306 323 1373 δὲ
334 1304 378 1392 μή
390 1304 552 1391 φορτικόν
563 1310 677 1386 εἰπεῖν,
693 1307 747 1372 καὶ
758 1308 818 1395 οἵφ
833 1310 914 1390 ἐμοί,
930 1306 1098 1389 πρόδηλον

92 1407 148 1473 καλ
163 1412 291 1490 γνῶναι
306 1404 440 1493 ῥηίδιον,
456 1418 523 1481 τοῖς
540 1402 576 1470 δὲ
591 1404 737 1481 ίδιωταις
751 1405 804 1471 καλ
816 1404 954 1488 κορύζης
969 1416 1099 1487 μεστοῖς

91 1502 154 1588 τήν
170 1506 246 1587 ῥῖνα
258 1501 431 1588 τεράστιον
445 1504 500 1569 καὶ
519 1502 611 1569 πάνυ
626 1500 751 1590 άπίστφ
769 1500 895 1586 ὅμοιον.
921 1501 1098 1585 ἐπινοήσας
1116 1517 1167 1571 228

93 1600 157 1685 γάρ
175 1607 324 1678 ποικίλας
344 1608 410 1666 των
432 1604 626 1685 σφραγίδων
642 1597 700 1677 τάς
714 1600 825 1677 λύσεις
842 1596 1046 1682 άνεγίνωσκέ
1064 1620 1098 1662 τε

93 1696 151 1774 τάς
167 1697 340 1783 ἐρωτήσεις
351 1697 487 1774 ἑκάστας
498 1699 553 1763 καὶ
570 1694 609 1764 τά
625 1701 789 1764 δοκοῦντα
801 1694 885 1780 πρὸς
900 1693 1003 1772 αῦτόις
1019 1691 1099 1761 άπε-

7 1883 8 1886 ¹
94 1802 242 1877 κρίνετο,
259 1792 326 1861 εἶτα
340 1794 535 1879 κατειλήσας
552 1785 654 1871 αὖθις
669 1798 722 1861 καλ
738 1793 970 1879 σημηνάμενος
986 1790 1100 1858 άπεδί-

6 1889 8 1916 ⁴
94 1897 156 1959 δου
176 1888 257 1977 μετά
277 1899 403 1959 πολλοῦ
417 1892 592 1975 θαύματος
605 1906 674 1969 τοῖς
694 1890 912 1977 λαμβάνουσι.
942 1892 996 1956 καλ
1012 1883 1098 1956 πολῦ

93 1984 136 2076 ήν
158 1986 238 2072 παρ’
258 1987 369 2068 αῦτοῖς
389 1990 444 2074 τό,
470 1988 580 2055 πόθεν
605 1984 670 2072 γάρ
692 1980 788 2063 οὗτος
810 1985 967 2072 ήπίστατο
991 1985 1012 2053 ά
1034 1980 1098 2070 ἐγω

94 2088 187 2154 πάνυ
203 2085 357 2172 ἀσφαλῶς
377 2087 608 2174 σημηνάμενος
626 2082 716 2173 αύτῷ
731 2089 838 2151 ἔδωκα
859 2080 925 2149 ὑπὸ
941 2096 1099 2166 σφραγῖσι

93 2187 325 2271 δυσμιμήτοις,
348 2193 377 2253 εί
393 2183 437 2272 μή
457 2185 537 2262 θεός
554 2209 602 2261 τις
618 2182 661 2262 ὡς
678 2180 846 2269 άληθῦςὸ
868 2180 975 2248 πάντα
995 2179 1099 2265 γινά-

92 2309 185 2354 σκων
201 2280 260 2371 ήν;

179 2390 229 2451 21.
248 2391 342 2463 Τίνες
352 2377 416 2451 οῦν
428 2388 463 2452 αί
472 2386 625 2467 ἐπίνοιαι,
640 2392 719 2460 ίσως
732 2379 797 2467 γάρ
808 2379 909 2467 έρήση
923 2405 972 2465 με.
996 2376 1099 2446 όίκουε

93 2488 220 2566 τοίνυν,
233 2480 276 2559 ὡς
287 2488 371 2567 ἔχοις
381 2483 524 2566 ἐλέγχειν
535 2477 575 2547 τδι
586 2488 732 2547 τοιαῦτα.
748 2477 893 2566 ήπράτη
906 2481 967 2565 μὲν
978 2483 1097 2563 έκείνη,

94 2574 121 2646 ὦ
140 2587 274 2665 φίλτατε
289 2582 408 2647 Κέλσε·
438 2579 583 2666 βελόνην
599 2580 757 2663 πυρώσας
772 2574 808 2645 τδ
829 2576 894 2645 ῦπὸ
912 2575 973 2663 τήν
989 2600 1099 2663 σφρα-

92 2683 170 2762 γῖδα
191 2681 290 2763 μέρος
316 2685 376 2745 τοῦ
400 2686 507 2764 κηροῦ
533 2678 699 2763 διατήκων
725 2679 830 2764 έξήρει
853 2678 907 2744 καλ
934 2674 1014 2761 μετά
1037 2676 1098 2761 τήν

92 2774 287 2861 άνάγνωσιν
301 2783 340 2864 τή
354 2778 479 2864 βελόνη
496 2770 598 2853 αὖθις
612 2773 801 2859 ἐπιχλιάνας
814 2771 874 2840 τόν
895 2775 1017 2859 κηρόν,
1040 2773 1099 2838 τόν

92 2902 127 2941 τε
141 2874 231 2941 κάτω
243 2871 308 2941 ῦπδ
320 2882 366 2964 τῷ
377 2881 457 2964 λίνφ
469 2878 523 2943 καλ
534 2872 594 2942 τόν
605 2871 710 2958 αῦτήν
721 2870 782 2957 τήν
794 2876 959 2957 σφραγῖδα
972 2877 1097 2955 ἔχοντα,

92 2976 215 3060 ῥαδίως
227 2973 421 3040 συνεκόλλα.
443 2975 553 3058 ἔτερος
564 2972 600 3039 δὲ
614 2972 736 3055 τρόπος
748 2968 765 3037 ὁ
779 2968 833 3036 διδ
845 2978 906 3036 τοῦ
917 2968 1099 3053 λεγομένου

92 3076 290 3153 κολλυρίου·
314 3068 498 3138 σκευαστὸν
519 3071 554 3138 δὲ
575 3070 675 3137 τοῦτό
698 3072 786 3136 ἐστιν
807 3071 842 3135 ἐκ
863 3073 975 3153 πίττης
988 3075 1099 3149 Βρυτ-

92 3175 162 3246 τίας
177 3171 232 3235 καὶ
247 3166 420 3253 άσφάλτου
431 3172 485 3238 καλ
496 3177 596 3238 λίθου
610 3176 671 3235 τοῦ
686 3172 871 3252 διαφανοῦς
881 3166 1098 3250 τετριμμένου

92 3269 148 3333 καλ
163 3271 269 3351 κηροῦ
285 3268 339 3334 καλ
353 3274 523 3354 μαστίχης·
552 3271 588 3335 ἐκ
607 3265 673 3352 γάρ
691 3266 819 3333 τούτων
835 3262 993 3331 ἁπάντων
1014 3260 1098 3330 άνα-
1116 3285 1168 3342 229

94 3365 221 3443 πλάσας
229 3391 265 3432 το
278 3365 458 3450 κολλύριον
469 3369 523 3433 καὶ
532 3367 704 3453 θερμήνας
712 3366 792 3447 πυρὶ
804 3364 907 3452 σιάλῳ
916 3360 978 3447 τήν
991 3382 1100 3447 σφρα-
