2575 3842
388 189 718 248 ΗΜΩΝΑΚΤΟΣ
736 190 862 248 ΒΙΟΣ.
1051 184 1115 250 199

101 359 173 431 λίας
187 347 293 420 αύτοῦ
313 352 367 419 καλ
391 349 532 434 μάλιστα
552 352 620 412 τών
641 350 679 413 ἐν
693 344 807 426 αῦταίς
824 355 936 435 μελών
949 347 986 416 τὰ
1002 351 1113 416 ἐπικε-

102 453 290 537 κλασμένον
305 447 438 534 σφόδρα
457 442 499 524 ώς
516 443 655 530 άγεννὲς
670 449 724 512 καί
735 461 929 530 γυναικείου
945 449 999 514 καὶ
1014 455 1113 532 φιλο-

102 555 206 636 σοφίᾳ
227 546 346 633 ἥκιστα
374 549 519 629 πρέπον,
548 542 747 629 προσελθών
771 541 883 628 ήρώτα
904 542 964 610 τὸν
987 545 1114 629 Δημώ-

103 671 224 729 νακτα,
238 651 287 722 τίς
303 639 352 710 ώυ
365 641 516 729 χλευάζοι
531 639 570 708 τά
583 639 703 708 αὐτοῦ·
718 640 933 725 Ἄνθρωπος,
952 647 1033 726 ἔφη,
1050 641 1113 707 οῦκ

104 741 293 827 εὐαπάτητα
309 747 393 826 έχων
407 739 446 806 τά
461 732 536 805 ώτα.
560 743 753 825 ἐγκειμένου
765 737 801 806 δὲ
811 746 872 806 τοῦ
884 745 1047 824 σοφιστοῦ
1058 743 1112 804 καί

105 845 310 925 ἐρωτῶντος,
335 844 409 906 τίνα
426 838 462 904 δὲ
482 840 537 905 καὶ
555 837 674 922 ἐφόδια
695 843 797 922 ἔχων,
824 830 1051 923 ώΔημώναξ,
1076 840 1111 903 ἐκ

104 944 238 1016 παιδιαῖς
256 944 301 1015 είς
315 944 519 1023 φιλοσοφίαν
536 933 642 1020 ήκεις;
657 937 801 1022 ’Όρχεις,
821 943 895 1022 ἐφη.
926 941 974 1004 13.
995 934 1112 1002 ἄλλοτε

105 1038 142 1103 δέ
154 1061 232 1103 ποτε
245 1033 262 1103 ὁ
275 1033 375 1113 αὐτὸς
388 1030 588 1118 προσελθών
603 1031 715 1118 ήρώτα
730 1032 790 1101 τὸν
801 1035 1023 1120 Δημώνακτα,
1037 1042 1111 1102 τίνα

105 1137 235 1218 αἵρεσιν
249 1131 425 1212 ἀσπάζεται
442 1139 570 1218 μᾶλλον
586 1133 622 1198 ἐν
637 1141 836 1221 φιλοσοφίᾳ·
867 1130 885 1200 ὁ
901 1136 954 1216 δέ,
975 1141 1031 1210 Τίς
1046 1133 1111 1218 γάρ

105 1251 158 1300 σοι
172 1229 263 1298 εἶπεν
278 1229 328 1298 ὅτι
341 1236 532 1315 φιλοσοφεῖς
555 1231 609 1296 καὶ
620 1226 731 1296 άπιώυ
741 1229 804 1316 ἤδη
816 1229 896 1312 παρ’
908 1228 1013 1297 αὐτοῦ
1025 1231 1112 1315 μάλα

105 1327 169 1414 ἡδύ
184 1332 333 1414 ἐγέλασε·
355 1335 417 1394 τοῦ
428 1330 464 1394 δὲ
475 1326 716 1412 ἐρωτήσαντος,
731 1325 785 1412 ἐφ’
799 1326 864 1417 ὅτφ
875 1336 972 1416 γελᾷ,
988 1331 1113 1406 ἐκεῖνος

104 1435 185 1513 ἐφη,
208 1424 349 1494 Γελοῖόν
362 1451 418 1510 μοι
435 1422 519 1492 εἶναι
534 1429 663 1505 ἔδοξεν,
685 1433 716 1492 εί
733 1424 777 1492 σῦ
796 1424 861 1493 άπὸ
877 1434 937 1493 τοῦ
952 1426 1114 1511 πώγωνος

105 1525 208 1605 ἀξιοῖς
221 1531 397 1606 κρίνεσθαι
410 1521 489 1601 τοῦς
502 1530 772 1607 φιλοσοφοῦντας
783 1522 883 1604 αὐτὸς
893 1524 1038 1610 πώγωνα
1051 1523 1113 1590 ούιι

105 1632 199 1708 ἔχων.
224 1627 273 1691 14.
289 1627 350 1688 τοῦ
362 1621 398 1687 δὲ
409 1624 579 1688 Σιδωνίου
596 1620 676 1687 ποτέ
690 1629 851 1706 σοφιστοῦ
864 1621 1045 1709 Ἀθήνησιν
1056 1620 1113 1688 εῦ-

106 1726 325 1806 δοκιμοῦντος
333 1721 386 1786 καὶ
396 1721 550 1804 λέγοντος
560 1715 644 1802 ὑπὲρ
655 1716 761 1786 αὑτοῦ
771 1720 910 1788 ἔπαινόν
918 1745 994 1787 τινα
1004 1727 1113 1787 τοιοῦ-

104 1845 178 1904 τον,
203 1815 255 1886 ὅτι
276 1819 382 1903 πάσης
405 1821 604 1901 φιλοσοφίας
618 1823 810 1900 πεπείραται
828 1857 865 1868 -
884 1815 926 1884 ού
946 1832 1056 1901 χεῖρον
1077 1817 1113 1883 δὲ

104 1916 188 1985 αύτά
207 1923 312 1984 είπείυ
327 1914 348 1983 ά
363 1922 490 2002 έλεγεν·
518 1913 593 1982 Ἐάν
612 1913 834 2001 Ἀριστοτέλης
848 1941 888 2001 με
907 1924 991 2004 καλῇ
1007 1919 1060 1983 ἐπὶ
1075 1914 1111 1982 τὸ

104 2016 267 2097 Λύκειον,
282 2015 420 2098 ἕψομαι·
442 2009 486 2080 άυ
502 2014 644 2080 Πλάτων
661 2015 713 2080 ἐπὶ
728 2012 789 2099 τήν
803 2013 1018 2107 Ἀκαδημίαν,
1034 2012 1114 2098 α’φί-

104 2118 216 2198 ξομαι·
240 2109 284 2178 άν
299 2113 434 2198 Ζήνων,
451 2114 503 2179 ἐπὶ
517 2119 556 2197 τῇ
570 2119 712 2201 Ποικίλη
727 2118 904 2196 διατρίψω·
933 2109 976 2178 άυ
991 2121 1113 2180 Πυθα-

103 2213 207 2297 γόρας
227 2217 326 2297 καλή,
351 2212 568 2296 σιωπήσομαι.
601 2209 747 2288 ἀναστάς
769 2203 832 2278 οὖν
853 2216 890 2278 ἐκ
911 2215 1022 2296 μέσων
1044 2219 1111 2278 τών
1130 2230 1180 2284 382

104 2308 346 2395 ἀκροωμένων,
364 2301 487 2392 Οὗτος,
505 2315 568 2395 ἐφη
581 2308 772 2394 προσειπών
782 2308 819 2377 τῦ
833 2309 955 2397 ὄνομα,
972 2321 1068 2379 καλεῖ
1076 2333 1113 2378 σε

104 2409 318 2494 Πυθαγόρας.
355 2414 404 2475 15.
425 2408 593 2485 Πύθωνος
614 2411 653 2475 δέ
671 2433 760 2486 τινος
780 2416 848 2474 τών
865 2412 901 2476 ἐν
916 2414 1112 2498 Μακεδονία

105 2503 314 2590 εὐπαρύφων
329 2513 508 2574 νεανίσκου
526 2505 651 2591 ώραίου
666 2508 922 2592 ἐρεσχηλοῦντος
936 2506 1039 2574 αὐτὸν
1058 2508 1113 2575 καὶ

104 2611 338 2687 προτείνοντος
356 2604 508 2690 ἐρώτημά
523 2633 554 2672 τι
574 2601 770 2688 σοφιστικὸν
787 2606 842 2672 καὶ
856 2606 1051 2683 κελεύοντος
1066 2611 1113 2672 εί-

105 2715 181 2766 πεῑυ
195 2707 255 2766 τοῦ
266 2709 491 2788 συλλογισμοῦ
504 2701 565 2788 τήν
575 2704 690 2788 λύσιν,
710 2701 779 2787 Ἕν,
795 2710 870 2788 ἐφη,
884 2703 967 2789 οἶδα,
982 2710 1111 2788 τέκνον,

106 2795 159 2863 ὅτι
173 2806 330 2880 περαίνει.
354 2798 646 2888 ἀγανακτήσαντος
661 2802 697 2870 δὲ
713 2805 843 2870 ἐκείνου
858 2805 909 2869 ἐπὶ
920 2809 965 2891 τῷ
976 2809 1034 2887 τῆς
1048 2799 1114 2885 άμ-

107 2901 261 2980 φιβολίας
287 2898 458 2983 σκώμματι
481 2902 536 2968 καὶ
562 2901 885 2986 συναπειλήσαντος,
914 2898 1040 2966 Αὐτίκα
1061 2919 1115 2966 σοι

106 2995 196 3079 μάλα
213 2991 272 3061 τόν
292 2995 399 3080 άυῦρα
420 3003 532 3084 δειξω,
557 2997 574 3066 ὁ
597 3003 632 3067 δὲ
648 2998 714 3067 σῦν
727 3003 845 3085 γέλωτι
860 2997 1025 3085 ήρώτησε,
1049 3001 1115 3065 Καί

105 3091 170 3178 γάρ
184 3091 290 3177 άνῦρα
308 3101 406 3180 ἐχειςς
430 3103 478 3166 16.
495 3099 564 3166 ἐπεὶ
581 3102 621 3165 δέ
633 3125 681 3176 τις
696 3095 844 3183 ἀθλητής
857 3097 1115 3180 καταγελασθεὶς

105 3190 163 3258 ὑπ’
194 3190 319 3276 αύτοῦ,
354 3193 405 3262 ὅτι
434 3199 559 3281 ἐσθῆτα
587 3195 689 3281 ώφθη
715 3193 863 3282 άνθιυήν
888 3193 1116 3281 α’μπεχόμενος

103 3287 357 3378 Ὀλυμπιονίκης
368 3291 431 3378 ών,
451 3294 610 3374 ἐπάταξεν
621 3293 726 3362 αύτὸν
738 3301 785 3372 είς
795 3292 857 3381 τήν
868 3292 1019 3380 κεφαλήν
1030 3301 1116 3385 λίθῳ

104 3390 160 3457 καλ
176 3385 256 3476 αἷμα
279 3392 398 3478 ἐρρύη,
421 3397 454 3460 οί
468 3395 530 3479 μὲν
552 3393 715 3478 παρόντες
728 3391 942 3481 ἠγανάκτουν
956 3391 998 3472 ώς
1017 3391 1117 3472 αὐτὸς
