2575 3842
181 199 242 263 138
414 231 424 252 ·
541 200 840 259 AOPKIANOY

180 361 233 427 ἐπὶ
255 365 389 436 πολλοῖς
405 356 632 439 ἐπεσρεόυτων
647 358 704 424 καὶ
719 364 776 442 τῆς
795 358 923 436 πόλεως
938 356 1049 426 αὐτῶν
1064 365 1188 445 θλιβο-

178 458 280 542 μένης
290 451 357 522 ύπό
372 461 433 521 τοῦ
447 454 601 540 πλήθους
610 460 679 519 τῶν
693 456 746 521 ἐπί
757 451 794 521 τδ
809 454 1008 542 χρηστήριον
1018 452 1186 540 ἀφικνου-

111 567 161 618 255
180 557 292 640 μένων
306 551 414 621 καὶτὰ
428 552 595 639 ἐπιτήδεια
607 556 725 636 διαρκή
737 549 781 637 μή
796 554 948 639 ἐχούσης,
966 556 1093 622 ἐπινοεῖ
1106 552 1188 632 τούς

179 651 397 736 νυκτερινοὺς
410 653 640 736 καλουμένους
653 651 837 734 χρησμούς·
867 652 1048 738 λαμβάνων
1063 648 1129 736 γάρ
1143 650 1186 717 τὰ

178 756 291 837 βιβλία
308 752 504 836 ἐπεκοιμᾶτο
519 744 564 825 ὡς
581 753 727 832 ἔφασκεν
743 743 921 825 αὐτοῖςκαὶ
938 745 981 825 ὡς
995 745 1078 831 όναρ
1093 744 1186 830 παρά

178 855 240 916 τοῦ
250 855 336 915 θεοῦ
347 845 483 914 ἀκούων
494 843 699 930 ἀπεκρίνετο,
711 840 753 909 ού
763 846 876 928 μέντοι
888 858 1004 930 σαφεῖς
1012 842 1090 923 τούς
1100 853 1187 911 πολ-

179 947 277 1031 λούς,
298 942 371 1013 ἀλλ’
387 943 596 1032 ἀμφιβόλους
611 947 668 1012 καὶ
687 947 949 1029 τεταραγμένους
967 948 1022 1012 καί
1042 945 1186 1031 μάλιστα
1249 1022 1251 1025 ,

80 1062 86 1071 ’
178 1053 213 1111 εί
221 1067 302 1111 ποτε
311 1041 471 1110 θεάσαιτο
479 1042 735 1127 περιεργότερον
744 1044 1073 1127 κατεσφραγισμένον
1081 1040 1118 1109 τό
1130 1049 1185 1129 βι-

178 1146 283 1227 βλίον.
307 1135 349 1205 ού
365 1135 430 1224 γάρ
443 1138 745 1224 παρακινδυνεύων
761 1136 799 1205 τδ
820 1136 966 1207 ἐπελθόν
980 1138 1087 1217 άλλως
1100 1136 1185 1205 ὑπέ-

177 1243 287 1323 γραφε
306 1249 462 1321 χρησμοῖς
482 1240 610 1321 πρέπον
629 1236 686 1303 καὶ
702 1232 739 1302 τό
760 1241 914 1303 τοιοῦτον
935 1237 1102 1323 οἰόμενος,
1128 1238 1185 1302 καὶ

177 1327 266 1421 ήσάν
274 1359 362 1411 τινες
371 1336 521 1419 ἐξηγηταὶ
530 1336 582 1401 ἐπὶ
590 1334 698 1421 τούτῳ
707 1332 893 1417 καθήμενοι
903 1333 958 1401 καλ
966 1331 1110 1419 μισθούς
1118 1330 1183 1399 οὐκ

177 1432 311 1517 ὀλίγους
331 1434 520 1516 ἐκλέγοντες
534 1428 624 1516 παρά
644 1437 713 1497 τῶν
731 1427 810 1508 τούς
823 1429 996 1509 τοιούτους
1015 1427 1184 1515 χρησμούς

177 1527 486 1616 ἀπολαμβανόντων
502 1530 554 1595 ἐπὶ
575 1534 615 1613 τῇ
639 1527 790 1613 ἐξηγήσει
807 1529 862 1595 καὶ
886 1527 1036 1597 διαλύσει
1058 1524 1181 1593 αύτοῐυ.

177 1628 346 1692 καὶτοῦτο
363 1622 475 1692 αύτῶυ
495 1622 532 1692 τό
550 1630 651 1709 ἔργον
671 1621 864 1709 ὑπόμισθον
878 1618 940 1710 ήυ·
968 1628 1101 1693 ἐτέλουν
1115 1623 1181 1709 γάρ

178 1728 211 1790 οί
223 1724 374 1808 ἐξηγηταὶ
388 1730 435 1812 τῷ
454 1720 659 1811 Ἀλεξάνδρῳ
672 1720 837 1788 τάλαντον
854 1719 1000 1789 Ἀττικόν
1017 1721 1179 1804 ἑκάτερος.

177 1826 228 1887 50.
247 1823 352 1888 ἐνίοτε
362 1818 399 1887 δὲ
408 1820 491 1907 μήτε
502 1822 664 1907 ἐρομένου
675 1815 766 1896 τινός
776 1819 857 1905 μήτε
868 1824 1091 1905 πεμφθέντος,
1104 1815 1178 1887 ἀλλ’

177 1913 256 1984 ούδδ
273 1914 358 1995 ὅλως
378 1915 475 1996 όντος
489 1915 692 2005 ἐχρησμῴδει
712 1912 796 1998 πρός
815 1921 971 2002 ἔκπληξιν
993 1923 1061 1985 τόν
1078 1913 1179 2001 άυοήι

176 2040 260 2099 των,
279 2009 352 2082 οἷον
366 2016 420 2081 καὶ
434 2022 548 2082 τοῦτο’

219 2117 331 2192 Δίζεαι
346 2111 437 2192 ὅστις
451 2111 516 2198 σήυ
530 2113 652 2198 ἀλοχον
668 2112 755 2199 μάλα
770 2111 879 2197 πάγχυ
893 2110 1042 2197 λεληθῶς

218 2212 459 2296 Καλλιγένειαν
476 2207 560 2294 ὑπὲρ
575 2213 696 2295 λεχέων
711 2218 850 2295 σαλαγεῖ
860 2207 943 2277 κατὰ
959 2214 1069 2295 δοίμας

219 2313 339 2386 δούλος
350 2312 585 2394 Πρωτογένης,
603 2316 649 2397 τῷ
665 2306 705 2393 δή
723 2308 766 2375 σύ
780 2334 818 2394 γε
832 2309 941 2375 πάντα
958 2310 1129 2385 πέπονθας.

219 2404 328 2482 ύπυες
342 2404 407 2492 γάρ
422 2411 564 2489 ἐκείνου,
583 2403 600 2472 ὁ
619 2404 652 2473 δ’
669 2400 770 2483 αὖθις
785 2404 848 2492 σήν
862 2405 1070 2489 παράκοιτιν,
1142 2414 1152 2423 ’
1217 2398 1221 2404 ’

107 2516 159 2570 256
220 2500 390 2569 ἀντίδοσιν
404 2502 530 2587 ταύτην
544 2500 674 2588 ὕβρεως
688 2507 773 2581 ἰδίας
786 2500 963 2571 ἀποτίνων.

219 2596 290 2666 ἀλλ’
305 2602 356 2667 ἐπί
370 2601 423 2667 σοὶ
437 2599 477 2686 δή
493 2599 642 2686 φάρμακ’
657 2598 714 2665 ἀπ’
729 2598 841 2667 αὐτῶν
854 2597 962 2687 λυγρὰ
975 2604 1135 2683 τέτυκται,

219 2695 263 2774 ὡς
278 2693 354 2782 μήτ’
371 2702 507 2782 εἰσαΐοις
520 2696 595 2784 μήτ’
613 2698 777 2784 εἰσοράοις
790 2696 811 2763 ά
825 2706 988 2766 ποιοῦσιν.

218 2793 370 2881 εὑρήσεις
385 2797 422 2863 δὲ
434 2795 524 2863 κάτω
539 2794 605 2863 όπδ
622 2803 670 2885 σῷ
684 2798 768 2882 λέχει
783 2793 903 2881 ἀγχόθι
916 2803 1028 2880 τοίχου

217 2892 301 2979 πρδς
311 2902 471 2982 κεφαλῆς·
486 2896 541 2961 καὶ
553 2890 594 2978 σή
604 2892 796 2976 θεράπαινα
807 2893 942 2962 σύνοιδε
952 2892 1111 2973 Καλυψώ.

175 3001 223 3072 τίς
236 2990 300 3060 ούκ
314 2988 358 3059 ἀν
368 2990 577 3078 Δημόκριτος
592 2993 793 3078 διεταράχθη
807 2991 953 3071 ἀκούσας
963 2989 1110 3075 ὀνόματα
1124 2996 1178 3060 καὶ

174 3093 298 3169 τόπους
311 3089 471 3177 ἀκριβῶς,
494 3086 563 3156 εἶτα
577 3086 647 3173 μετ’
665 3087 779 3174 ὀλίγον
795 3090 997 3157 κατέπτυσεν
1011 3086 1054 3157 ἀν
1070 3092 1179 3169 συνεὶς

174 3189 237 3279 τήν
249 3192 401 3258 ἐπίνοιαν
415 3186 543 3268 αύτῶνς

258 3293 309 3355 51.
327 3284 425 3353 Ἀλλά
437 3288 492 3353 καὶ
503 3284 685 3372 βαρβάροις
698 3282 857 3361 πολλάκις
868 3289 1004 3370 ἔχρησεν
1011 3335 1021 3369 ,
1036 3294 1070 3353 εί
1080 3310 1129 3363 τις
1139 3293 1177 3374 τῇ

174 3391 301 3471 πατρίῳ
310 3390 416 3468 ἔροιτο
429 3390 526 3471 φωνή
537 3384 678 3468 Συριστὶ
689 3378 711 3468 ἦ
722 3388 883 3468 Κελτιστί,
901 3381 943 3450 ού
953 3387 1076 3473 ῥᾳδίως
1086 3386 1177 3462 ἐξευ-
