2575 3842
164 163 204 224 10
519 162 808 222 ΛΟΥΚΙΑΝΟΤ

161 426 196 489 οί
207 421 280 489 τότε
295 421 514 507 λοιμώξαντες
530 415 680 509 ςόκησανς
702 416 742 484 τά
754 415 784 484 δ’
801 417 885 486 ἀλλα
900 422 955 487 καὶ
967 417 1032 486 ἀπὸ
1048 426 1171 487 Αἰθιο-

161 525 236 598 πίας
255 517 392 605 ἤρξατο,
417 517 500 586 ῶστε
518 520 572 585 καὶ
591 519 624 594 ές
644 525 819 601 Αίγυπτον
839 522 960 605 κατέβη
976 521 1032 586 καὶ
1057 522 1089 595 ἐς
1108 516 1171 604 την

160 618 320 703 βασιλέως
341 622 406 700 γῆν
426 612 489 700 τήν
503 612 649 700 πολλήν,
672 615 726 681 καί
748 616 785 680 ἐν
804 617 914 702 ἐκείνη
928 641 966 700 γε
983 621 1114 701 ἔμεινεν
1131 607 1171 680 εὖ

160 720 275 780 ποιῶν.
310 711 374 797 ε’γῶ
395 720 481 798 γοῦν
502 712 676 778 θάπτοντα
693 715 741 777 ἔτι
762 708 865 777 αὐτὸν
885 708 1075 781 καταλιπόν
1090 707 1170 786 τούς

1278 72 1279 117 ι

161 349 225 390 νου
241 330 302 390 τοῦ
310 327 521 408 Πελασγικοῦ
537 323 592 388 καὶ
606 328 674 386 τῶν
688 328 805 405 τειχῶν
819 328 888 388 τῶν
902 329 1056 407 μακρῶν,
1074 325 1110 388 ἐν
1122 317 1172 400 οἷς
1272 264 1281 555 η

160 808 300 888 ἀθλίους
310 807 510 894 Ἀθηναίους
519 812 680 895 ένΝισίβι
690 805 846 895 ἀπῆλθον
856 807 1001 895 ἀκριβῶς
1011 806 1170 886 είδῶςκαὶ

108 923 142 978 23
161 906 223 976 ὅσα
240 906 448 987 ἀπελθόντος
464 910 551 991 έρεῖν
567 913 692 992 ἔμελλε.
713 910 769 975 καί
779 905 844 993 γάρ
859 901 903 974 αὖ
918 911 971 976 καλ
987 915 1084 975 τοῦτο
1097 912 1169 974 ἑπι-

161 1013 257 1084 εικῶς
272 1003 359 1074 πολι)
378 1012 444 1073 νῦν
457 1010 541 1091 ἐστι,
558 1003 594 1071 τὸ
607 1015 740 1074 οἴεσθαι
754 1004 846 1073 τοῦτ’
861 1004 945 1072 εἶναι
955 1021 1023 1084 τοῖς
1033 1015 1168 1074 Θονκυ-

159 1108 256 1171 δίδον
272 1102 401 1171 ἐοικότα
418 1107 545 1189 λέγειν,
561 1109 591 1170 εί
605 1101 721 1188 ὀλίγον
735 1106 894 1187 ἐντρέψας
910 1102 950 1170 τά
965 1102 1069 1170 αὐτοῦ
1083 1105 1170 1170 ε’κεί-

159 1226 222 1266 νου
238 1202 328 1285 λέγοι
348 1226 413 1285 τις,
436 1198 537 1286 μικρά
555 1200 672 1287 ῥάκια,
696 1199 786 1280 ὅπως
803 1203 858 1269 καὶ
878 1200 978 1280 αὐτός
996 1199 1040 1268 ἀν
1057 1208 1168 1286 φαίης,

159 1295 201 1364 οὐ
219 1294 263 1364 δι’
282 1295 396 1384 αὐτην.
421 1296 462 1383 νη
478 1307 545 1366 Δία
560 1296 694 1365 κάκεῖνο
708 1296 824 1391 ὀλίγον
841 1304 912 1368 δεῖν
926 1303 1124 1381 παρέλιπον·
1148 1297 1167 1364 ὁ

160 1393 224 1482 γάρ
239 1391 340 1473 αὐτὸς
357 1389 454 1473 οὗτος
469 1393 685 1482 συγγραφεὺς
701 1394 807 1466 πολλά
823 1399 877 1466 καὶ
893 1407 961 1465 τῶν
978 1397 1091 1465 ὅπλων
1112 1396 1168 1462 καὶ

159 1500 226 1559 τῶν
241 1493 502 1579 μηχανημάτων,
526 1491 570 1571 ῶς
580 1491 730 1578 Ῥωμαῖοι
746 1491 830 1561 αὐτά
846 1493 1082 1580 ὀνομάζουσιν,
1105 1490 1168 1560 οὕ·
1242 1503 1254 1521 ”

160 1616 223 1668 τως
238 1588 423 1677 ἀνέγραψε,
446 1594 500 1659 καὶ
520 1590 652 1676 τάφρον
673 1589 716 1668 ῶς
734 1593 855 1660 ἐκεῖνοι
874 1595 929 1660 καὶ
943 1595 1095 1678 γέφυραν
1112 1593 1167 1656 καὶ

159 1685 198 1754 τά
217 1694 362 1755 τοιαῦτα.
387 1697 445 1756 καί
453 1715 509 1774 μοι
520 1689 683 1774 ἐννόησον
692 1686 810 1774 ἡλίκον
821 1689 858 1757 τό
871 1689 996 1776 ἀξίωμα
1007 1697 1064 1774 τῆς
1075 1694 1165 1757 ἱστο-

160 1794 232 1870 ρίας
256 1790 310 1866 καὶ
335 1785 378 1865 ὡς
395 1793 585 1876 Θουκυδίδῃ
606 1791 750 1873 πρέπον,
779 1788 900 1873 μεταξὺ
922 1797 989 1857 τῶν
1010 1785 1164 1855 Ἀττικῶν

157 1883 333 1969 ὀνομάτων
351 1883 391 1951 τά
412 1883 610 1955 Ἰταλιωτικὰ
633 1893 737 1952 ταῦτα
757 1889 943 1973 ἐγκεῖσθαι,
972 1885 1082 1971 ῶσπερ
1103 1882 1162 1971 τὴν

158 1981 340 2067 πορφύραν
367 1985 611 2069 ἐπικοσμοῦντα
641 1984 696 2051 καὶ
720 1985 929 2069 ἐμπρέποντα
952 1985 1006 2051 καὶ
1032 1981 1162 2059 πάντως

107 2097 141 2148 24
160 2079 360 2168 συνᾴδοντα.
384 2087 434 2150 16.
451 2080 549 2159 ἀλλος
559 2083 598 2148 δέ
607 2108 654 2158 τις
665 2078 777 2149 αὐτῶν
791 2079 971 2168 ὑπόμνημα
985 2089 1052 2148 τῶν
1066 2107 1162 2167 γεγο-

158 2177 267 2246 νότων
288 2177 419 2265 γυμνόν
441 2175 642 2264 συναγαγών
660 2181 696 2245 ἐν
715 2188 829 2269 γραφη
851 2185 970 2268 κομιδῇ
991 2177 1089 2260 πεζόν
1109 2181 1165 2246 καὶ

156 2279 368 2361 χαμαιπετές,
384 2271 457 2342 οἷον
472 2276 527 2342 καί
543 2277 744 2362 στρατιώτης
757 2276 801 2344 ἀν
816 2306 864 2356 τις
879 2276 919 2344 τά
938 2277 1017 2345 καθ’
1038 2275 1165 2364 ἡμέραν

156 2373 437 2460 ἀπογραφόμενος
454 2377 642 2459 συνέθηκεν
654 2369 676 2460 ἦ
686 2380 810 2444 τέκτων
823 2371 845 2462 ἢ
859 2376 1007 2463 κάπηλός
1018 2401 1066 2452 τις
1077 2396 1162 2460 συμ-

156 2480 363 2558 περινοστῶν
384 2479 424 2560 ty}
450 2480 594 2561 στρατιᾷ.
627 2470 716 2557 πλὴν
736 2471 819 2542 ἀλλά
841 2473 1058 2560 μετριώτερός
1079 2499 1118 2558 γε
1144 2471 1162 2540 ὁ

156 2571 287 2656 ἰδιότης
303 2562 401 2648 οὗτος
422 2563 481 2656 ἦν,
503 2568 603 2648 αὐτός
619 2573 681 2655 μὲν
703 2569 821 2640 αὐτίκα
837 2577 935 2658 δῆλος
957 2569 1005 2640 ῶν
1026 2568 1094 2650 οἷος
1107 2565 1164 2657 ἦν,

155 2670 244 2760 ἀλλφ
263 2670 300 2736 δέ
312 2694 378 2734 τινι
391 2675 535 2754 χαρίεντι
551 2671 606 2738 καὶ
622 2673 838 2762 δυνησομένῳ
852 2676 1002 2754 ίστορίαν
1013 2696 1165 2757 μεταχει-

155 2775 315 2855 ρίσασθαι
326 2770 598 2852 προπεπονηκώς.
619 2776 719 2837 τοῦτο
730 2767 837 2852 μόνον
849 2766 1035 2856 ᾐτιασάμην
1046 2765 1163 2852 αὐτοῦ,

156 2866 206 2934 ὅτι
223 2863 329 2942 οὕτως
349 2867 513 2951 ἐπέγραψε
527 2863 567 2932 τά
582 2871 695 2953 βιβλία
710 2861 987 2951 τραγικῶτερονῆ
1003 2864 1086 2934 κατὰ
1102 2863 1164 2951 τήν

155 2971 222 3032 τῶν
240 2964 508 3050 συγγραμμάτων
526 2964 646 3050 τύχην·
679 2965 946 3050 ,Καλλιμόρφου
968 2970 1085 3050 ίάτροῦ
1105 2972 1164 3049 τῆς

154 3071 222 3132 τῶν
238 3063 457 3148 κοντοφόρων
475 3065 570 3149 ἕκτης
585 3067 742 3148 ίστοριῶν
757 3070 984 3146 Παρθικῶν·“
1007 3064 1061 3130 καὶ
1079 3060 1164 3129 ὑπε-

106 3182 140 3235 25
157 3167 322 3250 γέγραπτο
335 3162 454 3249 ἑκάστη
468 3158 485 3228 ὁ
498 3158 652 3247 ἀριθμός.
672 3163 726 3228 καί
736 3158 777 3246 νὴ
790 3167 857 3228 Δία
869 3163 924 3228 καὶ
934 3159 971 3228 τό
985 3168 1162 3247 προοίμιον

155 3259 371 3345 ὑπέρψυχρον
386 3261 540 3344 ἐποίησεν
557 3256 663 3336 οὕτως
681 3259 899 3344 συναγαγών·
931 3266 1056 3328 οἰκεῖον
1078 3258 1164 3328 εἶναι

153 3366 255 3447 ἰατρῷ
264 3363 413 3443 ἱστορίαν
422 3359 686 3445 συγγράφειν,ἐί
692 3384 730 3444 γε
741 3356 758 3424 ὁ
771 3355 965 3444 Ἀσκληπιός
974 3359 1038 3445 μέν
1048 3355 1158 3427 Ἀπόλ
