2575 3842
382 191 612 250 ΛΟΥΚΙΟΣ
628 191 661 248 Η
680 192 820 252 ΟΝΟΣ.
1042 191 1104 253 323

97 353 158 427 ἕως
172 349 273 428 ἀλλος
288 349 435 418 ἀλλοθεν
450 349 671 433 ἐκδραμόντες
684 347 859 436 ἠμύναμεν
872 358 912 440 τῇ
925 352 1060 436 γυναικί
1072 353 1105 430 ἐς

97 444 133 514 τό
158 444 202 532 μὴ
230 451 480 532 διασπασθῆναι
503 443 569 512 ὑπό
592 453 652 513 τοῦ
678 455 784 514 καλοῦ
807 447 929 514 τούτου
952 451 1102 533 ἐραστοῦ.

97 549 148 611 33.
165 542 182 611 ὁ
200 544 235 612 δέ
256 553 360 612 ταῦτα
376 543 585 628 πυθόμενος,
605 541 690 611 Ἀλλ’
714 550 743 612 εί
756 543 836 630 μήτε
851 549 1012 631 βαδίζειν,
1028 551 1103 633 ἔφη,

97 645 205 710 ἐθέλει
220 643 302 730 μήτε
319 655 500 729 φορτηγετν
514 643 570 710 καί
584 647 707 726 ἔρωτας
722 642 959 729 ἀνθρωπίνους
975 647 1035 732 ἐρᾷ
1052 649 1104 714 ἐπὶ

6 807 8 828 ,
97 753 256 824 γυναῖκας
274 740 328 808 καί
345 744 463 818 παῖδας
486 740 736 826 οίστρούμενος,
759 738 971 825 ἀποσφάξατε
989 738 1103 825 αὐτόν,

98 838 151 903 καί
166 833 205 903 τά
220 836 281 921 μέν
297 842 418 922 ἔγκατα
431 851 500 915 τοῖς
515 840 592 904 κυσὶ
607 837 699 921 δότε,
715 835 756 904 τά
772 840 808 905 δὲ
823 840 903 920 κρέα
919 852 987 917 τοῖς
1004 837 1104 924 ἐργά-

96 961 166 1014 ταις
182 935 365 1020 φυλάξατε·
386 938 440 1005 καί
454 931 497 1022 ἢν
512 941 641 1024 ἔρηται,
659 945 729 1016 πῶς
743 930 841 1018 οὗτος
857 936 1020 1022 ἀπέθανε,
1042 939 1105 1006 λύ-

97 1060 160 1101 κου
179 1042 278 1101 τοῦτο
299 1037 564 1117 καταψεύσασθε.
588 1033 606 1104 ὁ
628 1036 691 1122 μέν
706 1029 770 1103 οῦν
783 1032 974 1122 ἀκάθαρτος
994 1036 1104 1117 παίςὸ

98 1130 174 1216 ἐμός
190 1129 353 1218 όνηλάτης
363 1138 470 1219 έχαιρε
482 1140 540 1200 καί
546 1158 586 1219 με
599 1130 717 1201 αὐτίκα
731 1132 855 1220 ἤθελεν
866 1129 1102 1219 ἀποσφάττειν.

99 1227 172 1297 ἀλλ’
190 1234 283 1316 ἔτυχε
298 1232 362 1316 γάρ
383 1257 432 1308 τις
446 1229 565 1317 παροδν
579 1231 654 1299 τότε
670 1239 738 1299 τῶν
752 1231 914 1316 γειτόνων
928 1238 1104 1317 γεωργῶν·

98 1319 196 1406 οὗτος
211 1328 374 1414 ἐρρύσατό
388 1353 428 1414 με
444 1330 480 1395 ἐκ
493 1335 556 1396 τοῦ
573 1328 727 1397 θανάτου
747 1326 842 1396 δεινά
862 1325 916 1395 ἐπ’
933 1329 1004 1414 ἐμοὶ
1019 1335 1104 1416 βου-

96 1425 309 1510 λευσάμευος.
334 1429 523 1511 Μηδαμῶς,
539 1429 620 1512 ἐφη,
637 1423 832 1512 ἀποσφάξης
848 1423 930 1494 όνον
946 1424 1001 1492 καὶ
1011 1421 1105 1492 ἀλεῖν

96 1522 151 1588 καὶ
167 1519 372 1608 ἀχθοφορεϊν
388 1521 594 1608 δυνάμενον·
617 1524 672 1590 καὶ
687 1521 729 1590 ού
742 1527 834 1609 μέγα.
857 1519 969 1608 ἐπειδὴ
980 1519 1046 1607 γάρ
1059 1526 1105 1599 είς

97 1617 300 1701 ἀνθρώπους
311 1625 375 1708 ἐρφ
386 1622 437 1686 καὶ
450 1629 569 1709 οίστρφ
580 1623 725 1705 φέρεται,
737 1617 850 1709 λαβάυ
860 1615 964 1686 αῦτδυ
974 1623 1102 1702 έκτεμε·

97 1721 154 1800 τῆς
170 1714 234 1801 γάρ
256 1719 480 1802 ἐπαφροδίτου
497 1719 619 1804 ταύτης
639 1715 744 1803 ὁρμῆς
762 1715 958 1803 ἀφαιρεθείς
979 1712 1104 1799 ἥμερός

97 1837 131 1878 τε
152 1809 257 1891 εύθύς
277 1815 331 1881 καί
352 1821 438 1881 πίων
453 1818 543 1881 ἔσται
566 1815 620 1881 καὶ
641 1824 725 1882 οίσει
746 1821 886 1900 φορτίον
902 1815 984 1897 μέγα
1003 1809 1103 1878 οὐδέν

97 1907 292 1995 ἀχθόμενος.
312 1916 342 1978 εί
352 1910 386 1978 δὲ
398 1908 498 1989 αῦτδς
507 1909 651 1995 ἀπείρως
662 1917 743 1997 ἔχεις
753 1909 873 1994 ταύτης
882 1915 940 1994 τῆς
949 1913 1103 1992 ἰατρείας,

98 2006 253 2093 ἀφίξομαι
265 2011 365 2093 δεῦρο
376 2005 499 2094 μεταξύ
512 2003 648 2092 τριῶνῦ
662 2005 826 2090 τεττάρων
840 2002 974 2090 ἡμεροῦν
984 2008 1042 2070 καί
1050 2021 1104 2068 σοι

97 2112 218 2173 τοῦτον
240 2107 515 2192 σωφρονέστερον
536 2111 719 2191 προβατίου
736 2105 866 2187 παρέξω
885 2107 925 2189 τῇ
946 2104 1039 2184 τομῇ.
1073 2103 1106 2166 οι*

97 2205 158 2291 μὲν
177 2197 240 2272 οῦν
257 2208 356 2273 ἔνδον
371 2203 515 2282 ἅπαντες
534 2203 684 2292 ἐπῄνουν
698 2199 757 2270 τδν
773 2201 983 2288 σύμβουλον,
1005 2193 1050 2274 ὡς
1065 2189 1105 2263 εύ

97 2307 200 2390 λέγει,
221 2301 285 2390 έγτδ
302 2305 338 2371 δὲ
351 2302 415 2390 ἤδη
428 2302 600 2388 ’ἐδάκρυον
617 2299 661 2380 ἀς
675 2299 848 2369 ἀπολέσων
863 2296 981 2365 αύτίκα
992 2291 1053 2362 τόν
1067 2297 1103 2360 ἐν

97 2409 142 2491 τῷ
159 2400 227 2493 όνφ
242 2401 349 2489 ἀνδρα
365 2404 420 2470 καὶ
438 2406 496 2488 ζῆν
510 2399 620 2470 οὐκέτι
636 2402 767 2469 ἐθέλειν
780 2405 883 2486 ἔφην,
900 2402 931 2464 εί
943 2399 1103 2481 γενοίμην

97 2494 270 2583 εὐνοῦχος·
301 2496 453 2566 ὥστεκαὶ
470 2497 555 2577 ὅλως
570 2495 767 2585 ἀποσιτῆσαι
782 2503 843 2565 τοῦ
860 2501 980 2563 λοιποῦ
996 2491 1102 2578 ἐγνύ-

98 2621 170 2663 κειν
184 2592 205 2681 ἢ
217 2600 311 2684 ῥίψαι
322 2595 442 2664 ἑαυτὸν
455 2599 490 2663 ἐκ
501 2602 562 2663 τοῦ
575 2595 688 2681 ὅρους,
704 2604 789 2666 ἔνθα
800 2591 950 2665 έκπεοοδυ
963 2591 1101 2661 θανάτο
1121 2609 1171 2663 603

99 2698 248 2784 οίκτίστφ
262 2693 445 2779 ὁλόκληρος
458 2698 504 2760 ἔτι
521 2695 576 2760 καὶ
591 2692 745 2780 ἀκέραιος
760 2691 878 2779 νεκρός
890 2689 1104 2776 τεθνήξομαι.

97 2795 148 2855 34.
168 2791 236 2858 ἐπεὶ
258 2794 293 2858 δὲ
309 2784 353 2876 ἦν
373 2789 434 2868 νύξ
451 2796 589 2875 βαθεῖα,
614 2790 754 2877 ἀγγελός
769 2817 818 2869 τις
837 2787 903 2856 ἀπδ
922 2794 979 2872 της
993 2784 1104 2870 κόμης

98 2878 181 2972 ἧκεν
196 2894 241 2966 είς
260 2887 321 2955 τδν
334 2885 442 2972 ἀγρὸν
456 2889 510 2954 καὶ
525 2885 587 2973 την
602 2893 757 2971 ἔπαυλιν,
779 2887 903 2972 ταύτην
921 2887 1028 2969 λέγων
1043 2880 1104 2968 τὴν

98 2986 294 3072 νεόνυμφον
315 2987 422 3072 κόρην
442 2982 504 3072 τὴν
520 2983 587 3053 ὑπό
611 3002 679 3064 τοῖς
699 2995 833 3072 λησταίς
845 2985 1032 3069 γενομένην
1050 2982 1105 3048 καὶ

97 3083 157 3153 τὸν
172 3085 294 3171 ταύτης
308 3091 473 3172 νυμφίον,
489 3088 565 3171 περὶ
579 3090 692 3170 δείλην
706 3081 807 3165 ὀψίαν
821 3081 1030 3172 ἀμφοτέρους
1041 3077 1105 3147 αύ-

97 3179 176 3260 τούς
191 3185 228 3250 ἐν
240 3190 286 3273 τῷ
300 3189 438 3274 αἰγιαλῷ
450 3190 725 3270 περιπατοῦντας,
742 3181 990 3250 ἐπιπολάσασαυ
1005 3179 1104 3266 ἀφνω

97 3277 157 3364 τὴν
173 3279 357 3347 θάλασσαν
365 3277 509 3366 ἀρπάξαι
523 3279 646 3359 αύτούς
660 3282 715 3348 καὶ
729 3278 870 3364 ἀφανείς
884 3288 1033 3366 ποιῆσαι,
1049 3279 1104 3348 καί

97 3381 189 3457 τέλος
200 3375 314 3462 αύτοῑς
325 3386 423 3448 τοῦτο
434 3387 492 3467 τῆς
506 3387 682 3468 συμφοράς
694 3381 749 3448 καὶ
764 3377 917 3448 θανάτου
933 3381 1101 3506 γξνέσθαι.
