2575 3842
393 198 606 266 ΤΟΞΑΡΙΣ
624 207 651 257 H
676 203 833 260 ΦΙΛΙΑ.
1058 200 1120 262 283

109 373 200 430 σθαι.
225 363 279 429 καί
294 358 362 448 μήν
373 364 427 429 καί
438 367 498 428 τοῦ
514 359 692 446 οἰκήματος
706 358 726 446 ἡ
744 365 908 445 δυσοσμία
922 363 977 428 καί
991 360 1027 427 τό
1044 375 1121 428 πνῖ-

108 485 166 546 γος
184 462 220 526 έυ
239 457 348 549 ταύτῷ
365 465 499 526 πολλῶν
521 461 709 543 δεδεμένων
725 460 780 525 καλ
799 460 1120 543 στενοχωρουμέυωυ

108 558 163 624 καί
183 556 277 642 μόλις
299 553 539 622 ἀναπνεόντων
565 558 700 622 καὶτοῦ
726 554 865 640 σιδήρου
888 551 905 620 ὁ
929 553 1039 638 ψόφος
1065 555 1120 620 καί

111 652 217 732 ύπνος
233 652 342 739 ὀλίγος
361 659 464 720 ταῦτα
481 651 590 719 πάντα
604 651 729 737 χαλεπά
751 645 795 738 ἦν
812 654 866 718 καί
884 647 1037 736 ἀφόρητα
1060 653 1119 740 οἴῳ

109 751 207 836 ἀνδρί
222 753 359 819 ἐκείνων
374 749 474 837 ἀήθει
492 751 547 818 καὶ
563 748 751 838 ἀμελετήτῳ
766 747 850 831 πρὸς
867 747 955 816 οὕτω
971 744 1119 832 σκληρὰν

108 847 170 936 τήν
182 855 320 916 δίαιταν.
343 854 394 917 30.
411 846 682 934 ἀπαγορεύοντος
696 849 732 914 δέ
747 844 853 915 αύτού
866 851 920 915 καί
932 847 1015 932 μηδὲ
1027 860 1118 912 σῖτον

107 951 276 1029 αἱρεῖσθαι
285 948 446 1022 θέλοντος
456 943 647 1030 ἀφικνεῖταί
658 967 738 1011 ποτε
752 940 837 1012 καίὁ
854 944 1044 1030 Δημήτριος
1056 937 1118 1006 ού-
1136 953 1186 1008 539

109 1044 167 1110 δέν
184 1041 278 1122 εἰδῶς
293 1052 360 1111 τῶν
371 1041 434 1130 ήδη
446 1045 688 1129 γεγενημένων.
712 1043 766 1110 καί
784 1040 896 1128 ἐπειδή
913 1047 1040 1126 ἔμαθεν
1047 1085 1060 1122 ,«
1075 1035 1118 1114 ῶς

110 1143 195 1230 εἶχεν
220 1141 325 1224 εὐθὺς
347 1146 398 1212 έπί
423 1143 459 1211 τό
484 1143 711 1228 δεσμωτήριον
734 1147 890 1228 δρομαῖος
911 1137 1023 1210 έλθῶν
1044 1139 1118 1206 τότε

108 1240 168 1326 μὲν
186 1239 249 1309 ούκ
271 1245 457 1326 εἰσεδέχθη,
483 1242 603 1324 ἑσπέρα
623 1238 688 1326 γάρ
710 1233 844 1326 ἦν,καί
865 1238 882 1306 ὁ
905 1237 1118 1324 δεσμοφύλαξ

107 1341 210 1408 πάλαι
225 1338 401 1418 κεκλεικῶς
416 1339 478 1426 τήν
493 1341 610 1425 θύραν
625 1342 788 1408 ἐκάθευδε
803 1353 967 1427 φρουρεῖν
983 1352 1050 1416 τοῖς
1068 1344 1118 1404 οἰ-

107 1443 216 1519 κέταις
237 1441 585 1526 παρακελευσάμενος·
615 1442 724 1507 ἕωθεν
746 1439 782 1508 δὲ
806 1441 982 1525 εἰσέρχεται
1010 1433 1116 1503 πολλοὶ

107 1537 293 1614 ἱκετεύσας·
317 1539 371 1604 καὶ
383 1535 565 1620 παρελθόν
578 1539 629 1605 ἐπὶ
646 1536 733 1605 πολύ
747 1542 810 1623 μὲν
824 1536 924 1621 ἐζήτει
939 1532 999 1601 τόν
1010 1530 1117 1600 ’Λντί-

108 1643 207 1720 φιλον
222 1634 348 1720 άδηλον
369 1632 434 1701 ὑπὸ
453 1643 521 1702 τῶν
537 1643 650 1702 κακῶν
664 1637 889 1721 γεγενημένον
904 1632 957 1698 καλ
977 1625 1117 1714 περιιῶν

108 1728 323 1798 ἀνεσκοπεῖτο
346 1730 425 1798 καθ’
447 1735 586 1799 ἕκαστον
604 1741 671 1799 τῶν
688 1734 889 1818 δεδεμένων,
913 1727 1024 1811 ῶσπερ
1042 1725 1118 1793 εἰῶ-

107 1838 212 1895 θασιν
227 1831 260 1892 οί
271 1824 350 1903 τούς
361 1832 502 1904 οἰκείους
515 1829 674 1912 νεκρούς,
688 1827 751 1914 ήδη
764 1826 877 1895 έῶλων
888 1823 1013 1908 όντων,
1033 1819 1117 1888 ἀνα-

108 1932 280 2010 ζητοῦντες
292 1927 328 1992 έν
339 1940 409 2003 ταῖς
421 1926 631 2010 παρατάξεσι.
651 1929 705 1993 καὶ
717 1935 750 1993 εἰ
755 1951 792 2010 γε
803 1922 847 2010 μή
860 1921 1008 2006 τούνομα
1020 1918 1118 2006 ἐβόη-

108 2043 178 2108 σεν,
193 2021 381 2108 Ἀντίφιλον
392 2028 629 2109 Δεινομένους,
648 2017 713 2090 κάν
726 2023 779 2089 έπί
793 2017 880 2086 πολύ
894 2015 1062 2104 ήγνόησεν
1075 2011 1118 2081 άν

106 2119 196 2198 ὅστις
213 2115 274 2207 ήν,
291 2130 453 2190 τοσούτου
466 2121 608 2208 ήλλακτο
625 2118 691 2188 ύπό
709 2127 777 2187 τῶν
792 2123 921 2185 δεινῶν.
947 2115 991 2192 ῶς
1006 2114 1041 2180 δὲ
1057 2112 1117 2198 τήν

108 2217 227 2306 φωνήν
248 2221 451 2306 αἰσθόμενος
466 2217 629 2308 ἀνεβόησε
650 2221 704 2286 καί
720 2217 918 2302 προσιόντος
934 2218 1118 2289 διαστείλας

107 2316 168 2405 τήν
184 2318 294 2404 κόμην
312 2322 366 2386 καὶ
384 2317 568 2406 ἀπαγαγῶυ
583 2325 644 2386 τού
665 2317 849 2402 προσῶπου
870 2310 1046 2400 αύχμηράν
1065 2312 1120 2377 καὶ

108 2421 405 2506 συμπεπιλημένην
420 2424 542 2501 ἔδειξεν
558 2416 663 2486 αὑτὸν
679 2417 769 2495 ὅστις
780 2408 840 2503 ήν,
862 2411 962 2499 ἀμφω
978 2411 1039 2497 μέν
1058 2406 1119 2475 αύ-

109 2523 180 2584 τίκα
198 2523 376 2586 πίπτουσιν
394 2519 638 2604 ἰλιγγιάσαντες
655 2518 706 2584 έπί
726 2523 765 2604 τή
785 2512 1025 2602 ἀπροσδοκήτῳ
1042 2509 1117 2597 θέᾳ.
1143 2515 1147 2522 ’

107 2615 216 2705 χρόνῳ
233 2617 269 2685 δὲ
289 2616 469 2705 ἀναλαβῶν
487 2616 590 2685 αὐτόν
605 2643 639 2684 τε
657 2617 711 2683 καί
729 2613 790 2682 τόν
807 2611 997 2698 Ἀντίφιλον
1013 2607 1030 2676 ὁ
1044 2619 1118 2694 Λη-

107 2714 243 2798 μήτριος
263 2718 317 2782 καί
339 2723 454 2801 σαφῶς
477 2718 596 2783 ἕκαστα
616 2713 659 2791 ῶς
682 2711 767 2798 εἶχεν
784 2709 1016 2796 ἐκπυθόμενος
1036 2705 1115 2793 παρ’

107 2807 212 2876 αὐτοῦ
223 2819 365 2896 θαρρεῖν
373 2839 408 2879 τε
417 2812 678 2899 παρακελεύεται
690 2815 744 2878 καὶ
755 2808 875 2878 διελῶυ
887 2807 925 2876 τό
937 2807 1118 2894 τριβῶνιον

107 2904 144 2975 τό
167 2906 230 2992 μὲν
250 2906 354 2993 ἥμισυ
376 2907 477 2988 αὐτὸς
493 2909 731 2996 ἀναβάλλεται,
759 2907 795 2976 τό
812 2905 933 2976 λοιπόν
951 2907 987 2973 δὲ
1004 2909 1118 2992 ἐκείνῳ

107 3008 244 3074 δίδωσιν
258 3003 280 3073 ά
295 3004 358 3092 εἰγε
369 3006 494 3090 πιναρά
507 3010 561 3075 καί
576 3010 843 3094 ἐκτετρυχωμένα
856 3006 942 3094 ῥάκη
955 3002 1119 3088 περισπά·

107 3125 174 3184 σας.
205 3108 255 3173 31.
273 3107 328 3173 καί
343 3103 378 3174 τό
396 3103 461 3173 ἀπὸ
478 3106 601 3174 τούτου
616 3107 726 3174 πάντα
740 3104 866 3190 τρόπον
880 3111 988 3190 συνῆν
1004 3105 1119 3187 έπιμε-
1137 3114 1189 3169 540

106 3203 270 3290 λούμενος
286 3202 390 3273 αὐτοῦ
406 3206 460 3272 καί
482 3205 697 3289 θεραπεύων·
726 3201 898 3290 παραδούς
919 3201 983 3289 γάρ
1000 3198 1119 3269 ἑαυτὸν

106 3317 174 3380 τοῖς
191 3305 228 3371 έν
245 3310 290 3393 τῶ
306 3306 413 3390 λιμένι
434 3303 591 3390 έμπόροις
609 3306 719 3371 ἕωθεν
735 3309 781 3380 εἰς
795 3305 900 3389 μέσην
912 3300 1040 3388 ήμέραν
1057 3297 1119 3366 ούκ

106 3399 221 3488 ὀλίγον
236 3401 403 3489 ἀπέφερεν
418 3401 634 3490 ἀχθοφορῶν,
660 3400 717 3470 εἰτ’
737 3399 936 3471 ε’πανελθῶν
952 3396 996 3468 άυ
1011 3403 1047 3468 έκ
1058 3404 1119 3466 τοῦ
