2575 3842
127 193 153 228 vr
544 178 782 231 PRAEFATIO.

124 331 176 365 rec.
194 329 240 379 pro
263 309 407 379 χρωμένου
446 313 517 394 ⁰21².
535 307 701 394 καίγρὶρ-
715 307 808 373 αίτίας
827 331 884 365 cum
901 314 975 376 eod,
996 314 1212 396 quemadmodum

125 385 176 433 iam
197 397 342 444 suaseram,
368 399 416 449 pro
435 396 468 432 σν
485 397 537 446 γαρ
555 413 592 424 -
609 381 706 441 αδείας
741 398 763 434 ο.
783 384 817 436 13
840 377 979 448 τύραννος
999 399 1014 432 ο
1036 373 1171 448 τεθτεάς]
1196 376 1212 427 ὁ

126 453 197 502 deest
219 453 288 534 apud
311 453 387 504 eund.
425 452 484 502 ibid.
504 443 567 516 οάγὶ
589 448 637 501 καί
655 469 707 504 rec.
730 469 787 503 cum
806 455 862 506 eod.
881 469 928 519 pro
943 447 991 502 nol
1010 441 1073 516 οάγί
1102 452 1164 502 idid.
1182 448 1214 501 dl

124 513 187 586 ὑπ’]
207 517 227 569 δ
251 510 305 569 ὑπ’
319 521 354 572 ld.
392 538 414 572 o.
433 520 466 572 15
481 512 619 584 ἐπόνησα,
636 521 673 570 W
699 523 827 574 tenbachii
844 523 1062 581 emendationem,
1080 536 1139 571 cum
1153 523 1213 571 eod.

124 606 176 640 rec.
196 605 243 655 pro
262 580 382 654 ἐποίησα
416 591 476 640 ibid.
495 583 568 654 μηδὲ
589 530 709 658 εὐγερέδ]
733 585 807 656 μηδ’
824 583 856 641 εά
874 583 933 656 ερὲς
956 592 992 641 id
1032 590 1094 640 ibid.
1114 591 1214 655 προελ-

125 657 192 708 θεῖν
213 675 264 709 rcc.
285 675 343 710 oum
362 660 420 710 eod.
461 675 489 709 ro
509 659 679 723 προσελθεῖν
712 676 734 713 c.
755 660 788 712 16
807 608 873 711 οάδδ
890 650 1002 726 άναίμ]
1024 649 1092 707 οὔδ’
1112 650 1213 725 ἀναίμ.

125 729 161 780 ἰδ.
198 728 258 783 idid.
275 719 345 777 ἀλλὰ
360 717 415 794 dn]
437 674 500 777 ἀλλ’
515 720 557 776 άτ.
575 730 609 779 id.
652 730 714 781 idid.
731 720 1216 863 άπαραίτητος]ἀπαραιτητάτγρος

123 797 246 847 Halmius.
285 798 352 848 c.17
368 790 458 862 δέἐτι]
475 789 637 849 δ’ἐτιῦἰοδ.
668 815 690 852 o.
703 799 737 849 18
754 790 790 850 ἐπ
819 791 905 850 αάτὸν

125 858 290 933 συμμάχοις]
310 857 356 915 ἐπ’
372 856 457 916 αὐτὸν
466 856 637 946 ,ἐχρησάμην
651 870 712 924 τοῖς
730 862 885 935 συμμάχοις
898 870 947 932 id,
966 877 992 917 ut
1009 869 1082 917 uncis
1100 867 1213 919 inclusit,

124 952 146 986 c.
168 934 201 986 19
223 929 414 1001 συνήργησεν,
440 950 490 984 ουκ
510 927 545 984 άν
563 935 646 1018 τιμῆς
664 950 694 986 τε
715 933 764 987 καί
783 936 891 1003 δωρεάς
908 928 989 999 άξιον
1007 929 1152 1000 ἐκομίσατε
1170 935 1215 986 δε-

952 792 1082 863 ρησάμην
1101 812 1214 856 τουτοις

125 996 233 1068 σπότην
251 997 325 1055 οὕτω
340 1001 406 1069 δημ.
426 999 580 1069 κτήματοςς
606 1021 657 1055 ουκ
673 996 744 1124 κτά]
764 1009 797 1057 ila
817 1009 877 1059 dedi
897 1007 1006 1058 eundem
1023 1015 1147 1069 sequutus
1165 1021 1214 1071 pro

124 1066 281 1158 συνήργησε
297 1073 398 1134 παντί,
417 1072 496 1124 τοῦτο
514 1073 596 1157 τιμῇς
612 1089 641 1124 τε
659 1071 708 1125 καί
744 1075 832 1160 ωρεάρ
848 1068 929 1163 ἄξιον
948 1073 1081 1159 νομίσατε
1088 1113 1106 1159 ,υ
1114 1068 1214 1158 δεσπό-

122 1158 175 1208 την
193 1158 266 1192 ουτω
289 1140 355 1207 δημ.
376 1135 515 1208 κτήματος
537 1159 589 1194 ουκ
608 1136 663 1196 κτέ.
703 1163 726 1198 c.
748 1147 782 1197 20
800 1143 832 1198 δε
848 1138 966 1210 ἐκεινος]
994 1135 1152 1223 δ’ἐκεινος
1175 1146 1212 1223 ιι]
1268 1196 1269 1213 γ

125 1229 146 1262 c.
163 1213 194 1263 21
216 1206 247 1261 δὲ
264 1205 313 1277 cic]
331 1203 360 1261 δ’
377 1204 415 1270 οἱς
436 1214 473 1264 id.
509 1214 569 1267 idid.
584 1212 682 1281 ταῦτα]
704 1206 792 1263 τοῦθ’
809 1216 846 1266 ld.
875 1232 900 1266 o.
915 1217 950 1266 22
965 1204 1114 1278 ἕωρακατε]
1132 1204 1214 1278 ἕορα-
1268 1216 1269 1285 J

123 1295 188 1330 κατε
205 1283 241 1332 id.
278 1282 339 1331 ibid.
361 1274 392 1331 δὲ
410 1272 450 1348 ἐς]
470 1273 501 1330 δ’
518 1273 547 1339 ἐς
562 1284 597 1336 id.

191 1352 312 1401 Abdicat.
330 1354 388 1431 ⁰3²
406 1342 472 1402 οάδέ
488 1343 657 1419 ἀρξάμενος]
672 1342 740 1432 γάδ’
757 1343 819 1417 άρξ.
837 1354 872 1407 id.
909 1370 931 1404 o.
949 1352 966 1403 3
982 1350 1032 1401 τοῦ
1045 1346 1153 1416 πατρὸς
1170 1368 1213 1401 re·
1268 1366 1269 1383 ι

123 1434 179 1538 ἕῗῗ
196 1436 251 1538 ἔίῗέ
269 1434 442 1556 ἔίῆίῖἕωιῗ
462 1421 1212 1556 3r12⁰23l”ii.”⁰”2'.'⁰3⁹233⁰0'a2⁰523¹¹ffllssadffrffli]

122 1549 154 1605 δὲ
167 1549 301 1642 ἐκείνους]
318 1550 349 1607 δ’
363 1550 488 1614 ἐκείνους
501 1561 537 1610 id
575 1561 636 1610 ibid.
653 1558 759 1622 γίνεται
778 1577 829 1613 rec.
848 1576 894 1625 pro
910 1557 1034 1624 γίγνεται
1070 1575 1091 1609 c.
1111 1559 1129 1610 6
1146 1551 1214 1608 aial

122 1618 246 1693 ἐπιπόλ]
260 1618 326 1676 ουδ’
339 1617 449 1680 ἐπιπόλ.
468 1627 543 1678 Dind.
580 1646 601 1678 c.
620 1630 637 1680 8
656 1620 746 1687 οὕτως
760 1625 821 1696 καί]
839 1619 912 1678 οὕτω
930 1625 978 1678 καί
991 1630 1028 1680 ἱδ.
1059 1628 1120 1679 ibid.
1134 1619 1213 1694 οὐδὲ]

123 1685 187 1744 oo'd’
207 1697 243 1750 id.
281 1712 303 1746 c,
324 1690 389 1746 9δ1
409 1689 513 1760 ἐκεῖνο]
538 1689 568 1745 δ’
585 1692 721 1751 ἐκεῖνοίδ.
757 1700 819 1750 ibid.
843 1696 987 1764 γίνεσθαι]
1008 1695 1157 1762 γίγνεσθαι
1174 1699 1211 1753 id.

122 1765 182 1817 ibid.
201 1758 232 1814 dl
249 1753 339 1831 ἅπαξ]
359 1759 390 1814 δ’
404 1757 480 1826 ἅπαξ
492 1766 528 1815 id.
566 1767 633 1817 cll
650 1760 824 1834 σύνθωνται]
844 1765 1006 1817 συνθῶνται
1023 1769 1058 1817 id
1093 1767 1154 1821 ιθίδ.
1173 1783 1213 1817 re·

123 1835 180 1898 cepi
199 1850 257 1883 cum
275 1835 332 1885 eod.
349 1834 442 1885 Halmii
460 1836 663 1886 emendationem
681 1834 712 1885 εί
726 1848 770 1885 σοι
787 1829 904 1898 ἀνάξιος
921 1853 968 1903 pro
985 1829 1012 1885 εί
1024 1827 1064 1900 μὴ
1080 1825 1117 1884 ἀν
1131 1827 1206 1898 ἄξιος

122 1920 145 1952 o.
160 1904 194 1953 12
215 1895 307 1971 ᾤμην]
323 1894 420 1971 ω’άμην
436 1905 470 1955 id.
504 1920 525 1957 c.
543 1904 575 1956 13
594 1897 624 1954 δέ
639 1895 750 1972 ίατρόν]
770 1897 801 1955 δ’
818 1900 916 1968 ίατρὸν
931 1907 966 1957 id.
1001 1905 1062 1955 ibid.
1082 1896 1149 1955 σάδέ
1167 1891 1212 1971 εὖ]

122 1963 189 2022 oo’d’
206 1959 238 2020 εὖ
254 1973 289 2024 id.
327 1989 350 2023 c.
362 1974 395 2023 14
408 1965 439 2022 dl
452 1966 577 2040 οίκείων]
593 1966 621 2022 δ’
638 1967 750 2024 οἰκείων
763 1977 798 2027 id.
831 1976 892 2026 ibid.
908 1964 1109 2039 ἀναγινώσκεις
1124 1977 1213 2040 recepi
1269 1986 1270 2041 ξ

121 2057 168 2107 pro
186 2032 404 2106 ἀναγιγνώσκεις
437 2058 458 2091 o.
478 2043 510 2094 16
524 2036 605 2110 ἀλλά]
620 2035 685 2092 ἀλλ’
700 2046 736 2095 id.
767 2045 827 2096 idid.
847 2035 913 2093 οάδέ
931 2035 1027 2110 άπεδ.]
1043 2034 1108 2092 οὐδ’
1126 2035 1203 2093 άπεδ
1269 2070 1270 2073 ¹

121 2112 158 2167 id.
197 2129 220 2161 c.
239 2111 271 2162 18
289 2103 389 2179 ἀδικῇ·
416 2102 510 2161 οὑτοσί
529 2107 574 2173 δὲ,
593 2114 726 2163 Fr'rlzschii
743 2114 954 2178 emendationem,
972 2128 1029 2163 cum
1047 2114 1106 2163 eod.
1126 2115 1212 2178 recepi
1269 2154 1270 2157 ε

204 2173 212 2192 a
265 2179 278 2192 n
323 2167 334 2192 t
524 2185 555 2198 ,,
621 2172 629 2192 ε
753 2175 760 2192 ι
856 2174 864 2194 ε
992 2173 999 2192 ο
1057 2183 1064 2196 ι

120 2175 1043 2317 ίὲῗιιῖῗῖιῖίάὲἷῖῗιείάὲι”ίίιῗὲῗίεέίίοάῗλιὶίίὲλῗψῗῖά.
1056 2183 1095 2301 ll
1111 2183 1212 2318 ιῖγγῖῗ

122 2311 152 2367 δ’
167 2310 253 2383 ὀργῆς
271 2320 307 2369 ἰδ.
334 2319 394 2369 ibid.
412 2311 443 2366 δέ
460 2307 541 2383 ἀλλα]
558 2311 588 2366 δ’
602 2308 671 2367 ἄλλα
687 2319 722 2372 id,
759 2335 781 2371 c.
797 2319 832 2371 23
845 2313 876 2368 δὲ
893 2310 999 2388 ἄλλοις]
1016 2311 1046 2368 δ’
1061 2310 1155 2378 ἄλλοις
1172 2323 1200 2371 id

119 2388 181 2438 ibid.
197 2381 228 2438 δὲ
243 2377 380 2454 ἀνάγκης]
398 2377 429 2435 δ’
443 2377 568 2450 ἀνάγκης
583 2388 619 2437 ἱδ.
647 2404 668 2438 c
680 2390 713 2439 25
732 2380 799 2438 οάδέ
815 2381 896 2456 ἔθος]
914 2381 982 2439 οὔδ’
999 2382 1067 2447 ἐθος
1084 2391 1121 2441 ἰδ.
1149 2391 1210 2442 ibid.

121 2447 221 2522 οὕτως]
242 2445 314 2504 οὕτω
331 2457 366 2507 id.
403 2471 424 2505 ο.
442 2456 477 2507 26
493 2449 702 2524 μηδὲ-μηδὲ]
717 2449 838 2522 μηδ’-
853 2452 924 2522 μηδ’
938 2460 974 2510 ld.
1012 2475 1034 2512 c.
1051 2460 1085 2510 27
1106 2449 1213 2522 ἐγγίνε-

122 2523 203 2591 σθαι]
227 2516 405 2588 ἐγγίγνεσθαι
422 2524 457 2574 id.
496 2540 519 2576 c.
536 2525 570 2577 28
589 2521 768 2594 διαφέρουσι]
785 2522 913 2591 διαφέρει
928 2529 963 2580 id.
992 2544 1015 2578 c.
1032 2528 1066 2578 32
1081 2527 1212 2576 κατεπεί-

121 2608 172 2660 γγγς
185 2623 222 2632 -
237 2590 335 2660 θέλης]
359 2589 577 2657 κατεπείγεις-
594 2591 688 2653 θέλεις
707 2598 743 2646 id.
783 2597 843 2646 idid.
865 2589 1014 2661 γενόμενος
1031 2597 1057 2646 in
1076 2598 1211 2662 proecdos‘

123 2665 192 2714 uncis
209 2663 372 2715 inclusorem.

192 2733 300 2783 Ρίιοίοο.
319 2733 338 2782 Ι.
368 2748 389 2786 c.
414 2729 536 2783 2ταῦτα
553 2722 659 2800 ἐπαιν]
680 2727 763 2784 ταῦτ’
779 2724 872 2785 ἐπαιν.
892 2735 928 2789 Ιδ.
972 2752 993 2786 c.
1014 2737 1030 2787 5
1048 2726 1212 2798 ἀφύλακτος

122 2816 180 2852 cum
196 2803 253 2853 eod.
272 2818 319 2867 pro
335 2792 502 2864 ἀφυλάκτως
536 2793 839 2868 ωῑσ.δ1ἒκ]δ’ίιῑι1.
876 2796 1062 2855 culmum
1079 2806 1152 2855 uncis
1170 2807 1212 2855 in-

122 2872 256 2925 cluseram.
294 2887 317 2921 c.
335 2873 351 2921 7
372 2867 428 2919 slas
446 2859 555 2937 ἄδικος]
574 2862 627 2920 sl'a'
642 2865 741 2929 ἄδικος
754 2873 790 2928 ld.
827 2889 849 2927 c.
863 2874 880 2925 8
896 2867 993 2936 φέρειν
1008 2889 1059 2923 non
1077 2890 1135 2925 esse
1151 2891 1211 2924 mu-

122 2941 227 2991 tandum
243 2948 311 2990 recte
329 2940 427 2990 monuit
441 2939 575 2990 Burme'rsl.
594 2957 621 3006 p.
633 2939 677 2993 46.
704 2941 764 2991 ibid.
783 2933 814 2992 dl
827 2932 883 2991 ἀν’
899 2942 946 3007 κη]
965 2933 995 2990 δ’
1010 2933 1119 3007 ἀνάγκη
1129 2945 1210 2994 Dind.

123 3010 157 3058 ita
179 3019 203 3059 et
224 3011 298 3060 inira.
331 3009 392 3060 ibid.
411 2999 561 3075 ἐπικαίειν]
580 2999 707 3059 ἐπικάειν
724 3011 760 3065 id.
798 3011 857 3062 cll
915 3004 992 3061 εινόν
1009 3002 1084 3062 ἐστιν
1105 3021 1212 3064 auctore

122 3077 258 3128 Schaeiero
277 3093 323 3143 pro
341 3069 458 3142 άμεινον
480 3071 563 3128 εἶναι.
584 3079 660 3130 Dind.
680 3072 753 3129 εἷναι
776 3081 879 3132 delevlt.
917 3097 938 3130 c.
959 3083 992 3133 10
1009 3074 1040 3131 δὲ
1055 3072 1210 3148 ἐπειράθη]

122 3137 154 3194 δ’
174 3137 313 3211 ἐπειράθη
331 3148 366 3199 id.
406 3164 427 3198 o.
450 3146 480 3198 11
505 3140 535 3197 δέ
552 3138 713 3214 ὑποκαίειν]
737 3143 769 3198 δ’
784 3140 920 3199 δποκάειν
941 3151 978 3201 id.
1016 3167 1038 3200 c.
1059 3151 1091 3202 12
1112 3149 1211 3217 τοῦτο]

120 3207 197 3265 τοῦτ’
212 3218 246 3269 id.
272 3216 333 3270 idid.
346 3215 396 3281 τῆς
413 3215 548 3282 μουσικῆς
565 3217 624 3267 olim
638 3219 712 3267 uncis
725 3218 887 3273 inclusorem.
915 3220 975 3270 ibid.
989 3209 1140 3285 ἀνέπεμψα
1153 3237 1209 3272 roc.

122 3299 167 3349 pro
185 3277 339 3350 ἀπέπεμψα
375 3302 398 3341 ο,
419 3286 453 3336 14
469 3279 538 3350 μήτε
557 3277 679 3353 ἐκεῖνον]
697 3277 767 3371 μήτ’
784 3277 893 3337 ἐκεῖνον
911 3289 988 3338 Diod.

189 3355 296 3412 ΡΙιιιῖοο,
315 3357 346 3405 ΙΙ.
370 3372 391 3406 c.
410 3357 422 3404 1
445 3347 514 3417 μ’τε
532 3348 636 3422 άνάθ.]
660 3351 717 3420 μήτ
748 3345 836 3409 άνάθ.
858 3357 894 3409 ἱδ.
931 3374 953 3408 c.
973 3359 989 3409 5
1008 3356 1090 3407 τοῦτο
1107 3349 1208 3425 deora]

121 3415 198 3471 τοῦτ’
214 3417 296 3475 άτοπ.
316 3425 351 3474 id.
389 3424 438 3476 c.8
455 3369 486 3474 δέ
505 3417 593 3492 ίερὸν]
611 3418 642 3473 δ’
661 3417 738 3488 ίερὸν
755 3425 791 3474 ἰδ.
824 3426 885 3477 ibid.
900 3417 978 3491 παρά
995 3417 1208 3494 τοῐςἜλλησιν]
