2575 3842
177 178 240 242 270
544 182 835 241 AOYKIANOY

178 337 351 425 ἀχθηδόνα
375 366 441 425 μου
465 337 627 428 ἀκούσης,
653 336 697 425 ἦν
723 349 804 408 εἴπω
827 367 858 409 τι
886 332 934 408 τόν
960 345 1195 430 κατανενόηκα

109 451 160 505 516
179 433 288 502 πολύν
299 434 362 523 ἥδη
376 437 501 522 χρόνον
513 434 593 522 ὑμῖν
604 437 855 523 συγγινόμενος.
879 432 973 524 ὑμεῖς
986 438 1052 526 γάρ
1063 466 1123 525 μοι
1134 446 1193 509 δο-

177 548 262 601 κεῖτε
278 531 356 612 τούς
374 534 436 619 μέν
449 535 525 622 περὶ
541 540 653 619 φιλίας
669 535 792 620 λόγους
807 535 946 621 ἀμεινον
957 534 1072 604 ἀλλων
1085 534 1130 605 ἀν
1145 545 1193 606 εί-

59 626 66 641 ’
176 646 252 700 πεῖν
272 631 458 714 δύνασθαι,
475 624 580 716 τάργα
599 632 635 698 δέ
653 630 754 716 αὐτῆς
769 630 811 699 ού
825 633 933 718 μόνον
949 631 990 701 ού
1007 633 1080 701 κατ’
1095 633 1193 716 ἀξίαν

176 736 243 796 τῶν
264 728 376 813 λόγων
398 729 591 813 ἐκμελετᾶν,
618 725 692 795 ἀλλ’
711 726 840 815 ἀπόχρη
863 728 945 817 ὑμῖν
962 733 1136 800 ἐπαινέσαι
1156 758 1191 800 τε

176 825 282 912 αὐτὴν
297 828 353 894 καὶ
364 829 467 906 δεῖξαι
478 823 596 910 ἡλίκον
609 823 743 912 ἀγαθόν
759 829 865 895 ἐστιν·
889 830 927 895 έν
937 829 974 898 δέ
985 844 1055 908 ταῖς
1064 837 1192 916 χρείαις

175 925 358 1009 προδόντες
368 921 447 1002 τούς
459 924 579 1009 λόγους
592 925 811 1006 δραπετεύετε
822 924 884 993 οὐκ
895 925 960 994 οἷδ’
974 925 1064 1007 ὅπως
1079 931 1117 997 ἐκ
1129 932 1191 1014 με’-

176 1045 246 1093 σων
256 1030 325 1091 τῶν
336 1029 454 1108 ἔργων.
477 1024 533 1090 καί
547 1019 675 1089 ὁπόταν
685 1019 766 1109 ὑμῖν
778 1028 812 1090 οί
823 1028 988 1114 τραγςοδοὶ
1002 1025 1060 1105 τάς
1071 1027 1189 1094 τοιαύ-

175 1150 234 1202 τας
251 1128 362 1209 φιλίας
383 1122 436 1190 ἐπὶ
458 1118 519 1207 τὴν
539 1118 668 1207 σκηνὴν
689 1118 953 1208 ἀναβιβάσαντες
974 1123 1179 1192 δεικνύωσιν

176 1226 338 1289 ἐπαινεῖτε
352 1222 408 1288 καὶ
422 1222 622 1306 ἐπικροτεῖτε
633 1221 688 1287 καί
702 1220 963 1288 κινδυνεύουσιν
978 1219 1090 1299 αὐτοῖς
1102 1219 1187 1302 ὑπὲρ

175 1318 329 1406 ἀλλήλων
343 1322 377 1385 οί
386 1320 502 1386 πολλοὶ
512 1319 567 1385 καὶ
578 1319 809 1402 ἐπιδακρύετε,
825 1316 919 1387 αὐτοὶ
931 1318 968 1386 δέ
980 1317 1081 1387 ούδέν
1090 1319 1190 1399 ἀξιον

175 1420 314 1486 ἐπαίνου
329 1415 414 1500 ὑπὲρ
435 1420 629 1500 τῶνφίλων
649 1418 853 1503 παρέχεσθαι
871 1425 1027 1503 τολμᾶτε,
1050 1415 1125 1486 ἀλλ’
1143 1416 1187 1503 ἥν

174 1543 236 1585 τον
254 1523 350 1602 φίλος
362 1515 494 1600 δεηθεὶς
505 1515 604 1603 τύχη,
619 1513 737 1583 αὐτίκα
749 1516 836 1602 μάλα
852 1516 963 1603 ὥσπερ
974 1514 1014 1584 τά
1029 1514 1188 1602 ὀνείρατα

175 1625 320 1700 οίχονται
343 1610 423 1698 ὑμῖν
441 1609 594 1680 ἐκποδών
613 1613 845 1701 ἀποπτάμεναι
867 1619 904 1683 αί
923 1617 1041 1683 πολλαὶ
1061 1619 1187 1684 ἐκεῖναι

174 1716 370 1800 τραγῳδίαι,
395 1723 462 1789 τοῖς
482 1725 592 1789 κενοῖς
604 1710 736 1790 τούτοις
752 1715 807 1781 καὶ
823 1727 950 1799 κωφοῖς
964 1720 1187 1800 προσωπείοις

174 1809 320 1887 ἐοικότας
341 1807 427 1895 ὑμᾶς
450 1806 690 1896 ἀπολιποῦσαι,
712 1807 734 1877 ἀ
757 1813 916 1898 διηρμένα
938 1807 975 1877 τό
1001 1810 1107 1896 στόμα
1129 1813 1185 1878 καλ

173 1908 384 1992 παμμέγεθες
405 1907 565 1993 κεχηνότα
586 1904 664 1975 οὐδὲ
683 1905 720 1975 τό
739 1909 961 1994 σμικρότατον
983 1909 1184 1993 φθέγγεται·
1281 1966 1283 1975 .

172 2001 266 2090 ἡμεῖς
286 2005 322 2072 δὲ
337 2010 494 2092 ἔμπαλιν·
524 2003 592 2098 όσφ
615 2005 678 2094 γὰρ
701 2004 741 2092 δὴ
763 2007 948 2092 λειπόμεθα
964 2008 1000 2073 ἐν
1020 2006 1186 2092 τοῖςπερὶ

173 2109 285 2189 φιλίας
295 2103 423 2190 λόγοις,
440 2103 588 2194 τοσούτῳ
600 2106 635 2171 ἐν
646 2117 714 2182 τοῖς
726 2110 835 2191 ἐργοις
848 2102 950 2190 αὐτῆς
961 2110 1185 2171 πλεονεκτού-

172 2229 244 2289 μεν.
274 2209 323 2271 10.
344 2213 376 2270 εί
389 2201 421 2288 γ’
439 2196 503 2270 ούν
521 2207 627 2287 δοκεῖ,
653 2201 742 2271 οὕτω
757 2210 823 2270 νῦν
839 2209 1003 2290 ποιοῦμεν,
1026 2199 1105 2280 τοὺς
1119 2203 1185 2289 μὲν

171 2296 334 2379 παλαιούς
350 2305 469 2385 φίλους
489 2298 643 2387 ἀτρεμεῖν
665 2303 832 2389 ἐάσωμεν,
860 2312 895 2371 εί
903 2329 996 2381 τινας
1015 2296 1183 2388 ἦημεῖςῆ

171 2395 265 2483 ὑμεῖς
286 2404 354 2464 των
375 2397 477 2466 πάλαι
498 2410 719 2486 καταριθμεῖν
738 2406 856 2487 ἐχομεν
877 2440 920 2452 -
942 2402 1013 2470 ἐπεὶ
1035 2402 1119 2468 κατά
1142 2426 1183 2484 γε

171 2502 268 2564 τοῦτο
285 2503 513 2564 πλεονεκτοῖτε
527 2493 572 2563 ἀν
592 2497 738 2578 πολλοὺς
758 2502 813 2568 καὶ
827 2498 1036 2582 ἀξιοπίστους
1051 2500 1182 2586 μάρτυ-

172 2620 231 2679 ρας
245 2590 324 2671 τούς
337 2591 475 2680 ποιητάς
486 2597 718 2685 παρεχόμενοι,
729 2598 792 2686 τὴν
802 2599 971 2688 Ἀχιλλέως
982 2602 1037 2668 καὶ
1045 2599 1182 2686 Πατρό-

170 2702 255 2762 κλον
271 2699 387 2780 φιλίαν
401 2696 457 2762 καὶ
475 2692 537 2782 τὴν
555 2697 690 2782 Θησέως
709 2701 764 2768 καὶ
777 2707 943 2786 Πειρίθου
959 2702 1014 2769 καλ
1034 2707 1103 2767 τόν
1118 2698 1182 2767 ἀλ-

8 2829 10 2836 ι
100 2806 150 2862 517
171 2801 241 2862 λων
252 2793 416 2879 ἑταιρείαν
426 2795 463 2862 ἐν
473 2802 660 2874 καλλίστοις
670 2804 761 2867 ἔπεσι
772 2802 826 2868 καί
837 2803 967 2888 μέτροις
977 2802 1182 2890 ῥαψῳδοῦν-

170 2919 228 2972 τας
243 2933 281 2943 -
298 2890 433 2980 ὀλίγους
447 2898 487 2964 δέ
497 2923 588 2975 τινας
602 2898 893 2986 προχειρισάμενοι
907 2907 975 2967 τάν
990 2897 1072 2967 καθ’
1093 2895 1181 2985 ἡμᾶς

170 2989 293 3072 αύτούς
316 2994 371 3062 καί
392 2991 432 3062 τά
450 3000 531 3082 ἔργα
552 2991 666 3063 αὐτῶν
686 2995 942 3084 διηγησάμενοι,
969 2996 1033 3085 ἐγοδ
1054 2998 1116 3084 μέν
1133 2994 1181 3063 τά

168 3092 345 3176 Σκυθικά,
369 3090 412 3160 σύ
428 3094 464 3161 δὲ
477 3091 517 3161 τά
532 3093 721 3181 Ἑλληνικά,
746 3098 801 3164 καί
814 3094 973 3183 ὁπότερος
987 3092 1031 3163 ἀν
1046 3097 1082 3164 ἐν
1098 3095 1180 3163 τού-

169 3215 237 3268 τοις
251 3197 355 3280 κρατῇ
369 3194 424 3260 καὶ
435 3189 591 3279 ἀμείνους
605 3194 811 3281 παράσχηται
822 3191 901 3273 τούς
917 3201 1052 3282 φίλους,
1077 3190 1179 3270 αὐτός

168 3312 203 3353 τε
217 3285 400 3374 νενικηκός
415 3295 505 3357 ἐσται
521 3292 576 3358 καλ
590 3290 652 3377 τὴν
667 3288 772 3360 αὐτοῦ
784 3290 984 3379 ἀνακηρύξει
999 3293 1178 3360 κάλλιστον

168 3381 282 3468 ἀγῶνα
306 3389 361 3452 καὶ
381 3388 586 3471 σεμνότατον
603 3387 867 3476 ἀγωνισάμενος·
900 3389 943 3470 ὡς
965 3398 1069 3478 ἔγωγε
1089 3386 1178 3458 πολύ
