2575 3842
323 185 560 244 ΑΛΗΘΟΤΣ
580 185 819 244 ΙΣΤΟΡΙΑΣ
842 189 868 244 Α
1061 178 1103 244 47

85 342 204 430 ἐπειδὴ
222 347 344 422 [κακῶς
367 346 609 431 ἐκορέσθημεν,
634 343 883 413 έπυνθάνετοδ
903 344 1104 413 ἐπεπόνθει-

85 470 169 530 μεν·
190 441 283 528 κάηεδ
299 443 408 508 πάντα
430 444 502 526 ἑξῆς
517 445 744 529 διηγησάμην,
764 441 826 510 τόν
839 469 875 510 τε
887 448 1034 529 χειμῶνα
1049 443 1104 507 καλ

85 540 127 608 τά
144 543 184 609 έν
197 548 237 628 τῇ
254 541 347 630 κη’σφ
361 543 414 607 καὶ
430 538 490 607 τόν
510 543 547 607 έν
565 547 611 629 τῷ
626 538 700 626 ἀέρι
715 547 841 626 πλοῦν,
858 539 989 608 καὶτὸν
1001 539 1100 606 πόλε-

87 665 172 725 μον,
199 639 254 704 καὶ
274 636 315 704 τά
338 635 421 704 ἀλλα
447 639 541 724 μέχρι
563 645 621 724 τῆς
643 641 676 717 ές
696 638 733 706 τὸ
756 646 854 725 κῆτος
880 637 1101 712 καταδύσεως.

14 813 15 816 ¹
87 742 139 805 34.
158 733 177 802 ὁ
193 737 230 802 δὲ
241 733 509 821 ὑπερθαυμάσας
524 739 579 802 καὶ
594 734 694 816 αύτδς
709 740 747 804 έν
761 742 853 823 μέρει
867 733 908 803 τά
923 732 1005 803 καθ’
1024 734 1103 800 έαυ-

87 832 149 902 τόν
161 833 284 922 διεξῄει
296 837 418 919 λέγων,
437 832 481 901 Τὸ
495 835 556 919 μὲν
568 838 666 919 γένος
677 841 745 920 εἰμί
750 887 759 920 ,
777 829 804 902 οἶ
816 837 921 920 ξένοι,
939 831 1102 918 Κύπριος,

89 931 252 1019 ὁρμηθείς
268 935 304 998 δὲ
320 930 392 999 κατ’
411 935 574 1018 ἐμπορίαν
590 930 656 1000 ἀπὸ
674 940 732 1017 της
752 939 909 1020 πατρίδος
924 927 1005 1017 μετά
1023 953 1103 995 παι-

89 1031 166 1114 δός,
190 1026 231 1097 ὃν
252 1027 367 1115 ὁρᾶτε,
396 1032 450 1098 καὶ
471 1028 582 1097 ἀλλων
603 1039 739 1100 πολλῶν
759 1037 899 1100 οἰκετῶν
920 1035 1040 1097 ἔπλεον
1057 1032 1103 1104 είς

84 1126 227 1197 Ἰταλίαν
244 1136 396 1196 ποικίλον
412 1128 540 1214 φόρτον
556 1135 699 1214 κομίζων
713 1131 765 1196 ἐπὶ
779 1127 863 1208 νεός
878 1127 1038 1214 μεγάλης,
1059 1120 1102 1210 ἣν

88 1233 141 1299 έπὶ
154 1230 293 1314 στόματι
304 1238 365 1298 τοῦ
375 1230 497 1315 κήτους
508 1232 750 1315 διαλελυμένην
761 1238 840 1306 ἴσως
852 1228 1026 1314 ἑωράκατε.
1043 1226 1103 1309 μέ-

88 1355 142 1414 χρι
159 1327 222 1413 μέν
238 1319 301 1394 οὖν
311 1335 467 1406 Σικελίας
481 1325 626 1414 εὐτυχῶς
640 1327 899 1413 διεπλεύσαμεν·
923 1328 1055 1392 έκείθεν
1066 1323 1103 1389 δὲ

89 1425 320 1514 ἁρπασθέντες
345 1425 456 1518 ἀνέμφ
482 1431 621 1516 σφοδρῷ
644 1442 784 1511 τριταῖοι
809 1429 842 1504 ές
867 1422 927 1494 τὸν
952 1420 1102 1491 ὠκεανόν

89 1524 344 1610 ἀπηνέχθημεν,
357 1531 443 1594 ἔνθα
454 1532 499 1615 τῷ
510 1525 599 1612 κη’τει
611 1525 843 1612 περιτυχόντες
853 1526 909 1592 καὶ
920 1520 1102 1606 αύτανδροι

88 1625 335 1700 καταποθέντες
349 1623 412 1689 δύο
428 1619 520 1708 ἡμεῖς
534 1624 633 1709 μόνοι
647 1629 715 1690 τῶν
730 1623 842 1692 ἀλλων
854 1620 1102 1690 ἀποθανόντων

90 1721 278 1806 ἐσώθημεν.
305 1719 476 1801 θάψαντες
490 1720 526 1788 δὲ
542 1719 620 1798 τούς
635 1723 787 1804 ἑταίρους
800 1724 855 1789 καὶ
871 1718 956 1788 ναδν
967 1726 1015 1810 τῷ
1031 1725 1102 1785 Πο-

90 1821 227 1886 σειδῶνι
242 1817 435 1903 δειμάμενοι
449 1820 583 1886 τουτονὶ
597 1817 658 1885 τόν
669 1826 745 1906 βίον
758 1825 879 1906 ζῶμεν,
896 1817 1024 1903 λάχανα
1039 1815 1101 1902 μὲν

88 1914 308 2001 κηπεύοντες,
330 1921 429 2001 ἰχθύς
450 1915 485 1982 δέ
506 1917 697 2002 σιτούμενοι
713 1921 768 1985 καὶ
784 1917 965 2001 ἀκρόδρυα.
994 1910 1099 1999 πολλὴ
1117 1921 1153 1978 98

89 2015 141 2098 δέ,
160 2010 206 2091 ὡς
219 2010 334 2098 ὁρᾶτε,
351 2011 372 2098 ἡ
388 2012 470 2100 ύλη,
487 2012 621 2100 καὶμὴν
635 2018 691 2081 καὶ
702 2013 870 2101 ἀμπέλους
885 2020 950 2098 ἔχει
965 2013 1101 2096 πολλάς,

89 2108 150 2197 ἀφ’
169 2101 219 2177 τόν
238 2109 371 2196 ἥδιστος
386 2111 476 2190 οἶνος
491 2119 655 2198 γίγνεται·
685 2110 819 2199 κοίτην
839 2110 950 2197 πηγὴν
966 2113 1002 2177 δὲ
1023 2119 1102 2187 ι’σως

91 2214 193 2277 είδετε
211 2216 389 2277 καλλίστου
404 2213 459 2278 καὶ
476 2213 688 2298 ψυχροτάτου
704 2211 836 2289 ύδατος.
860 2208 964 2297 εὐνὴν
981 2208 1017 2276 δὲ
1034 2206 1100 2275 ἀπὸ

89 2316 155 2375 τῶν
178 2307 319 2393 φύλλων
339 2310 530 2395 ποιούμεθα
551 2314 605 2378 καὶ
623 2319 692 2397 πῦρ
707 2309 867 2395 ἄφθονον
886 2316 1025 2395 καίομεν
1046 2309 1102 2375 καὶ

90 2405 192 2495 όρνεα
213 2410 249 2473 δὲ
268 2407 461 2493 θηρεύομεν
479 2406 520 2474 τά
542 2409 758 2495 εἰσπετόμενα
779 2413 834 2477 καί
859 2415 981 2490 ζῶντας
1004 2414 1101 2494 ίχθύς

90 2505 277 2593 ἀγρεύομεν
289 2505 430 2585 ἐξιόντες
441 2507 493 2574 ἐπὶ
507 2504 546 2573 τά
560 2515 701 2595 βραγχία
715 2517 776 2577 τοῦ
786 2515 928 2595 θηρίου,
946 2515 1031 2577 ἔνθα
1046 2509 1102 2575 καὶ

89 2606 279 2691 λουόμεθα,
298 2601 426 2673 ὁπόταν
440 2608 709 2694 ἐπιθυμήσωμεν.
731 2606 865 2694 καὶμὴν
879 2611 934 2676 καὶ
946 2616 1047 2695 λίμνη
1060 2606 1101 2676 ού

90 2707 205 2792 πόρρω
221 2707 310 2773 ἐστίν
321 2702 455 2792 ἁλμυρά
467 2711 610 2774 σταδίων
622 2717 726 2774 είκοσι
737 2705 774 2774 τὸ
790 2714 989 2793 περίμετρον
1003 2713 1101 2791 ἰχθύς

92 2811 211 2890 ἔχουσα
232 2805 484 2889 παντοδαπούς,
510 2808 547 2872 έν
569 2797 591 2893 ᾖ
611 2809 666 2873 καὶ
687 2806 859 2892 νηχόμεθα
881 2809 935 2872 καὶ
958 2809 1101 2889 πλέομεν

91 2905 142 2971 ἐπὶ
156 2904 310 2990 σκάφους
324 2912 464 2990 μικροῦ,
482 2901 577 2991 δέρω
589 2903 882 2990 ένανπηχησάμην.
906 2910 961 2988 ἔτη
976 2905 1011 2970 δὲ
1021 2901 1101 2988 ἡμῖν

92 3004 157 3069 ἐστι
173 3009 231 3088 τῆς
251 3004 464 3080 καταπόσεως
481 3009 584 3069 ταῦτα
602 3001 683 3070 ἑπτά
696 3005 751 3070 καί
769 3013 882 3070 είκοσι.
916 3006 966 3069 35.
990 2997 1100 3067 καὶτὰ

92 3105 150 3186 μὲν
166 3099 251 3168 ἀλλα
270 3111 349 3179 ίσως
370 3105 487 3187 φέρειν
506 3102 719 3188 ἐδυνάμεθα,
742 3104 776 3167 οί
794 3099 831 3166 δέ
844 3105 991 3184 γείτονες
1006 3097 1101 3185 ἡμῶν

92 3201 143 3266 καλ
158 3198 315 3283 πάροικοι
336 3201 469 3288 σφόδρα
483 3205 618 3287 χαλεποί
639 3202 694 3268 καλ
716 3206 828 3286 βαρεῖς
849 3203 949 3284 εἰσιν,
971 3197 1105 3284 ἀμικτοί

92 3321 125 3364 τε
136 3295 231 3375 όντες
245 3301 301 3366 καλ
316 3297 435 3384 ἀγριοι.
459 3291 596 3385 Ἠχάρ,
621 3307 709 3385 ἔφην
729 3297 810 3384 ἐμοί,
833 3302 888 3366 καὶ
905 3297 999 3366 ἄλλοι
1015 3300 1103 3376 τινές

95 3400 173 3464 εἰσιν
190 3399 229 3463 έν
241 3403 287 3487 τῷ
302 3399 409 3484 κη’τει;
430 3403 556 3468 Πολλοί
572 3401 651 3485 μέν,
674 3403 754 3484 ἔφη,
776 3399 831 3464 καὶ
847 3395 958 3476 ἀξενοι
973 3395 1100 3475 καὶτὰς
1115 3409 1150 3463 99
