2575 3842
394 254 514 312 ΠΕΡΙ
535 255 810 313 ΟΡΧΗΣΕΩΣ.
1043 255 1104 317 159

95 415 233 476 τοιαῦτα
249 413 438 495 παρέχεται,
459 411 520 480 τόν
530 412 709 480 Ὑάκινθον
724 412 826 481 uo6¹
791 440 852 480 τον
866 439 926 482 του
914 413 1103 483 Ἀπόλλω-

95 531 156 583 νος
173 503 379 592 ἀντεραστὴν
392 512 548 595 Ζέφυρον
562 509 666 578 πεδ’
630 537 693 597 την
706 509 772 578 ύπδ
789 537 835 601 τφ
822 515 947 602 δίσκφ
958 520 1018 579 τοῦ
1029 539 1103 597 μει-

96 609 217 684 ρακίου
232 600 366 689 σφαγὴν
382 604 492 672 καὶ
458 632 493 672 το
518 609 553 673 έκ
566 615 627 673 τοῦ
641 611 780 692 αἵματος
797 579 903 685 άνθος
922 607 1026 675 κάλ’
990 635 1052 724 την
1066 612 1103 675 έν

96 696 190 788 αύτῷ
206 705 243 766 αί
242 699 386 780 άζουσαν
401 705 607 821 ἐπιγραφήν,
624 704 725 772 καθ’
689 730 752 792 την
764 702 974 790 Τυνδάρεω’
956 705 1103 772 ανάστα-

97 816 154 861 σιν
168 794 274 863 aaz*
237 823 300 882 την
315 797 399 876 Διδς
414 802 465 867 ἐπὶ
481 800 589 889 τούτῳ
603 827 665 867 κατ
669 798 921 888 ’Ἀσκληπιοῦ’
905 802 1025 888 οργην·
1055 807 1102 869 ἔτι
1120 815 1170 868 λ9ε

98 892 134 959 δὲ
154 896 209 960 καὶ
230 893 290 961 τὸν
304 895 451 981 Πάριδος
468 896 624 982 ξενισμὸν
646 903 701 967 καί
721 899 784 985 τὴν
798 898 930 1021 Ἑλένης
946 895 1102 983 ἁρπαγὴν

97 988 179 1073 μετά
201 1017 264 1077 την
285 994 338 1060 ἐπὶ
356 1003 402 1083 τῷ
425 995 518 1083 μήλῳ
538 1001 659 1077 κρίσιν
696 1001 746 1064 46.
773 1000 949 1082 νομιστέον
969 994 1035 1081 γάρ
1062 1004 1102 1081 τῇ

96 1097 324 1178 Σπαρτιατικῇ
339 1095 466 1180 ίστορίηι
478 1089 578 1159 606¹
542 1118 605 1176 την
617 1089 757 1178 Ἰλιακὴν
768 1101 959 1178 συνῆφθαι,
974 1090 1102 1177 πολλὴν

97 1179 204 1253 οὖσαν
222 1190 277 1254 καλ
290 1189 574 1272 πολυπρόσωπον·
601 1188 683 1256 καθ’
698 1192 838 1257 ἕκαστον
852 1197 938 1275 γοῦν
953 1197 1021 1256 τῶν
1035 1191 1105 1255 ἐκεῖ

96 1283 270 1349 πεσόντων
282 1287 442 1370 δρᾶμα
402 1311 441 1374 τη
452 1295 560 1404 σκηνη
573 1287 759 1368 πρόκειται
783 1313 838 1353 και
826 1290 1039 1372 μεμνῆσθαι
1052 1289 1105 1352 δεῖ

96 1378 227 1446 τούτων
242 1378 310 1466 άεί,
332 1380 515 1466 μάλιστα’
495 1380 561 1448 απὸ
575 1389 632 1468 τῆς
653 1380 802 1470 ἁρπαγῆς
822 1379 957 1460 εύθύς’
943 1381 1017 1467 άχρι
1032 1388 1100 1448 τῶν

96 1479 133 1542 έν
147 1491 214 1555 τοῖς
229 1478 361 1557 νόστοις
374 1485 605 1566 γεγενημένων
617 1483 671 1548 καί
684 1489 741 1566 τῆς
750 1489 783 1547 Α
783 1487 889 1549 ίνείον
904 1480 1030 1565 πλάνης
1043 1481 1100 1545 καί

99 1577 257 1652 Διδοῦς”
238 1600 375 1662 ερωτος,
396 1569 445 1644 άν
459 1576 522 1644 ούκ
542 1576 698 1662 άλλότρια
713 1576 817 1646 aaz*
781 1605 821 1644 τα
839 1574 964 1664 περί’
931 1603 990 1643 τον
1007 1574 1099 1661 Ὀρέ-

96 1691 178 1755 στην
199 1673 349 1758 δράματα
363 1673 469 1741 606¹
433 1701 472 1741 τα
493 1678 529 1742 ἐν
543 1684 680 1766 Σκυθίᾳ
701 1685 746 1765 τῷ
766 1675 853 1762 η’ρωλ·
864 1679 1097 1760 τετολμημένα.

97 1765 159 1833 ούκ
176 1764 292 1860 άπφδά
311 1772 347 1839 δὲ
367 1769 476 1839 nal*
439 1799 480 1838 τα
501 1771 565 1858 πρὸ
589 1776 734 1857 τούτων,
763 1771 847 1841 άλλά
866 1787 934 1850 τοῖς
951 1771 1099 1850 Ἰλιακοῖς

1 1931 5 1972 t
96 1875 252 1952 συγγενῆ,
266 1866 432 1953 Ἀχιλλέως
442 1870 610 1961 έυΣκύρφ
619 1872 906 1955 παρθένευσιςκαλ
916 1867 1099 1946 Ὀδυσσέως

95 1971 197 2051 μανία
213 1969 267 2034 καὶ
281 1967 487 2053 Φιλοκτητου
502 1971 636 2054 ἐρημία,
657 1971 712 2036 καί
726 1965 848 2045 δ’λως“
831 1994 852 2053 η
873 1975 962 2033 πάσα
980 1963 1099 2032 Ὀδύσ-

1 2089 3 2124 t
96 2083 184 2141 σειος
200 2065 308 2152 πλάνη
324 2067 380 2134 καὶ
392 2072 501 2152 Κίρκη
516 2069 570 2134 και
588 2069 773 2152 Τηλέγονος
786 2061 872 2133 καὶ
854 2092 875 2152 η
890 2073 922 2131 Α
923 2064 1018 2131 ίόλου
1030 2069 1099 2129 τῶν

1 2163 2 2234 λ
96 2160 229 2261 άνέμων
245 2167 421 2232 δυναστεία
438 2163 549 2234 κάλ’
512 2192 553 2232 τα
573 2163 657 2232 άλλα
673 2166 767 2250 μέχρι
790 2188 848 2248 της
867 2169 936 2229 τῶν
952 2159 1098 2246 μνηστή-

95 2286 166 2345 ρων
182 2267 352 2350 τιμωρίας·
374 2265 428 2331 καὶ
439 2261 502 2351 πρό
517 2263 647 2330 τούτων
661 2260 682 2347 ἡ
696 2287 780 2329 κατα
768 2259 1043 2347 ’Παλαμήδονς’
1026 2283 1098 2327 επι-

95 2357 199 2444 βουλὴ
216 2356 300 2427 uaz‘
283 2387 304 2445 η
318 2367 457 2429 Ναυπλί
442 2368 496 2429 ίου
515 2357 598 2446 όργη
587 2357 708 2428 ’καθ’
690 2386 711 2445 η
727 2369 871 2436 Αίαντος
884 2365 987 2444 μανία
1005 2353 1091 2424 κάλ’
1075 2383 1096 2472 η

94 2458 241 2540 θατέρου
257 2459 294 2524 έν
309 2472 379 2537 ταῖς
393 2462 526 2543 πέτραις
543 2457 699 2526 άπόλεια.
721 2460 773 2525 47.
788 2462 852 2542 ἔχει
869 2454 993 2533 πολλάς
1006 2451 1095 2539 κοίη

96 2548 228 2632 Ηλις’
209 2554 363 2675 αφορμάς
383 2570 450 2633 τοις
467 2553 636 2643 ὀρχεῖσθαι
656 2557 888 2642 πειρωμένοις,
912 2551 972 2620 τόν
993 2553 1095 2620 Οίνό-
1114 2570 1165 2624 296

1 2705 2 2714 ,
93 2678 196 2748 μαον,
212 2651 272 2720 τδν
289 2653 530 2739 Μυρτίλον,“
496 2679 556 2721 τον
571 2654 721 2739 Κρόνον,
738 2679 799 2720 τον
812 2658 896 2736 Δία
910 2677 989 2730 τους
1002 2675 1097 2737 πρω

93 2776 171 2828 τους
183 2758 252 2818 τῶν
266 2749 483 2837 Ὀλυμπίωυ’
464 2751 657 2836 αγωνιστάς.
679 2758 730 2820 48.
747 2748 851 2835 πολλὴ
866 2749 902 2817 δε
916 2747 1002 2817 κάλ’
985 2776 1006 2835 η
1021 2747 1093 2817 κατ’

92 2849 265 2933 Ἀρκαδίαν
285 2857 489 2936 μυθολογία,
513 2851 656 2936 Δάφνης
672 2849 780 2935 φυγή,
804 2855 1010 2924 Καλλιστοῦς
1029 2857 1096 2930 θη-

93 2952 221 3031 ρίωσις,
236 2947 441 3032 Κενταύρων
455 2954 611 3035 παροινία
624 2945 802 3024 καὶΠανδς
816 2951 929 3031 γοναί,
940 2941 1096 3029 Ἀλφειοῦ

92 3049 175 3130 ἔρως
190 3047 244 3114 καὶ
267 3044 397 3131 ὕφαλος
412 3044 588 3133 άποδημία.
618 3051 669 3114 49.
687 3043 771 3113 άλλά
786 3041 851 3112 κάν
866 3049 911 3122 είς
925 3040 985 3128 τὴν
1001 3041 1095 3127 Κρή-

91 3169 151 3228 την
166 3141 270 3233 άφίκη
284 3152 330 3235 τῷ
344 3146 450 3236 λόγῳ,
470 3146 648 3231 πάμπολλα
662 3139 853 3228 κάκείθενὴ
870 3140 1003 3226 ὄρχησις
1017 3142 1095 3225 έρα-

91 3247 228 3326 νίζεται,
250 3241 310 3330 τὴν
331 3241 518 3330 Εὐρώπην,
540 3241 601 3328 τὴν
617 3243 816 3328 Πασιφάην,
837 3238 917 3319 τούς
943 3239 1095 3323 Ταύρους

91 3337 314 3427 ἀμφοτέρους,
331 3339 392 3410 τδν
402 3342 638 3430 Λαβύρινθον,
654 3339 716 3428 τὴν
726 3339 920 3428 Ἀριάδνην,
937 3335 999 3426 τὴν
1010 3343 1095 3406 Φαί-

91 3442 191 3525 δραν,
206 3435 266 3506 τόν
276 3437 499 3528 Ἀνδρόγεων,
515 3437 575 3508 τόν
591 3444 779 3526 Δαίδαλον,
800 3438 1017 3526 τδι-·”Ικαρον,
1034 3443 1094 3504 τόν
