2575 3842
375 191 651 252 ΛΟΤΚΙΟΣΗ
674 192 815 252 ΟΝΟΣ.
1037 189 1100 252 303

312 475 594 544 ΔΟΥΚΙΟΣ
627 481 662 537 H
697 473 878 542 ΟΝΟΣ.

173 654 202 718 l.
223 646 356 738 Ἀπῆειν
373 649 452 714 ποτὲ
469 648 502 724 ἐς
517 653 718 715 Θετταλίαν·
747 638 791 733 ῆν
807 650 845 714 δέ
864 671 921 732 μοι
936 647 1099 732 πατρικύν

87 774 118 815 τι
133 747 340 834 συμβόλαιον
355 747 425 814 ἐκεῖ
435 743 520 830 πρὸς
532 744 720 830 ἄνθρωπον
734 745 926 830 ἐπιχώριον·
949 747 1051 823 ’ίππος
1061 745 1101 812 δέ
1116 761 1168 816 668

87 871 127 931 με
142 852 263 930 κατῆγε
274 846 329 912 καλ
338 841 378 910 τοὶ
390 844 493 928 σκεύη
506 845 562 911 καλ
571 841 734 928 θεράπων
745 839 928 929 ἠκολούθει
940 837 993 921 εἷς.
1019 845 1099 910 ἐπο-

88 943 237 1028 ρευόμην
251 934 315 1008 ούν
326 938 387 1027 τῆν
402 943 627 1026 προκειμένην
641 938 740 1008 ὁδόν·
762 948 820 1008 καί
831 965 902 1018 πως
912 946 1030 1026 ἔτυχον
1043 941 1099 1006 καλ

87 1038 181 1108 ύλλοι
198 1037 352 1118 ἀπιόντες
374 1041 407 1116 ἐς
420 1037 547 1106 ’Ὑπατα
563 1038 663 1105 πόλιν
680 1044 738 1125 τῆς
752 1044 946 1122 Θετταλίας,
967 1041 1098 1105 ἐκεῖθεν

87 1139 197 1218 ὅντες·
227 1139 282 1206 καλ
296 1136 387 1206 ἅλων
404 1140 668 1224 ἐκοινωυοῦμεν,
689 1140 744 1206 καὶ
758 1135 866 1217 ούτως
885 1141 1016 1225 ἐκείνην
1035 1135 1098 1224 τῆν

87 1237 254 1327 ἀργαλέαν
269 1234 351 1306 ὁδὸν
361 1235 547 1316 α’νύσαντες
562 1244 705 1324 πλησίον
715 1236 778 1323 ἤδη
790 1244 848 1323 τῆς
858 1236 987 1316 πόλεως
1001 1230 1096 1323 ἦμεν,

86 1332 178 1421 κολγδ
194 1333 325 1422 ῆρύμηυ
346 1331 425 1412 τούς
440 1334 640 1417 Θετταλούς,
664 1342 757 1418 είπερ
778 1335 970 1400 ἐπίστανται
991 1333 1098 1418 ἄνδρα

87 1441 244 1504 οἰκοῦντα
256 1436 288 1512 ἐς
301 1430 342 1501 τὰ
350 1429 474 1501 “Tuam
482 1483 491 1519 ,
500 1431 682 1520 Ἵππαρχον
692 1432 851 1519 τοῦνομα.
873 1433 1050 1519 γράμματα
1061 1433 1097 1498 δὲ

86 1530 176 1621 αύτῷ
192 1531 344 1618 ἐκόμιζον
361 1541 516 1615 οἴκοθεν,
540 1529 623 1599 ὥστε
639 1537 769 1616 οἰκῆσαι
784 1527 866 1616 παρ’
886 1528 985 1621 αύτῷ.
1012 1535 1047 1598 οί
1062 1531 1098 1596 δὲ

89 1632 209 1701 ι’ίδέναι
223 1626 282 1695 τὸν
290 1627 473 1714 Ἵππαρχον
486 1635 607 1696 τοῦτον
623 1635 739 1714 ἔλεγον
752 1631 807 1697 καλ
820 1627 884 1715 ὅπη
899 1637 957 1716 τῆς
971 1630 1099 1708 πόλεως

88 1732 173 1794 οίκεῖ
186 1727 242 1793 καλ
256 1723 306 1793 ὅτι
321 1723 485 1811 ἀργύριον
496 1725 614 1794 ἱκανὸν
626 1733 691 1811 ἔχει
705 1728 760 1794 καὶ
774 1725 824 1795 ὅτι
838 1734 919 1813 μίαν
930 1728 1098 1812 θεράπαι-

87 1849 152 1891 ναν
166 1825 280 1908 τρέφει
297 1825 351 1890 καλ
372 1820 435 1908 τῆν
449 1820 554 1889 αὑτοῦ
569 1821 716 1909 γαμετῆν
733 1825 857 1909 μόναςή
875 1824 1023 1912 ἔστιγὰρ
1039 1852 1098 1912 φι-

86 1921 342 2008 λαργυρώτατος
355 1924 481 1999 δεινῶς.
511 1923 580 1988 ἐπεὶ
596 1920 632 1988 δὲ
648 1929 789 2006 πλησίον
806 1931 863 2008 τῆς
879 1923 1007 2002 πόλεως
1024 1926 1096 2009 ἐγε-

86 2020 260 2106 γόνειμεν,
278 2018 383 2104 κῆπύς
394 2045 443 2096 τις
453 2011 498 2104 ῆν
508 2020 562 2086 καὶ
574 2023 674 2086 ε”νδον
685 2022 826 2086 οίκίδιον
836 2017 996 2105 ἀνεκτόν,
1012 2026 1096 2087 ἔνθα
1116 2045 1167 2100 569

87 2116 292 2204 δ”Ιππαρχος
307 2114 393 2207 η’ίκει.
418 2122 448 2182 2.
461 2119 495 2183 οί
507 2119 568 2201 μὲν
586 2109 651 2183 ούν
666 2114 900 2203 ἆσπασύμενοί
908 2145 948 2204 με
960 2117 1097 2210 ᾤχοντο,

87 2213 152 2303 ἐγώ
168 2217 204 2282 δὲ
220 2213 332 2282 κόπτω
347 2210 549 2302 προσελθοδν
563 2211 624 2300 τῆν
639 2215 772 2301 θύραν,
787 2217 842 2283 καὶ
857 2214 953 2302 μόλις
966 2215 1028 2301 μέν
1043 2217 1098 2283 καὶ

85 2315 250 2401 βραδέως,
274 2308 444 2399 ὑπήκουσε
460 2308 491 2378 δ’
511 2304 575 2379 οὖν
590 2309 610 2398 ῆ
626 2310 732 2398 γυνή,
755 2311 823 2379 εἶτα
844 2316 898 2381 καὶ
913 2319 1096 2398 προῆλθεν.

86 2411 150 2499 ἐγώ
167 2412 229 2498 μὲν
244 2409 374 2500 ῆρόμηυ
389 2419 420 2480 εί
435 2416 534 2480 ἔνδον
551 2421 601 2498 είη
618 2410 839 2500 ὁἽππαρηος·
859 2413 998 2498 Ἕνδον,
1016 2419 1096 2501 ἔφη·

86 2510 128 2580 σύ
146 2515 181 2579 δὲ
197 2507 277 2597 τίςῆ
291 2519 325 2580 τί
335 2511 541 2599 βουλόμενος
557 2512 736 2600 πυνθάνη;
756 2512 940 2600 Γρύμματα
953 2511 1026 2601 ἥκω
1038 2539 1097 2580 κο-

86 2617 188 2697 μίζων
216 2607 307 2699 αὐτῷ
328 2608 417 2696 παρὰ
436 2617 629 2696 Δεκριανού
656 2617 717 2678 τού
738 2611 896 2692 Πατρέως
921 2618 1094 2698 σοφιστοῦ.

86 2707 220 2774 Μείνόν
242 2732 300 2793 με,
327 2713 408 2792 ἔφη,
434 2705 555 2792 αὐτοῦ,
582 2710 637 2776 καὶ
653 2707 715 2794 τῆν
734 2709 850 2794 θύραν
873 2718 1096 2796 συγκλείσασα

86 2805 187 2896 ᾤχετο
200 2814 278 2873 είσω
288 2806 407 2872 πάλιν·
430 2813 488 2873 καί
498 2829 577 2872 ποτε
590 2809 773 2886 ἐξελθοῦσα
785 2807 914 2875 κελεύει
927 2805 1014 2892 ἡμᾶς
1028 2811 1097 2872 είσ-

87 2910 208 2970 ελθείν.
231 2899 322 2987 κᾶγύ
335 2902 371 2970 δὲ
384 2900 565 2989 παρελθεδν
578 2912 656 2970 είσω
668 2900 854 2989 ἀσπάζομαι
869 2900 975 2970 αύτδν
989 2898 1096 2969 καὶτὰ

85 3001 260 3087 γράμματα
283 3003 442 3068 ἐπέδωκα.
476 3006 567 3086 ἔτυχε
591 3004 626 3068 δὲ
651 3003 687 3068 ἐν
708 2997 791 3088 ἀρχῇ
815 3003 954 3067 δείπνου
972 2994 1021 3066 ὧν
1041 3000 1096 3066 καὶ

85 3102 252 3168 κατέκειτο
267 3101 320 3167 ἐπὶ
333 3103 498 3168 κλινιδίου
514 3107 650 3184 στενοῦ,
672 3096 758 3185 γυνῆ
775 3097 810 3165 δὲ
825 3094 931 3165 αὐτοῦ
946 3103 1095 3181 καθῆστο

85 3204 244 3286 πλησίον,
275 3199 328 3266 καὶ
352 3198 495 3285 τράπεζα
522 3199 628 3285 μηδὲν
650 3203 769 3284 ἔχουσα
792 3197 976 3281 παρέκειτο.
1014 3193 1032 3261 ὁ
1060 3196 1097 3261 δὲ

85 3294 197 3384 ἐπειδὴ
217 3309 285 3374 τοῖς
300 3296 491 3383 γράμμασιν
514 3298 683 3382 ἐνέτυχεν,
707 3292 793 3362 Ἀλλ’
817 3291 834 3361 ὁ
860 3293 923 3379 μὲν
938 3300 1094 3381 φίλτατος
1112 3311 1164 3366 57ο

85 3398 173 3482 έμοί,
196 3401 276 3482 ἔφη,
299 3399 352 3463 καὶ
370 3402 438 3463 τῶν
453 3392 620 3480 Ἑλλήνων
641 3392 838 3480 ἐξοχώτατος
851 3389 1038 3478 Δεκριανὸς
1055 3384 1094 3460 εύ
