2575 3842
228 168 610 235 ΑΛΕΞΑΝΔΡΟΣΗ
637 173 1018 231 ΨΕΤΔΟΜΑΝΤΙΣ.
1063 166 1123 233 121

115 328 180 409 τήν
193 327 410 413 Ἀλεξάνδρου
426 332 558 418 μητέρα.
583 328 702 415 εύρητο
718 334 754 396 δὲ
767 327 913 415 χρησμός
926 326 990 416 ήδη
1006 326 1049 407 ὡς
1060 336 1124 396 Σι-

117 428 243 516 βύλλης
257 430 607 513 προμαντευσαμένης·
699 461 705 473 ·

181 522 344 604 Εὐξείνου
357 527 504 593 Πόντοιο
520 522 600 608 παρ’
616 523 713 613 ήύσιν
726 524 800 611 ἀγχι
816 524 975 610 Σινώπης

183 628 273 689 ἔσται
287 649 337 700 τις
351 621 433 689 κατά
453 624 579 706 Τύρσιν
591 620 651 690 ὑπ’
665 622 860 690 Αὐσονίοισι
877 622 1058 709 προφήτης,

182 724 218 786 ἐκ
236 721 368 806 πρώτης
383 720 517 799 δεικνύς
533 722 679 808 μονάδος
696 728 841 806 τρισσῶν
858 720 1009 789 δεκάδων
1026 745 1061 786 τε

181 816 282 885 πένθ’
300 820 409 905 ἑτέρας
425 820 572 905 μονάδας
586 822 640 886 καὶ
656 818 812 886 εἰκοσάδα
827 818 1059 904 τρισάριθμον,

182 913 306 999 ἀνδρὸς
319 914 515 1002 ἀλεξητῆρος
530 914 726 1002 ὁμωνυμίην
741 916 973 1000 τετράκυκλον.

204 1017 253 1080 12.
271 1010 436 1099 Ἐσβαλων
448 1005 539 1079 ούνὸ
556 1011 767 1095 Ἀλέξανδρος
781 1011 861 1099 μετά
875 1012 1028 1098 τοιαύτης
1041 1038 1121 1095 τρα-
1140 1034 1191 1088 ςςρ

17 1187 18 1200 ἢ
118 1115 241 1200 γφδίας
262 1107 317 1176 διά
336 1116 462 1178 πολλού
484 1112 515 1187 ἐς
537 1109 599 1195 τήν
619 1115 760 1193 πατρίδα
777 1111 992 1198 περίβλεπτός
1012 1136 1047 1177 τε
1070 1110 1124 1176 καὶ

17 1231 18 1238 ’
119 1201 331 1294 λαμπρδςήν,
344 1211 523 1294 μεμηνέναι
538 1206 827 1291 προσποιούμενος
835 1204 1011 1292 καδάφροῦ
1021 1209 1124 1275 ἐνίοτε

15 1287 17 1336 ³
118 1304 416 1390 ὑποπιμπλάμενος
427 1303 464 1372 τό
477 1305 596 1391 στόμα·
614 1309 736 1394 ῥᾳδίως
748 1305 783 1371 δὲ
795 1312 892 1372 τοῦτο
905 1301 1052 1390 ὑπῆρχεν
1063 1302 1125 1370 αύ-

119 1410 181 1492 τῷ,
200 1410 384 1487 στρουθίου
398 1410 454 1488 τῆς
470 1410 613 1489 βαφικῆς
624 1403 768 1490 βοτάνης
781 1399 842 1489 τήν
856 1406 948 1489 ῥίζαν
963 1407 1125 1487 διαμαση-

12 1554 13 1596 ,
120 1503 268 1589 σαμένω·
287 1515 354 1578 τοῖς
365 1500 402 1569 δὲ
415 1501 513 1569 θεῖόν
523 1528 554 1568 τι
566 1504 620 1569 καὶ
631 1500 779 1587 φοβερόν
791 1502 897 1569 ε’δόκει
911 1503 965 1567 καὶ
976 1498 993 1567 ὁ
1006 1499 1123 1585 ἀφρός.

121 1601 295 1683 ἐπεποίητο
306 1602 341 1665 δὲ
351 1595 462 1677 αύτοῑς
471 1599 574 1667 πάλαι
585 1602 640 1665 καὶ
651 1600 891 1665 κατεσκεύαστο
902 1595 1028 1684 κεφαλή
1042 1598 1125 1682 δρά-

120 1722 239 1773 κοντος
253 1694 394 1782 ὀθονίνη
410 1695 710 1783 ἀνθρωπόμορφόν
725 1724 756 1764 τι
768 1700 1005 1782 ἐπιφαίνουσα,
1022 1696 1124 1762 κατά·

119 1819 260 1878 γραφος,
275 1793 366 1859 πάνυ
380 1799 565 1881 είκασμένη,
583 1792 649 1863 ὑπὸ
661 1797 772 1878 θριξὶν
785 1800 927 1873 ίππείαις
941 1792 1123 1879 ἀνοίγουσά

6 1903 9 1911 “
119 1892 224 1957 τεκαὶ
240 1883 341 1969 αὖθις
352 1894 562 1960 ἐπικλείουσα
576 1888 612 1957 τό
629 1891 752 1976 στόμα,
769 1894 823 1958 καὶ
834 1899 961 1976 γλῶττα
976 1895 1029 1959 οία
1042 1890 1125 1973 δρά-

121 2012 239 2064 κοντος
253 1984 343 2072 διττή
359 1991 498 2072 μέλαινα
511 1988 733 2073 προέκυπτεν,
754 1984 820 2054 ύπό
836 1996 957 2072 τριχῶν
971 1990 1026 2055 καὶ
1040 1983 1123 2069 αύτή

121 2087 291 2170 ἑλκομένη.
315 2088 369 2152 καὶ
387 2083 404 2153 ό
422 2094 582 2163 Πελλαῖος
598 2087 633 2151 δὲ
651 2085 785 2167 δράκων
799 2093 991 2171 προϋπῆρχε
1006 2086 1060 2150 καί
1075 2092 1126 2149 ot*-

118 2208 173 2249 κοι
192 2184 362 2267 ἐτρέφετο,
388 2181 471 2251 κατά
492 2181 611 2265 καιρόν
632 2183 918 2267 ἐπιφανησόμενος
939 2178 1051 2256 αὐτοῖς
1071 2180 1126 2245 καὶ

119 2280 426 2367 συντραγῳδήσων,
443 2287 569 2365 μάλλον
585 2279 620 2345 δὲ
636 2277 913 2366 πρωταγωνιστής
928 2278 1092 2364 ἐσόμενος.

207 2380 255 2443 13.
273 2374 359 2462 Ἤδη
374 2379 409 2446 δὲ
431 2376 590 2462 ἀρχεσθαι
606 2381 699 2464 δέον,
725 2385 909 2465 μηχανᾶται
927 2376 1058 2444 τοιόνδε
1078 2399 1124 2441 τι·

119 2477 255 2558 νύκτωρ
267 2473 331 2560 γάρ
343 2474 454 2544 ἐλθόν
465 2479 517 2544 ἐπὶ
531 2474 609 2554 τούς
619 2484 796 2562 θεμελίους
810 2483 871 2544 τού
885 2474 950 2543 νεεδ
962 2472 1040 2553 τούς
1052 2473 1126 2559 ἀρτι

120 2572 417 2658 ὀρυττομένους-
433 2574 640 2659 συνειστήκει
656 2572 692 2641 δέ
707 2577 743 2642 έν
758 2573 870 2654 αὐτοῖς
881 2574 972 2660 ύδωρ
989 2570 1010 2659 ἢ
1026 2571 1126 2641 αύτό-

119 2682 186 2739 θεν
209 2672 316 2738 ποθὲν
337 2672 597 2758 συλλειβόμενον
616 2668 638 2758 ή
664 2676 695 2752 ἐξ
716 2672 865 2760 ούρανού
887 2674 991 2740 πεσόν
1007 2712 1049 2723 -
1070 2674 1125 2737 ἐν·
1143 2690 1191 2743 221

120 2777 232 2837 ταύθα
247 2776 458 2837 κατατίθεται
469 2769 603 2855 χήνειον
615 2768 684 2858 ρόὀν
698 2774 1008 2858 προκεκενωμένον,
1026 2772 1125 2836 ἔνδον

120 2868 292 2953 φυλάττον
308 2866 447 2949 ἑρπετόν
462 2894 492 2934 τι
513 2866 766 2955 ἀρτιγέννητον,
794 2871 849 2938 καὶ
870 2874 1013 2955 βυθίσας
1028 2874 1125 2933 τοῦτο

121 2969 158 3032 ἐν
172 2972 265 3054 μυχῷ
281 2972 341 3031 τού
356 2972 464 3050 πηλοῦ
480 2963 585 3033 ὀπίσω
600 2959 702 3045 αὖθις
715 2965 945 3052 ἀπηλλάττετο.
970 2964 1079 3030 έωθεν
1091 2967 1126 3030 δε

121 3061 249 3148 γυμνός
263 3066 296 3140 ἐς
311 3060 371 3148 τήν
387 3060 517 3148 ἀγοράν
530 3065 762 3151 προπηδήσας,
785 3063 929 3146 διάζωμα
944 3062 979 3126 δὲ
997 3063 1072 3143 περὶ
1088 3086 1124 3127 το

121 3166 250 3229 αἰδοῖον
264 3166 348 3245 έχων
362 3161 588 3247 κατάχρυσον,
604 3163 659 3229 καὶ
673 3169 770 3229 τούτο
782 3162 835 3228 καί
846 3155 907 3244 τήν
919 3156 1030 3243 ἀρπην
1042 3161 1127 3226 ἐκεί-

123 3284 186 3345 νην
202 3260 333 3343 φέρων,
355 3265 454 3327 σείων
476 3257 544 3346 άμα
564 3258 626 3346 τήν
641 3260 750 3345 κόμην
770 3256 889 3324 ἀνετον
907 3253 1017 3338 ὥσπερ
1035 3260 1069 3324 οί
1089 3263 1128 3346 τῇ

121 3359 219 3444 μητρὶ
241 3355 429 3442 ἀγείροντές
448 3384 483 3426 τε
503 3361 557 3426 καὶ
580 3357 831 3442 ἐνθεαζόμενοι,
858 3355 1055 3442 ἐδημηγόρει
1076 3359 1127 3425 ἐπὶ
