2575 3842
197 185 258 251 142
552 191 854 249 AOYKIANOT

196 352 349 433 μιαρίαν,
374 349 429 415 καί
453 344 537 431 πρὸς
559 345 621 432 τῆν
642 353 844 433 κατηγορίαν
872 344 1034 433 ὡρμήμην
1056 340 1201 421 πολλούς

127 454 179 509 262
198 442 448 529 συναγωνιστάς
464 451 548 530 ἔχων
563 447 617 512 καί
638 446 779 530 μάλιστα
795 445 873 523 τούς
890 442 954 511 ἀπὸ
974 442 1201 528 Τιμοκράτους

195 548 256 608 τού
267 539 497 624 Ἡρακλεώτου
513 542 718 626 φιλοσόφου·
740 540 813 611 ἀλλ’
828 540 846 610 ὁ
861 542 935 610 τότε
946 540 1132 629 ῆγούμενος
1143 546 1201 623 τῆς

195 644 360 716 Βιθυνίας
373 641 429 705 καί
442 645 502 704 τοῦ
512 638 649 705 Πόντου
659 638 798 717 Αὔειτος
810 644 922 726 ἐπέσχε
936 638 1116 726 μονονουχὶ
1129 640 1200 703 ἰκε-

194 736 302 802 τεύωυ
313 738 367 803 καί
378 734 564 822 ἀντιβολῶν
574 736 786 805 παύσασθαι·
802 734 856 804 διά
868 735 933 822 γάρ
943 735 1004 821 τῆν
1016 730 1098 819 πρὸς
1106 727 1200 797 Ῥου-

195 829 365 899 τιλλιανδν
381 829 518 899 εύνοιαν
533 829 577 916 μῆ
592 827 636 897 ἀν
654 833 839 917 δύνασθαι,
855 836 910 900 καὶ
926 838 956 900 εἰ
968 836 1121 917 φανερῶς
1137 826 1199 895 λά-

195 936 250 1015 βοι
267 926 464 1014 ἀδικοῦντα,
481 930 621 996 κολάσαι
636 927 749 997 αὐτόν.
779 928 867 999 οὕτω
882 931 942 1016 μὲν
958 926 1126 1011 ἀνεκόπην
1141 931 1199 1009 τῆς

195 1024 298 1111 ὁρμῆς
318 1028 374 1092 καί
388 1025 585 1111 ἐπαυσάμην
601 1023 663 1092 οὐκ
684 1028 720 1093 ἐν
742 1028 851 1093 δέοντι
865 1024 1120 1110 θρασυνόμενος
1141 1016 1196 1106 ἐφ’

195 1122 284 1190 οὕτω
301 1127 460 1189 δικαστοῦ
475 1125 694 1206 διακειμένου.

278 1226 328 1289 58.
348 1218 472 1289 Ἐκεῖνο
494 1222 530 1287 δὲ
548 1226 617 1297 πῶς
631 1218 673 1286 ού
692 1222 775 1305 μέγα
796 1222 833 1287 ἐν
848 1234 916 1299 τοίς
935 1218 1047 1297 ἀλλοις
1061 1214 1098 1284 τό
1119 1216 1198 1283 τόλ-

194 1343 284 1403 μημα
299 1326 360 1383 τοῦ
371 1314 605 1402 Ἀλεξάνδρου,
620 1314 657 1383 τὸ
671 1323 801 1402 αἰτῆσαι
812 1316 902 1401 παρά
917 1323 978 1383 τού
992 1312 1197 1396 αύτοκράτο-

194 1440 252 1499 ρος
271 1420 563 1499 μετονομασθῆναι
580 1410 616 1480 τό
642 1412 790 1501 Ἀβῶνου
810 1428 913 1500 τεῖχος
933 1415 988 1480 καὶ
1004 1410 1197 1481 Ἰωνόπολιν

193 1522 359 1600 κληθῆναι
373 1516 428 1581 καὶ
443 1513 589 1599 νόμισμα
607 1512 727 1581 καινὸν
740 1515 842 1594 κόψαι
857 1512 1140 1597 ἐγκεχαραγμένον
1156 1514 1197 1594 τῆ

192 1612 254 1699 μὲν
270 1615 330 1677 τοῦ
344 1608 540 1693 Γλύκωνος,
563 1608 646 1676 κατά
667 1611 795 1693 θάτερα
812 1611 848 1677 δὲ
864 1606 1082 1691 Ἀλεξάνδρου
1097 1606 1196 1688 στέμ-

193 1706 279 1793 ματά
296 1710 405 1772 τετοῦ
419 1706 559 1772 πάππου
574 1703 774 1792 ’Λσκληπιοῦ
789 1710 844 1774 καί
858 1705 922 1791 τῆν
937 1703 1048 1790 ἅρπην
1063 1705 1196 1783 ἐκείνην

123 1820 175 1873 263
193 1810 254 1871 τοῦ
275 1802 523 1887 πατρομήτορος
539 1806 693 1887 Περσέως
714 1810 861 1889 έχοντος;
894 1809 944 1870 59.
967 1796 1138 1887 προειπῶν
1160 1796 1196 1862 δὲ

193 1897 249 1967 διά
272 1906 421 1986 χρησμοῦ
441 1902 516 1982 περὶ
537 1904 659 1969 ἑαυτοῦ
679 1900 729 1969 ὅτι
750 1908 842 1987 ζῆσαι
860 1903 1011 1986 εἵμαρται
1033 1894 1123 1985 αύτῷ
1140 1898 1195 1977 ἐτη

191 1998 398 2083 πεντῆκοντα
413 1999 468 2066 καί
482 1999 615 2082 ἑκατόν,
632 1997 700 2065 εἶτα
715 2007 869 2089 κεραυνῷ
883 1998 1050 2085 βληθέντα
1063 1990 1195 2059 ἀποθα-

191 2109 280 2178 νεῖν,
296 2101 446 2186 οἰκτίστῳ
457 2098 542 2164 τέλει
555 2093 634 2164 οὐδὲ
650 2096 877 2183 ἑβδομήκοντα
891 2102 945 2181 ἐτη
956 2089 1101 2179 γεγονῶς
1113 2087 1194 2155 ἀπέ-

190 2203 299 2261 θανεν
321 2191 365 2271 ῶς
383 2198 606 2274 Ποδαλειρίου
630 2192 704 2271 υἰδς
725 2196 895 2272 διασαπεὶς
911 2191 971 2260 τὸν
992 2192 1080 2258 πόδα
1101 2190 1194 2275 μέχρι

189 2299 250 2356 τοῦ
269 2298 443 2377 βουβῶνος
463 2295 518 2359 καί
539 2291 721 2377 σκωλῆκων
738 2296 846 2376 ζέσας,
874 2288 991 2374 ὅτεπερ
1007 2291 1062 2356 καὶ
1085 2285 1193 2371 ἐφάνη

190 2388 359 2471 φαλακρὸς
372 2385 419 2455 ῶν
433 2394 585 2475 παρέχων
599 2404 668 2468 τοῖς
682 2395 804 2471 ἰατροῖς
819 2390 1002 2476 ἐπιβρέχειν
1013 2385 1118 2455 αὐτοῦ
1132 2381 1194 2470 τῆν

188 2484 339 2571 κεφαλῆν
354 2484 409 2553 διά
421 2485 483 2572 τῆν
494 2485 638 2573 ὀδύνην,
654 2484 673 2553 δ
686 2484 749 2555 ούκ
764 2482 807 2554 ἀν
822 2494 958 2573 ποιῆσαι
969 2486 1131 2554 ἐδύναντο
1147 2480 1193 2568 μῆ

190 2579 262 2666 ούχὶ
277 2590 334 2667 τῆς
347 2583 497 2668 φενάκης
511 2582 735 2671 ἀφῃρημένης.

271 2686 322 2747 60.
352 2688 490 2749 Τοιοῦτο
510 2687 601 2760 τέλος
621 2689 678 2767 τῆς
696 2681 915 2768 Ἀλεξάνδρου
936 2684 1117 2769 τραγῳδίας
1136 2679 1192 2743 καὶ

186 2775 270 2865 αύτη
290 2786 351 2846 τοῦ
373 2778 496 2858 παντὸς
516 2780 682 2865 δράματος
697 2778 717 2867 ῆ
735 2781 947 2867 καταστροφή
954 2832 963 2865 ,
987 2777 1030 2857 ῶς
1052 2776 1193 2857 εἰκάζειν

187 2884 347 2959 προνοίας
361 2873 452 2955 τινδς
464 2876 501 2944 τό
520 2885 690 2962 τοιοῦτον,
713 2884 744 2946 εἰ
755 2881 811 2948 καὶ
829 2878 912 2947 κατά
931 2880 1035 2963 τύχην
1055 2878 1190 2961 συνέβη.

186 2979 252 3042 ἔδει
267 2975 303 3042 δέ
313 2977 368 3043 καὶ
383 2972 442 3043 τόν
453 2976 629 3060 ἐπιτάφιον
646 2974 750 3043 αὐτοῦ
762 2982 920 3063 γενέσθαι
936 2976 1029 3057 ἀξιον
1042 2982 1104 3041 τού
1114 2980 1202 3061 βίου’

116 3081 169 3135 264
186 3075 241 3139 καί
256 3070 370 3157 ἀγῶνά
384 3100 459 3139 τινα
473 3074 703 3162 συστήσασθαι
716 3070 801 3159 ὑπὲρ
817 3080 877 3141 τοῦ
891 3078 1107 3160 χρηστηρίου,
1123 3096 1192 3137 τιιν

87 3175 92 3185 ’
184 3178 390 3257 συνωμοτῶν
406 3172 543 3239 ἐκείνων
563 3174 618 3239 καί
636 3171 782 3257 γοήτων,
805 3170 878 3240 ὅσοι
895 3185 1076 3257 κορυφαῖοι
1092 3162 1191 3255 ῆσαν,

184 3264 400 3336 ἀνελθόντων
415 3271 467 3336 ἐπὶ
480 3267 652 3355 διαιτητῆν
671 3266 732 3335 τδν
746 3266 1008 3354 Ῥουτιλλιανόν,
1033 3276 1107 3336 τίνα
1128 3264 1190 3351 χρῆ

184 3371 409 3449 προκριθῆναι
421 3361 533 3431 αὐτῶν
542 3367 598 3434 καὶ
609 3370 822 3445 διαδέξασθαι
833 3364 869 3433 τό
882 3381 1038 3453 μαντείου
1049 3368 1104 3433 καὶ
1116 3384 1191 3433 στε-
