2575 3842
194 175 256 240 358
548 177 858 237 AOYKIANOY

198 343 360 423 Τιμοκλῆς
374 334 494 420 αύριον
505 338 579 421 ἐρεῖ.
605 340 654 404 18.
671 333 765 402 ταῦτ’
778 340 867 404 ἔστιν
879 335 933 422 ἐφ’
947 332 996 415 οἷς
1007 334 1101 423 ὑμᾶς
1112 341 1213 417 ξυνε-

193 431 333 518 κάλεσα,
356 429 397 500 ού
412 433 530 518 μικρά,
550 425 682 517 οόθεοί,
702 438 732 500 εί
748 442 916 519 λογιεῖσθε
937 430 1014 519 άςή
1033 440 1132 500 πάσα
1150 435 1212 519 μὲν

193 527 273 616 ἡμῖν
289 527 364 616 τιμή
386 533 440 598 καὶ
455 529 619 612 πρόσοδος
635 530 690 598 καὶ
706 528 784 610 δόξα
800 533 835 596 οί
853 528 1035 613 ἄνθρωποί
1054 535 1165 596 εἰσιν·
1186 535 1214 595 εί

195 628 227 697 δ’
241 621 334 697 οὗτοι
349 640 519 696 πεισθεῖεν
532 624 554 715 ή
566 630 649 716 μηδὲ
664 627 749 708 ὅλως
759 626 845 715 ἡμᾶς
858 626 942 696 εἶναι
953 623 974 714 ή
986 625 1089 706 όντας
1100 625 1212 709 άπρο-

194 727 334 814 νοήτους
350 723 434 794 εἶναι
445 734 542 811 σφῶν
553 723 682 811 αὐτῶν,
701 724 812 792 ἄθυτα
823 727 877 792 καὶ
889 723 1127 811 ἆγέραστακοιλ
1138 724 1211 792 ἆτί-

194 851 278 912 μητα
293 820 373 910 ήμῖν
389 830 479 893 ἔσται
496 822 556 892 τάκ
567 831 627 910 γῆς
641 824 696 890 καὶ
706 823 814 908 μάτην
828 825 865 890 έν
881 820 1018 911 οὐρανῷ
1032 822 1211 890 καθεδού-

194 932 283 1008 μεθα
303 929 387 1012 λιμῷ
408 923 573 1009 ἐχόμενοι,
601 925 725 1004 ἑορτῶν
747 922 884 988 ἐκείνων
902 923 956 988 καὶ
977 921 1211 1006 πανηγύρεων

92 1025 98 1030 ’
194 1019 248 1086 καλ
270 1015 412 1103 ἀγώνων
434 1022 488 1086 καὶ
510 1023 643 1085 θυσιῶν
666 1019 720 1084 καὶ
741 1021 955 1104 παννυχίδων
981 1018 1037 1084 καὶ
1060 1023 1210 1102 πομπῶν

124 1135 176 1192 663
196 1115 397 1202 στερόμενοι.
422 1112 466 1194 άις
481 1109 545 1184 ούν
559 1112 644 1199 ὑπὲρ
657 1115 862 1200 τηλικούτων
873 1116 957 1200 φημὶ
971 1118 1043 1181 δεῖν
1055 1112 1209 1190 ἅπαντας

195 1216 341 1282 ἐπινοεῖν
355 1241 385 1282 τι
398 1215 562 1300 σωτήριον
574 1227 640 1291 τοῖς
652 1221 797 1298 παροῦσι
809 1216 863 1282 καὶ
876 1210 935 1299 ἄγ’
950 1211 1030 1280 ὅτου
1045 1212 1207 1298 κρατήσει
1270 1182 1272 1297 λ

194 1309 285 1399 μλνό
306 1320 470 1399 Τιμοκλῆς
484 1317 537 1381 καὶ
551 1313 638 1392 δόξει
650 1310 855 1397 ἀληθέστερα
866 1315 992 1398 λέγειν,
1009 1311 1156 1396 ὁΔᾶμις
1171 1315 1206 1377 δὲ

194 1413 519 1499 καταγελασθήσεται
539 1408 624 1493 πρός
640 1417 708 1478 τῶν
729 1409 941 1479 άκουόντων·
971 1437 1015 1488 ιις
1038 1415 1147 1495 ἔγωγε
1164 1405 1205 1476 ού

194 1513 286 1578 πάνυ
297 1519 343 1598 τῷ
357 1518 514 1596 Τιμοκλεῖ
525 1513 672 1576 πέποιθα
687 1505 730 1586 ὡς
740 1509 895 1595 κρατήσει
910 1505 990 1576 καθ’
1004 1509 1148 1591 ἑαυτόν,
1161 1504 1205 1592 ήυ

193 1607 237 1694 μή
256 1605 367 1676 καὶτὰ
388 1605 467 1689 παρ’
491 1604 586 1694 ήμῶν
603 1604 693 1694 αύτῷ
709 1611 939 1694 προσγένηται.
963 1606 1107 1691 κήρυττε
1128 1599 1204 1689 οὖν,

194 1699 221 1773 ά
230 1704 347 1791 Ἑρμή,
370 1702 406 1772 τό
423 1705 576 1792 κήρυγμα
592 1703 629 1773 τό
647 1708 683 1772 ἐκ
703 1713 763 1774 τοῦ
781 1707 904 1792 νόμον,
928 1702 972 1783 ὡς
985 1703 1203 1789 ἀνιστάμενοι

193 1804 467 1892 συμβουλεύοιεν.

277 1911 380 1973 ΕΡΜ.
392 1901 522 1986 Ἄκουε,
535 1909 623 1989 σίγα,
638 1900 682 1989 μή
695 1903 847 1989 τάραττε·
869 1909 917 1981 τίς
927 1900 1105 1988 άγορεύειν
1118 1901 1186 1987 βού

193 2012 283 2072 λεται
303 2009 371 2070 των
390 2007 524 2069 τελείων
547 2006 657 2085 θεῶν,
680 1995 729 2078 οἷς
749 2006 869 2082 έξεστις
895 2007 929 2068 τί
946 2007 1061 2079 τοῦτο;
1091 1997 1203 2077 οὐδεὶς
1272 1916 1276 2067 λ

193 2099 379 2184 ἀνίσταται,
392 2095 464 2167 ἀλλ’
479 2096 653 2183 ἡσυχάζετε
665 2095 749 2182 πρός
759 2096 795 2165 τδ
808 2099 951 2184 μέγεθος
960 2106 1028 2165 τῶν
1038 2102 1202 2184 ἐπηγγελα

192 2205 304 2287 μένων
320 2201 595 2285 ἐκπεπληγμένοις

278 2303 326 2364 19.
351 2303 475 2363 ΜΩΜ.
495 2293 581 2364 Ἀλλ’
604 2294 699 2381 ὑμεῖς
718 2297 780 2381 μὲν
795 2295 916 2374 πάντες
932 2295 1024 2382 ὕδωρ
1045 2299 1101 2364 καὶ
1123 2311 1204 2382 γαῖα

804 2396 970 2480 γένοισθε.

195 2487 259 2576 ἐγω
276 2492 328 2574 δέ,
346 2499 379 2557 εί
388 2494 429 2576 γέ
440 2515 496 2575 μοι
510 2489 591 2576 μετὰ
612 2497 795 2576 παρρησίας
809 2496 925 2578 δοθείη
943 2492 1069 2576 λέγειν,
1093 2488 1202 2558 πολλὰ

194 2585 253 2668 ἄν,
274 2578 300 2652 ὦ
315 2593 399 2670 Ζεῦ,
417 2592 521 2653 εἰπεῖν
536 2592 648 2672 ἔχοιμι.

278 2692 403 2753 zm.
427 2687 529 2771 Λέγε,
549 2678 717 2772 θιιωμι,
737 2687 828 2755 πάνυ
842 2693 997 2773 οιρρει-
1018 2689 1120 2771 οηιος
1136 2684 1203 2769 γὰρ

194 2779 224 2850 εί
237 2784 288 2850 ἐπὶ
303 2790 347 2874 τῷ
363 2785 569 2869 συμφέροντι
585 2785 902 2871 παρρησιασόμενος.

122 2902 175 2958 664
279 2887 401 2948 ΜΩΜ.
425 2879 562 2950 Ούκοῦν
582 2879 736 2966 ἀκούετε,
758 2875 893 2966 οδθεοί,
916 2882 956 2950 τά
976 2907 1014 2968 γε
1034 2879 1100 2947 άπὸ
1116 2908 1204 2964 καρ-

192 2980 275 3063 δίας,
292 2985 409 3064 φασίν·
433 2978 496 3065 ἐγώ
508 2977 572 3065 γὰρ
584 2981 639 3047 καὶ
653 2979 744 3045 πάνυ
755 2980 970 3064 προσεδόκων
982 2981 1015 3057 ἐς
1026 2978 1102 3046 τόδε
1112 2975 1203 3066 άμη-

190 3083 304 3161 χαυίας
318 3078 574 3165 περιστήσεσθαι
590 3075 629 3144 τά
642 3074 783 3163 ἡμέτερα
798 3080 853 3145 καὶ
868 3075 1013 3156 πολλούς
1024 3078 1202 3156 τοιούτους

190 3173 426 3262 ἀναφύσεσθαι
441 3174 522 3263 ἡμῖν
536 3176 711 3261 σοφιστάς,
732 3172 810 3261 παρ’
828 3171 924 3261 ήμῶν
940 3172 1052 3244 αὐτῶν
1066 3173 1129 3262 τήν
1146 3184 1199 3244 αι’-

189 3278 264 3339 τίαν
278 3281 334 3359 τῆς
348 3275 470 3358 τόλμης
482 3274 730 3359 λαμβάνοντας·
750 3276 805 3341 καὶ
815 3275 861 3360 μά
873 3270 935 3360 τήν
946 3277 1051 3360 Θέμιν
1063 3274 1142 3341 οὔτε
1153 3280 1200 3364 τῷ

188 3366 370 3458 Ἐπικουρρι
391 3367 580 3455 ὀργίζεσθαι
602 3371 695 3452 άξιον
718 3371 794 3440 ούτε
818 3386 886 3449 τοῖς
903 3369 1071 3460 ὁμιληταῖς
1092 3370 1201 3438 αὐτοῦ
