2575 3842
305 232 307 236 .
404 196 629 254 ΛΟΤΚΙΟΣ
647 199 676 249 H
697 195 836 253 ΟΝΟΣ.
1062 195 1122 256 391

114 386 214 444 φαντι
232 361 393 441 ἐνεγκεῖν·
417 355 472 422 καὶ
490 352 625 420 ἀνωθεν
640 351 661 438 ἡ
678 352 857 438 κατάβασις
872 350 960 432 ὀξεῖα
974 347 1035 440 ἦν·
1058 354 1124 423 ὁδὶ

114 458 169 524 καλ
179 457 327 522 ἐνταῦθα
342 458 462 519 ἔπαιεν.
487 456 516 518 εί
531 451 570 517 δέ
577 475 633 535 μοι
644 463 843 531 περιπῖπτον
858 454 924 518 λ’δοι
935 452 972 519 τό
984 463 1124 538 φορτίον

113 556 169 623 καὶ
191 559 236 631 είς
253 549 288 619 τό
310 553 424 636 ἕτερον
440 552 626 633 ἐπικλῖνον,
649 551 727 615 δέου
747 554 814 612 τῶν
836 546 946 627 ξύλων
966 547 1124 635 ἀφαιρεῖν

113 654 168 720 καὶ
182 658 227 740 τῷ
240 651 434 737 κουφοτέρῳ
445 645 671 731 προσβάλλειν
682 645 736 711 καὶ
747 642 783 711 τό
798 653 874 712 ἴσον
885 659 1010 729 ποιεῖν,
1025 654 1123 713 τοῦτο

113 752 175 836 μὲν
187 745 347 816 οὐδέποτε
359 744 544 831 εἰργάσατο,
555 748 675 824 λίθους
684 740 719 808 δὲ
728 740 895 826 μεγάλους
906 745 941 810 ἐκ
953 750 1015 808 τοῦ
1023 741 1124 827 όρους

2 855 4 928 j
113 843 357 931 ἀναιρούμενος
369 848 414 920 είς
425 838 461 908 τό
473 840 685 924 κουφότερον
697 841 752 908 καὶ
767 839 837 907 άνω
848 847 951 908 νεῦον
965 847 1025 907 τοῦ
1038 865 1124 925 φορ-

1 969 3 976 ’
112 952 186 1013 τίου
208 947 416 1029 προσετίθει·
452 939 507 1006 καλ
529 938 666 1024 κατῄειν
686 935 806 1015 άθλιος
826 952 893 1016 τοῖς
910 939 1021 1018 ξύλοις
1037 936 1123 1023 ὁμοῦ

111 1045 165 1110 καὶ
180 1047 298 1117 λίθους
312 1037 464 1123 ἀχρείους
480 1036 681 1120 περιφέρων.
710 1036 764 1100 καὶ
780 1032 926 1120 ποταμός
940 1028 983 1120 ἦν
1004 1032 1123 1113 ἀέναος
1140 1049 1192 1104 599

113 1140 149 1204 ἐν
161 1145 200 1225 τῇ
212 1135 295 1227 ὁδῷ·
318 1134 336 1202 ὁ
352 1137 389 1204 δὲ
404 1141 471 1201 τῶν
483 1131 708 1218 ὑποδημάτων
720 1133 918 1218 φειδόμενος
934 1130 1039 1200 ὀπίσω
1055 1141 1122 1200 τῶν

112 1236 223 1314 ξύλων
243 1231 295 1302 ἐπ’
316 1235 387 1318 ἐμοὶ
404 1237 551 1312 καθίζων
567 1231 669 1315 ἐπέρα
691 1227 750 1298 τόν
772 1229 933 1316 ποταμόν.
967 1238 1017 1300 30.
1040 1237 1071 1299 εί
1086 1234 1125 1300 δέ

111 1357 191 1399 ποτε
212 1327 265 1403 οἷα
283 1331 422 1416 κάμνων
439 1333 494 1397 καὶ
509 1326 716 1415 ἀχθοφορῶν
735 1332 965 1415 καταπέσοιμι,
989 1330 1063 1396 τότε
1080 1329 1120 1416 δὴ

111 1430 184 1497 τότε
198 1427 235 1496 τό
251 1426 366 1496 δεινόν
381 1426 555 1514 ἀφόρητον
572 1419 629 1512 ἦν·
653 1418 695 1492 οὗ
709 1424 774 1512 γάρ
785 1419 829 1510 ἦν
841 1429 1047 1515 καταβάντος
1060 1426 1122 1513 τὴν

109 1530 202 1614 χεῖρά
225 1555 281 1614 μοι
303 1531 477 1596 ἐπιδοῦναι
500 1525 583 1612 κάμέ
603 1529 755 1614 χαμόθεν
778 1531 959 1614 ἐπεγείρειν
981 1531 1035 1597 καὶ
1060 1535 1120 1596 τοῦ

113 1633 256 1710 φορτίου
270 1623 423 1710 ἀφελεῖν,
442 1624 485 1692 ἀν
500 1650 579 1692 ποτε
595 1627 650 1692 καὶ
667 1628 752 1706 δέοι,
771 1623 789 1691 ὁ
807 1628 844 1693 δέ
860 1624 937 1694 ούτε
954 1632 1121 1711 κατῆλθεν

112 1723 189 1790 οὔτε
203 1723 295 1808 χεῖρά
310 1727 367 1808 μοι
382 1725 564 1806 ἐπέδωκεν,
581 1720 652 1791 ἀλλ’
671 1722 808 1790 ἀνωθεν
822 1720 888 1790 ἀπό
903 1730 960 1808 τῆς
977 1730 1122 1808 κεφαλῆς

112 1822 166 1889 καὶ
187 1828 254 1887 τῶν
278 1819 372 1888 ιότων
392 1817 576 1906 ἀρξάμενος
597 1821 783 1888 συνέκοπτέ
803 1846 843 1906 με
864 1827 910 1908 τῷ
932 1820 1036 1911 ξύλω,
1059 1823 1121 1899 ἕως

113 1922 310 2003 ἐπεγείρωσί
321 1945 362 2004 με
376 1922 413 1985 αλ
426 1924 558 2003 πληγαί.
579 1915 712 2002 καὶμὴν
727 1921 781 1985 καλ
794 1916 874 1985 ἀλλο
886 1916 992 1985 κακόν
1006 1924 1052 1996 είς
1066 1920 1121 2004 ἐμὲ

111 2012 283 2102 ἀφόρητον
301 2021 426 2096 ἔπαιζε·
447 2011 661 2100 συνενεγκών
676 2011 838 2081 ἀκανθῶν
850 2011 1019 2094 ὀξυτάτων
1034 2041 1121 2099 φορ-

112 2119 182 2180 τίον
199 2114 253 2179 καὶ
271 2118 368 2178 τοῦτο
387 2116 497 2200 δεσμῷ
511 2114 728 2197 περισφίγξας
744 2109 912 2196 ἀπεκρέμα
927 2109 1070 2178 ὄπισθεν
1085 2115 1121 2180 ἐκ

112 2218 168 2296 τῆς
183 2207 300 2294 οὐράς,
324 2214 359 2276 αί
374 2211 411 2276 δὲ
432 2204 505 2276 οἷον
525 2206 612 2288 είκός
626 2207 785 2289 ἀπιόντος
799 2208 861 2296 τὴν
877 2207 959 2276 ὁδόν
975 2208 1120 2293 ἀποκρε-

110 2308 255 2394 μάμεναι
265 2306 492 2390 προσέπιπτον
503 2331 560 2392 μοι
575 2310 629 2374 καὶ
641 2306 750 2374 πάντα
762 2333 818 2392 μοι
829 2305 868 2374 τά
880 2305 1025 2375 ὄπισθεν
1039 2308 1125 2393 νύτή

110 2423 227 2474 τουσαι
251 2405 464 2487 ἐτίτρωσκον·
493 2406 547 2472 καὶ
572 2397 616 2491 ἦν
636 2430 694 2490 μοι
715 2402 752 2472 τό
772 2402 915 2491 ἀμύνειν
937 2403 1117 2490 ἀδύνατον,
1138 2424 1191 2479 600

112 2514 180 2574 τῶν
195 2504 447 2588 τιτρωσκόντων
464 2501 518 2571 ἀεί
529 2529 585 2590 μοι
601 2505 774 2590 ἑπομένων
791 2503 900 2590 κάμοῦ
915 2501 1119 2593 ἠρτημένων.

113 2609 142 2671 εί
155 2605 216 2687 μὲν
232 2600 297 2686 γάρ
312 2599 436 2687 ἀτρέμα
451 2608 598 2688 προΐοιμι
611 2603 860 2689 φυλαττόμενος
874 2610 942 2670 τῶν
957 2601 1120 2671 ἀκανθῶν

111 2699 171 2784 τὴν
189 2699 397 2786 προσβολήν,
413 2697 479 2765 ὑπό
494 2707 563 2766 τῶν
578 2701 690 2780 ξύλων
705 2699 926 2787 ἀπωλλύμην,
944 2706 975 2769 εί
987 2703 1023 2768 δέ
1034 2700 1121 2786 φεύ-

112 2821 203 2882 γοιμι
217 2792 253 2861 τό
271 2794 388 2880 ξύλον,
412 2793 484 2862 τότ’
499 2795 563 2882 ἤδη
578 2796 615 2864 τό
633 2795 747 2865 δεινόν
763 2797 907 2866 ὄπισθεν
923 2797 983 2878 ὀξύ
998 2801 1120 2883 προσέ-

111 2915 218 2960 πιπτε.
243 2893 297 2958 καὶ
313 2889 397 2970 ὅλως
409 2897 509 2977 ἔργον
520 2886 564 2978 ἦν
576 2901 621 2982 τῷ
631 2891 778 2982 όνηλάτη
788 2902 834 2983 τῷ
846 2898 913 2985 ἐμῷ
924 2893 1120 2963 ἀποκτενεῖν

109 3015 158 3076 με.
193 2993 242 3056 31.
266 2989 335 3056 ἐπεὶ
357 2990 396 3056 δέ
414 3012 494 3055 ποτε
512 2986 597 3070 άπαξ
618 2989 703 3057 κακά
724 2992 861 3076 πάσχων
881 2989 988 3060 πολλά
1010 2990 1120 3059 ούκέτι

110 3088 224 3172 φέρων
238 3083 322 3171 πρός
343 3083 449 3153 αὐτόν
465 3084 525 3166 λάξ
541 3089 694 3174 ἐκίνησα,
718 3086 803 3174 εἶχεν
822 3085 872 3157 ἀεὶ
887 3097 985 3156 τοῦτο
1002 3087 1038 3157 τό
1060 3087 1118 3168 λάξ

109 3186 145 3251 ἐν
160 3183 283 3272 μνήμη.
313 3190 371 3251 καί
389 3208 468 3251 ποτε
488 3186 659 3255 κελεύεται
674 3201 856 3255 στυππεῖον
873 3190 906 3266 ἐξ
923 3188 1037 3271 ἐτέρου
1053 3212 1119 3272 χω-

110 3286 185 3366 ρίον
201 3287 246 3359 είς
260 3283 374 3365 ἕτερον
389 3288 514 3366 χωρίον
527 3300 752 3370 μετενεγκεῖν·
775 3292 913 3372 κομίσας
928 3277 992 3351 ούν
1008 3310 1049 3371 με
1064 3286 1118 3352 καὶ

109 3376 145 3446 τό
164 3393 345 3447 στυππεῖον
358 3376 395 3445 τό
411 3378 499 3449 πολύ
510 3382 724 3470 σννενεγκόν
736 3387 914 3472 κατέδησεν
926 3381 978 3452 ἐπ’
996 3384 1051 3469 ἐμὲ
1064 3385 1118 3450 καὶ

197 3505 301 3544 wem«.
322 3491 354 3545 ΙΙ.
938 3490 977 3554 21
