2575 3842
386 195 615 256 Λονλιοε
630 200 658 250 11
681 194 821 254 οΝοΣ.
1047 186 1123 254 333

97 356 118 426 ὁ
136 349 198 425 τοῦ
213 355 396 440 δεσπότου,
414 353 606 440 οἰνοπότης,
622 361 791 438 παλαίων,
808 353 886 432 ὄνος
898 351 1109 441 ὀρχούμενος.

99 451 137 521 τό
154 451 190 521 δέ
205 455 377 540 μέγιστον,
399 449 450 518 ότι
471 449 555 538 πρὸς
569 448 627 530 τὰς
644 449 762 536 φωνὰς
774 449 938 520 ἀνένευον
952 454 988 519 ἐν
1004 458 1110 542 καιρῷ

99 553 155 620 καὶ
170 553 366 618 κατένευον·
389 552 444 617 καὶ
456 565 544 618 πιελν
556 552 592 619 δὲ
603 548 702 618 ὁπότε
712 551 911 638 θελήσαιμι,
929 551 1034 640 ᾔτουν
1044 563 1113 628 τοίς

101 647 290 734 ὀφθαλμοῖς
304 645 364 714 τόν
382 648 535 734 οἰνοχόον
550 649 699 736 κινήσας,
727 651 782 716 καί
797 654 831 717 οἰ
843 650 905 736 μὲν
921 647 1112 734 ἐθαύμαζον

100 745 138 813 τό
157 754 292 832 πρᾶγμα
314 743 358 824 ὡς
379 744 569 830 παράδοξον
586 745 789 832 ἀγνοοῦντες
810 745 995 834 ἀνθρωπον
1011 751 1049 812 ἐν
1065 752 1111 833 τῷ

102 843 170 935 όνηι
191 848 360 928 κείμενον·
394 841 457 929 ἐγύ
481 844 516 911 δὲ
532 840 666 928 τρυφὴν
687 844 870 930 ἐποιούμην
891 842 952 930 τὴν
974 845 1111 911 ἐκείνων

98 940 251 1028 ἀγνοιαν.
280 943 336 1010 καί
353 938 420 1026 μὴν
437 944 491 1010 καί
507 946 655 1028 βαδίζειν
674 942 870 1028 ἐμάνθανον
890 944 944 1010 καὶ
967 945 1111 1027 κομίζειν

101 1039 161 1106 τόν
179 1037 344 1125 δεσπότην
359 1042 411 1108 ἐπὶ
427 1039 537 1108 νότου
551 1040 607 1106 καί
620 1040 747 1124 τρέχειν
760 1040 887 1126 δρόμον
902 1037 1111 1107 ἀλυπότατον

101 1137 156 1204 καὶ
167 1143 213 1224 τῷ
224 1133 374 1227 ἀναβάτη
385 1135 601 1223 ἀναίσθητον.
623 1138 678 1204 καί
689 1137 793 1223 σκεύη
807 1164 864 1223 μοι
875 1130 919 1224 ἦν
933 1143 1108 1222 πολυτελῆ,
1128 1148 1178 1205 617

102 1237 157 1302 καὶ
172 1236 345 1320 στρωματα
361 1245 521 1323 πορφυρᾶ
534 1235 768 1322 ἐπιβάλλομαι,
784 1239 839 1304 καί
853 1235 1011 1322 χαλινούς
1026 1242 1110 1304 εἰσε-

101 1331 248 1418 δεχόμην
260 1328 397 1424 ἀργύρῳ
414 1336 468 1403 καί
479 1341 591 1423 χρυσῷ
608 1337 901 1420 πεποικιλμένους,
923 1336 977 1402 καί
993 1333 1111 1401 κάδω-

100 1456 157 1510 νες
177 1430 355 1516 ἐξηπτοντό
377 1457 444 1518 μου
470 1435 567 1518 μέλος
592 1431 846 1518 μουσικώτατον
868 1435 1108 1517 ἐκφωνοῦντες.

101 1531 153 1594 49.
165 1524 183 1593 ὁ
196 1528 232 1595 δέ
242 1526 447 1614 Μενεκλῆςό
460 1529 622 1615 δεσπότης
633 1526 745 1615 ἡμῶν,
763 1527 873 1616 ὥσπερ
886 1534 989 1614 ἔφην,
1007 1530 1042 1593 ἐκ
1054 1532 1111 1611 τῆς

101 1632 348 1712 Θεσσαλονίκης
370 1630 470 1712 δεῦρο
488 1627 647 1712 ἐληλύθει
669 1625 720 1694 ἐπ’
739 1633 826 1716 αἰτίᾳ
845 1627 995 1714 τοιαύτη·
1028 1622 1111 1691 ῦπέ-

102 1741 197 1808 σχετο
209 1729 249 1812 τῇ
259 1727 392 1808 πατρίδι
407 1727 493 1792 θέαν
504 1727 659 1811 παρέξειν
674 1723 810 1811 ἀνδρῶν
823 1723 939 1805 όπλοις
952 1721 1036 1809 πρδς
1050 1721 1112 1790 ἀλ-

102 1820 225 1904 λήλους
235 1835 437 1907 μονομαχεῖν
450 1823 603 1890 εἰδότων·
625 1823 725 1890 καλοί
738 1826 800 1908 μὲν
810 1820 930 1908 ἀνδρες
940 1829 997 1907 της
1008 1820 1112 1905 μάχης

104 1917 166 2004 ἤδη
181 1911 267 2004 ἦσαν
279 1924 316 1987 ἐν
329 1926 539 2006 παρασκευῇ,
556 1921 610 1987 καί
621 1916 741 2004 ἀφῖκτο
755 1917 775 2005 ἡ
788 1927 913 2004 πορεία.
936 1920 1114 1998 ἐξελαύνο-

102 2043 165 2104 μεν
186 2019 312 2101 ἔωθεν,
333 2015 425 2103 κάγύ
446 2016 507 2085 τόν
522 2018 689 2102 δεσπότην
704 2022 828 2102 ἔφερον
851 2026 885 2084 εἰ
897 2039 976 2082 ποτε
991 2021 1113 2100 χωρίον

103 2127 153 2202 εἰη
168 2124 225 2202 τῆς
238 2114 320 2184 ὁδοῦ
331 2114 433 2204 τραχύ
446 2118 499 2184 καὶ
511 2129 578 2194 τοίς
591 2113 753 2201 ὀχήμασιν
763 2117 947 2202 ἐπιβαίνειν
957 2111 1110 2198 χαλεπόν.

103 2213 146 2294 ὡς
159 2217 195 2284 δὲ
205 2219 388 2304 κατέβημεν
400 2216 452 2283 ἐπὶ
463 2219 724 2298 Θεσσαλονίκην,
737 2209 800 2278 ούκ
810 2204 855 2296 ἦν
863 2208 954 2288 ὅστις
965 2211 1017 2276 ἐπὶ
1028 2212 1114 2277 θέαν

103 2309 166 2381 οῦκ
188 2310 340 2398 ἠπείγετο
362 2315 417 2381 καί
437 2309 499 2398 τὴν
515 2311 595 2393 ὀψιν
613 2308 676 2397 τὴν
696 2307 795 2395 ἐμήν·
825 2305 930 2394 ἡγὰρ
951 2305 1011 2393 ἐμὴ
1035 2306 1114 2386 δόξα

102 2411 328 2498 προεληλύθει
343 2415 379 2480 ἐκ
389 2419 521 2499 μακροῦ
537 2414 591 2479 καί
604 2407 639 2478 τό
653 2410 924 2496 πολυπρόσωπον
934 2409 989 2476 καὶ
999 2406 1036 2476 τό
1052 2403 1114 2473 ἀν-

101 2511 280 2597 θρώπινον
297 2518 365 2579 νῦν
381 2514 470 2598 ἐμῦν
487 2508 685 2596 ὀρχημάτων
700 2511 755 2577 καί
768 2508 1014 2593 παλαισμάτων.
1038 2503 1110 2573 ἀλλ’

102 2608 201 2694 ὁμὲν
223 2608 384 2694 δεσπότης
405 2624 472 2688 τοίς
495 2609 721 2689 ἐνδοξοτάτοις
745 2615 813 2676 τῶν
838 2606 944 2676 αὑτοῦ
969 2612 1114 2675 πολιτῶν

103 2703 192 2789 παρά
208 2705 269 2773 τόν
284 2707 389 2773 πότου
403 2711 555 2777 ἐδείκνυέ
565 2735 606 2795 με
629 2710 684 2777 καὶ
702 2706 742 2776 τά
758 2705 928 2791 παράδοξα
944 2709 1054 2774 ἐκεῖνα
1074 2701 1113 2769 τά

103 2808 140 2873 ἐν
156 2805 226 2890 ἐμοὶ
248 2810 385 2889 παίγνια
402 2809 439 2874 ἐν
459 2815 505 2895 τῷ
526 2811 649 2897 δείπνῳ
664 2812 846 2891 παρετίθει.
874 2811 925 2873 50.
943 2803 962 2871 ὁ
984 2805 1021 2870 δέ
1038 2799 1115 2888 ἐμός

103 2902 277 2987 ἐπιστάτης
298 2902 466 2988 πρόσοδον
482 2897 581 2989 εὗρεν
598 2908 631 2984 ἐξ
652 2909 733 2990 ἐμοῦ
750 2911 884 2972 πολλῶν
904 2903 997 2973 πάνυ
1014 2906 1116 2988 δραχ-

102 3009 193 3091 μῶν·
221 3009 436 3080 κατακλείσας
451 3002 516 3090 γάρ
537 3030 578 3089 με
593 3008 695 3071 ἔνδον
710 3001 795 3087 εἶχεν
818 3004 957 3086 ἑστῶτα,
980 3003 1115 3077 καὶτοῖς

102 3103 322 3192 βουλομένοις
339 3106 423 3170 ἰδεῖν
443 3103 499 3190 ἐμὲ
519 3106 573 3171 καί
590 3099 676 3189 τάμά
698 3101 870 3186 παράδοξα
892 3107 972 3187 ἔργα
988 3107 1114 3187 μισθοῦ

101 3199 163 3288 τὴν
178 3202 294 3287 θύραν
308 3199 454 3288 ἤνοιγεν.
478 3207 511 3271 οἱ
524 3201 555 3270 δ’
574 3201 778 3286 εἰσεκόμιζον
792 3198 892 3279 ἀλλος
907 3199 987 3270 ἀλλο
1003 3228 1034 3268 τι
1048 3206 1115 3267 τύν

103 3303 291 3386 ἐδωδίμων,
310 3300 452 3387 μάλιστα
462 3298 499 3369 τό
512 3299 636 3389 ἐχθρὸν
647 3298 730 3368 εἶναι
746 3298 831 3365 ὄνου
844 3301 961 3384 γαστρὶ
974 3302 1113 3366 δοκοῦν·

103 3396 167 3485 ἐγύ
182 3399 218 3467 δὲ
233 3398 365 3486 ἤσθιον.
390 3397 474 3468 όίστε
487 3396 609 3488 ὀλίγων
621 3398 757 3488 ἡμερῶν
768 3404 815 3489 τῷ
829 3398 973 3486 δεσπότη
984 3399 1116 3474 καὶτοῖς
