2575 3842
162 147 225 211 184
517 145 824 205 AOYKIANOY

164 304 212 377 ὅτι
226 315 287 375 τοῦ
300 306 544 394 Ἀριστοτέλους
558 306 613 371 καὶ
628 309 696 370 τών
710 305 827 393 ἐκείνῳ
843 305 1037 372 δοκούντων
1054 314 1172 392 είχετο·

162 409 217 473 καὶ
229 403 274 492 μά
286 403 346 473 τόν
357 402 413 472 Δί’
428 401 602 487 οὐδέτερος
612 399 725 469 αὐτῶν
737 398 884 487 ἀμείνων
894 396 947 489 ἦν.
969 410 998 471 5.
1009 400 1047 470 τό
1059 401 1090 472 δ’
1108 397 1175 472 ούν

162 505 254 581 τέλος
271 510 327 588 τῆς
345 507 437 586 δίκης
451 505 484 580 ές
498 507 596 567 τοῦτο
609 502 780 584 περιέστη·
803 497 968 585 ἀφέμενος
981 498 1046 587 γὰρ
1059 497 1076 568 ό
1089 511 1175 569 Διο-

162 607 242 686 κλῆς
253 605 314 667 τοῦ
330 597 502 666 δεικνύναι
516 593 557 664 τά
572 593 678 662 αὑτοῦ
692 599 885 683 μετέβαινεν
897 598 949 664 ἐπὶ
960 594 1019 664 τόν
1030 598 1175 684 Βαγώαν

162 699 217 764 καὶ
242 697 421 782 διελέγχειν
436 697 590 778 ἐπειρᾶτο
607 692 750 780 μάλιστα
771 691 831 760 τὸν
848 700 924 782 βίον
941 692 1060 763 αὐτοῦ·
1088 694 1172 764 κατά

163 792 266 863 ταύτὰ
284 795 319 862 δὲ
336 796 391 861 καὶ
408 790 426 860 ό
442 793 582 879 Βαγώας
597 790 790 876 ἀντεξήταζε
804 788 864 859 τόν
882 795 1012 861 ἐκείνου
1025 801 1110 880 βίον.

247 899 394 960 ΠΑΜΦ.
418 890 582 976 Εἰκότως,
601 883 628 958 ώ
642 897 785 957 Λυκῖνε·
813 894 869 957 καὶ
882 888 923 958 τά
939 897 1041 960 πλείω
1058 899 1177 977 γετοῦ

162 992 266 1078 λόγου
278 995 353 1075 περὶ
367 990 490 1058 τούτου
501 995 629 1076 μᾶλλον
644 991 743 1073 ἐχρῆν
758 985 842 1055 εἶναι
854 985 982 1066 αὐτοῖς·
1005 985 1049 1066 ὡς
1059 994 1176 1074 ἔγωγε,

163 1096 193 1158 εί
203 1090 347 1171 δικάζων
362 1089 561 1175 ἐτύγχανον,
579 1088 631 1155 ἐπὶ
648 1092 694 1175 τῷ
710 1084 850 1176 τοιούτφ
863 1083 900 1152 τὸ
916 1093 1032 1153 πλεῖον
1048 1089 1177 1172 διατρῖ-

163 1202 224 1269 ψαι
240 1186 283 1255 ἀν
300 1214 356 1274 μοι
375 1192 465 1255 δοκεῖ
486 1183 547 1254 τόν
562 1183 703 1272 άμεινον
716 1190 857 1270 βιοῦντα
873 1191 1001 1269 μᾶλλον
1022 1180 1043 1269 ἦ
1059 1181 1120 1252 τόν
1137 1187 1176 1251 έν

162 1302 230 1367 τοῖς
243 1287 355 1373 λόγοις
372 1284 484 1364 αὐτοῖς
505 1285 762 1372 προχειρότερον
783 1289 888 1369 ζητῶν
902 1286 957 1351 καὶ
972 1284 1174 1368 οἰκειότερον

163 1393 202 1472 τῇ
217 1391 294 1474 νίκη
308 1391 461 1471 νομίζων.

247 1488 278 1548 6.
297 1486 396 1548 ΛΥΚ.
421 1472 474 1546 Εύ
487 1482 593 1564 λέγεις
606 1476 692 1565 κάμὲ
709 1476 889 1568 ὁμόψηφον
904 1481 1062 1568 ἐντούτῳ
1080 1484 1172 1564 ἔχεις.

96 1595 145 1652 εσὸ
165 1580 234 1645 ἐπεὶ
250 1575 286 1643 δὲ
301 1574 373 1653 άλις
388 1574 450 1661 μὲν
468 1572 556 1660 εἶχον
570 1583 810 1662 βλασφημιῶν,
829 1577 902 1656 άλις
917 1579 954 1645 δὲ
969 1579 1121 1662 ἐλέγχων,
1136 1571 1173 1639 τό

163 1683 354 1742 τελευταῖον
367 1671 431 1760 ἤδη
447 1670 464 1740 ὁ
477 1680 623 1760 Διοκλῆς
639 1678 721 1760 ἔφη,
737 1678 820 1761 μηδὲ
833 1672 894 1762 τὴν
912 1672 1018 1762 ἀρχὴν
1032 1669 1178 1759 θεμιτόν

164 1771 249 1840 εἶναι
264 1779 310 1861 τῷ
323 1771 445 1862 Βαγώᾳ
460 1781 714 1858 μεταποιεῖσθαι
734 1781 934 1859 φιλοσοφίας
955 1776 1010 1840 καὶ
1029 1779 1098 1839 τών
1120 1767 1177 1837 ἐπ’

164 1867 248 1958 αὐτῇ
265 1867 441 1954 ἀριστείων
462 1868 613 1962 εύνούχφ
634 1897 673 1957 γε
690 1869 779 1956 ὄντι,
802 1869 886 1940 ἀλλά
904 1871 983 1952 τούς
1001 1869 1179 1946 τοιούτους

164 1967 224 2054 ούχ
240 1967 331 2047 ὅπως
352 1969 481 2038 τούτων
496 1966 755 2038 ἀποκεκλεῖσθαι
771 1967 883 2056 ἠξίου,
906 1967 990 2038 ἀλλὰ
1006 1970 1061 2037 καὶ
1075 1972 1179 2050 ίερών

163 2067 277 2138 αὐτῶν
286 2073 341 2138 καὶ
349 2078 638 2158 περιρραντηρίων
647 2073 703 2139 καί
712 2077 913 2139 τώνκοινών
922 2071 1081 2138 απάντων
1092 2077 1178 2136 συλ-

163 2169 285 2255 λόγων,
298 2168 541 2237 δυσοιώνιστόν
551 2195 581 2236 τι
593 2168 794 2254 ἀποφαίνων
805 2173 860 2238 καὶ
871 2168 1080 2255 δυσάντητον
1089 2170 1178 2236 δέα-

163 2293 224 2352 μα,
250 2277 342 2344 εἴτις
357 2270 466 2335 ἕωθεν
482 2266 579 2346 ἐξιών
594 2269 630 2334 ἐκ
644 2275 702 2351 τῆς
716 2273 821 2346 οίκίας
836 2270 904 2336 δδοι
919 2269 1073 2336 τοιοῦτόν
1088 2292 1175 2334 τινα.

164 2368 219 2432 καὶ
233 2363 339 2442 πολύς
355 2359 400 2450 ἦν
414 2363 432 2432 ό
448 2369 524 2452 περὶ
536 2366 660 2433 τούτου
673 2367 789 2452 λόγος,
805 2366 883 2434 οὔτε
897 2365 1005 2451 ἀνδρα
1020 2364 1097 2433 οὔτε
1111 2391 1178 2451 γυ-

164 2477 263 2529 ναῖκα
285 2460 370 2529 εἶναι
389 2462 450 2530 τόν
471 2462 634 2550 εὐνοῦχον
653 2466 824 2550 λέγοντος,
853 2462 937 2534 ἀλλά
957 2493 989 2532 τι
1006 2463 1179 2533 σύνθετον

164 2564 218 2629 καλ
233 2558 351 2646 μικτόν
368 2562 423 2629 καὶ
437 2567 618 2646 τερατῶδες
632 2566 693 2643 ἔξω
708 2569 765 2648 τῆς
781 2560 997 2647 ἀνθρωπείας
1011 2563 1152 2650 φύσεως.

247 2666 393 2728 ΠΑΜΦ.
416 2661 549 2728 Καινόν
559 2685 596 2746 γε
609 2658 646 2728 τό
658 2667 804 2747 ἔγκλημα
821 2661 903 2747 φής,
920 2655 1101 2745 ώΛυκῑνε,
1119 2664 1177 2729 καὶ

163 2759 226 2846 ἤδη
237 2766 339 2845 γελᾶν
350 2759 405 2826 καὶ
416 2756 526 2843 αύτός,
542 2752 569 2826 ώ
582 2762 698 2849 ἑταῖρε,
714 2762 903 2847 προάγομαι
914 2769 972 2847 τῆς
983 2761 1179 2846 παραδόξου

163 2863 285 2945 ταύτης
303 2867 501 2946 κατηγορίας
516 2854 661 2928 ἀκούων.
691 2858 766 2929 τίδ’
790 2854 854 2928 ούν
874 2857 1008 2944 άτεροςς
1030 2852 1095 2945 ἀρα
1112 2857 1178 2944 τὴν

163 2956 305 3045 ἡσυχίαν
327 2955 469 3043 ἤγαγεν,
496 2955 565 3043 ἥτι
582 2955 666 3045 πρὸς
687 2967 790 3028 ταῦτα
807 2961 862 3026 καὶ
884 2955 985 3035 αὐτός
1005 2955 1178 3025 ἀντειπεῖν

163 3056 338 3144 ἐτόλμησες

248 3160 276 3224 7.
299 3162 400 3224 ΛΤΚ.
427 3154 476 3224 Τά
496 3157 559 3243 μὲν
580 3163 695 3242 πρώτα
710 3152 767 3222 ὑπ’
784 3159 900 3233 αἰδοῦς
920 3157 976 3223 καὶ
993 3159 1176 3233 δειλίας-

164 3259 288 3322 οίκείον
301 3250 366 3340 γάρ
388 3251 500 3332 αὐτοῖς
515 3253 552 3323 τό
573 3261 728 3323 τοιοῦτον
745 3294 787 3306 -
804 3256 856 3321 ἐπὶ
872 3252 960 3321 πολύ
977 3255 1104 3322 ἐσιώπα
1119 3257 1177 3321 καὶ

162 3349 310 3438 ἠρυθρία
331 3354 385 3418 καλ
406 3357 500 3420 ἰδίων
516 3349 663 3439 φανερός
680 3347 740 3438 ἦν,
760 3355 853 3431 τέλος
873 3353 910 3421 δέ
928 3353 1052 3422 λεπτόν
1066 3380 1097 3421 τι
1119 3356 1176 3421 καὶ
