2575 3842
168 175 231 239 ³46
543 176 847 236 ΛΟΤΚΙΑΝΟΤ

252 343 378 405 ΖΕΥΣ.
400 333 452 403 Οὐ
471 333 553 421 γάρ,
577 325 778 402 άΚυνίσκε.
808 333 852 402 σύ
867 335 904 402 δδ
924 337 1183 422 πολυπράγμων
1212 394 1214 397 .

168 463 216 514 τις
231 433 262 502 εἷ
278 436 332 502 καὶ
348 434 411 501 οὐκ
426 430 490 500 οἷδ’
505 431 590 500 ὅθεν
606 437 710 499 ταῦτα
723 430 815 518 ἥκεις
825 457 882 518 μοι
898 434 1179 520 συμπεφορηκώς.

255 539 357 599 ΚΤΝ.
382 529 519 598 Οὐκοῦν
533 531 615 614 μηδὲ
636 531 743 595 ἐκεῖνο
756 525 844 613 ὐμᾶς
858 534 999 614 ἔρωμαι,
1023 533 1064 596 σέ
1074 555 1113 596 τε
1125 533 1181 596 καὶ

167 629 230 716 την
238 629 409 713 Πρόνοιαν
417 625 543 712 καλιὴν
551 627 777 711 Εἱμαρμένην,
789 633 823 692 τί
830 626 952 710 δήποτε
962 633 1109 692 Φωκίων
1117 628 1180 712 μὲν

168 725 186 795 ὁ
202 724 341 814 χρηστὰς
358 726 395 793 ἐν
412 723 557 812 τοσαύτη
578 729 677 811 πενίᾳ
692 726 747 791 καὶ
763 723 883 790 σπάνει
899 731 968 790 τῶν
984 722 1180 808 ἀναγκαίων

168 824 319 894 ἀπέθανε
333 825 387 890 καὶ
399 820 598 905 Ἀριστείδης
608 818 673 902 πρὸ
689 818 811 904 αὐτοῦ,
830 827 975 899 Καλλίας
987 820 1023 887 δὲ
1038 823 1095 888 καί
1106 819 1180 890 Ἀλ-
1283 862 1284 869 1

168 923 337 1011 κιβιάδης,
354 920 519 989 ἀκόλαστα
537 918 711 1004 μειράκια,
731 914 1005 999 ὑπερεπλούτουν
1019 921 1075 986 καὶ
1092 926 1180 986 Μει-

168 1025 240 1098 δίας
250 1016 269 1087 ὁ
280 1015 438 1106 ὑβριστὴς
450 1020 503 1084 καὶ
514 1017 635 1096 Χάροψ
646 1012 866 1102 ὁΑίγινήτης,
880 1021 1028 1095 κίναιδος
1038 1017 1179 1099 άνθρω-

170 1143 247 1202 πος,
270 1115 331 1203 τὴν
348 1119 471 1202 μητέρα
486 1121 570 1202 λιμῷ
586 1111 791 1198 άπεκτονάς,
812 1117 867 1181 καὶ
882 1115 985 1181 πάλιν
997 1115 1180 1200 Σωκράτης

170 1216 232 1301 μὲν
242 1211 416 1298 παρεδόθη
428 1226 496 1290 τοῖς
507 1213 641 1296 ἕνδεκα,
658 1213 812 1296 Μέλητος
824 1211 860 1278 δὲ
869 1209 911 1277 οὐ
921 1213 1107 1298 παρεδόθη,
1124 1215 1181 1278 καὶ

101 1323 153 1379 639
171 1311 458 1398 Σαρδανάπαλλος
477 1309 539 1396 μὲν
559 1311 730 1395 ἐβασίλευε
748 1317 857 1393 θῆλυς
883 1308 948 1395 ω’ν,
973 1317 1116 1395 Περσων
1142 1309 1180 1376 δὲ

170 1419 322 1478 τοσοῦτοι
345 1409 439 1476 καλοὶ
463 1405 608 1492 κάμαθοὶ
633 1405 752 1489 ἄνδρες
775 1405 1068 1487 άνεσκολοπίζοντο
1093 1405 1180 1490 πρὸς

171 1507 292 1592 αὐτοῦ,
317 1506 402 1575 διότι
424 1501 468 1591 μὴ
496 1502 677 1589 ἠρέσκοντο
698 1520 766 1582 τοῖς
789 1508 1016 1592 μιγνομένοιςς
1049 1509 1098 1574 17.
1121 1509 1180 1573 ἵνα
1283 1580 1284 1597 z

171 1603 251 1688 ὑμῖν
271 1600 314 1688 μὴ
337 1601 376 1669 τδι
399 1609 464 1668 νῦν
481 1603 566 1686 λίνω
587 1600 668 1669 καθ’
690 1605 829 1670 ἕκαστον
846 1603 999 1689 ἐπεξιών,
1021 1603 1100 1682 τούς
1117 1604 1181 1690 μὲν
1283 1600 1284 1621 ³

171 1698 341 1787 πονηρούς
357 1698 639 1786 εὐδαιμονοῦντας
658 1706 713 1770 καὶ
728 1701 808 1781 τούς
823 1701 1073 1788 πλεονέκτας,’
1054 1707 1179 1789 αμομέ

171 1824 252 1876 νονς
269 1798 305 1866 δε
320 1800 374 1866 καὶ
391 1801 597 1884 φερομένους
611 1798 690 1878 τούς
704 1797 866 1886 χρηστούς
880 1804 916 1869 ἐν
929 1807 1029 1892 πενία
1043 1801 1099 1866 καὶ
1116 1801 1174 1867 νό

170 1915 241 1973 σοις
255 1896 309 1962 καὶ
323 1901 455 1980 μυρίοις
469 1911 583 1974 κακοῖς
598 1901 819 1982 πιεζομένους.
1283 1969 1285 1976 ,

253 2000 379 2063 zm.
404 1991 532 2080 Οὐμδιρ
545 1994 661 2080 οἶσθα,
679 2022 704 2062 ω
692 1989 881 2082 Κυνίσκε,
897 1993 1011 2118 ηλίκας
1024 1996 1104 2083 μετά
1118 1996 1177 2065 τόν
1283 1997 1285 2061 Ῐ

171 2098 294 2178 βίονοί
305 2090 496 2178 πονηροὶ
460 2120 519 2172 τας
539 2091 723 2172 κολάσεις
705 2099 950 2180 υπομένουσιν,
970 2123 993 2182 η
1014 2099 1051 2164 ἐν
1071 2095 1135 2184 ὅση
1148 2095 1180 2163 οι*

169 2192 302 2275 χρηστοὶ
319 2187 512 2283 εὐδαιμονία
527 2197 620 2276 διατρ
622 2199 770 2280 ίβουσιν;

254 2295 357 2360 ΚῬΝ.
373 2285 490 2376 Ἀιδην
501 2316 557 2377 μοι
569 2295 674 2376 λέγεις
685 2292 739 2358 καὶ
754 2289 895 2369 Τιτυούς
907 2318 961 2359 και
950 2293 1179 2371 Ταντάλους.

170 2389 235 2477 ἐμω
251 2395 303 2474 δέ,
326 2397 356 2457 εί
370 2393 432 2475 μέν
447 2417 478 2456 τι
499 2392 553 2456 καὶ
569 2387 725 2456 τοιοῦτόν
744 2389 850 2473 ἐστιν,
876 2397 1005 2474 εἴσομαι
1021 2387 1057 2456 τό
1075 2390 1181 2474 σαφὲς

171 2486 307 2557 ἐπειδάν
323 2485 504 2554 ἀποθάνω·
527 2483 563 2553 τό
585 2486 621 2553 δὲ
637 2493 705 2552 νῦν
723 2490 799 2570 ἔχον
815 2487 1002 2572 ἐβουλόμην
1021 2485 1081 2554 τόν
1096 2485 1180 2555 ὁπο-

171 2591 298 2654 σουούν
311 2581 435 2668 χρόνον
446 2589 567 2650 τοῦτον
578 2579 786 2667 εὐδαιμόνως
797 2583 976 2669 διαβιιόοας
988 2579 1054 2650 ὐπδ
1066 2586 1180 2652 ἑκκαί-

173 2689 252 2750 δεκα
267 2687 384 2765 γυπῶν
399 2685 569 2764 κείρεσθαι
585 2677 622 2747 τό
636 2671 727 2765 ἧπαρ
742 2678 945 2764 άποθανάν,
962 2677 1046 2747 άλλδι
1061 2678 1106 2766 μὴ
1122 2684 1181 2748 ἐν·

172 2787 283 2849 ταύθα
301 2779 445 2865 ,διψήσας
466 2773 612 2861 οἳσπερὸ
635 2777 804 2856 Τάνταλος
826 2780 863 2844 ἐν
883 2776 1044 2862 μακάρων
1063 2779 1183 2862 νήσοις

171 2886 281 2946 πίνειν
301 2876 381 2964 μετά
403 2883 471 2944 τῶν
490 2873 611 2961 ἡρώων
630 2879 668 2944 ἐν
688 2882 734 2966 τῷ
755 2873 896 2964 Ἠλυσίῳ
918 2880 1056 2959 λειμῶνι
1076 2900 1182 2941 κατα-

170 2983 329 3062 κείμενος.
1283 3058 1284 3061 ¹

102 3090 154 3144 640
257 3079 306 3142 18.
328 3079 453 3141 zm.
482 3078 523 3139 Τί
537 3070 622 3157 φήςς
651 3067 798 3148 άπιστεῑς
813 3067 901 3137 εἶναί
912 3095 1006 3146 τινας
1025 3075 1180 3148 κολάσεις
1283 3092 1284 3133 ι

171 3174 225 3238 καὶ
247 3181 342 3255 τιμας
363 3171 418 3236 καὶ
438 3169 668 3254 δικαστήριον,
695 3175 780 3237 ἔνθα
802 3165 842 3254 δη
864 3167 1041 3247 ἐξετάζεται
1059 3163 1077 3232 ὁ
1100 3167 1160 3233 ἑκά

172 3289 253 3334 στου
266 3271 354 3352 βίοςς

257 3370 358 3429 ΚΤΝ.
378 3360 505 3429 Ἀκούω
523 3360 597 3430 τινά
612 3370 736 3430 Μίνωα
751 3369 864 3449 Κρῆτα
881 3361 1026 3443 δικάζειν
1044 3359 1085 3427 τὰ
1109 3387 1162 3429 τοι
