2575 3842
187 157 249 220 ννν
533 153 844 232 [Λοναιεαονγ

187 319 224 384 τὸ
241 313 273 383 δ’
284 314 365 382 ἄλλο
380 322 475 398 σῶμα
490 311 568 399 μηδ’
584 311 693 397 ἀκαρῆ
706 309 815 397 τριχός
828 309 942 388 αύταῖς
952 309 1192 396 ύποφυομένης

188 412 359 498 ἠλέκτρου,
370 416 483 494 φασίν,
498 406 519 494 ῆ
530 414 696 486 Σιδωνίας
704 407 806 476 ὑέλου
817 410 1092 495 διαφεγγέστερον
1102 404 1189 473 ἀπα-

190 510 353 591 στράπτει.
377 512 426 575 27.
444 515 477 572 τί
489 505 519 572 δ’
537 505 608 591 ούχλ
622 514 689 573 τ’ῶν
704 504 837 590 ἡδονῶν
849 507 903 572 καλ
919 503 977 582 τάς
994 502 1188 581 άντιπαθεῖς

190 607 445 691 μεταδιωκτέον,
467 600 602 670 ἐπειδάν
624 607 656 679 ἐξ
677 612 754 670 ῖσου
770 617 837 680 τοῖς
858 607 1054 670 διατιθεῖσιν
1071 605 1105 668 οί
1121 601 1187 666 πά-

190 724 322 788 σχοντες
337 700 599 786 εύφραίνωνται;
622 697 741 784 σχεδόν
757 698 821 784 γάρ
842 697 884 764 ού
899 696 979 764 κατά
998 695 1099 764 ταύτὰ
1121 711 1188 772 τοῖς

190 798 323 883 ἀλόγοις
336 798 429 884 ζῴοις
438 794 497 873 τὰς
508 795 662 881 μονήρεις
679 794 848 881 διατριβάς
859 792 1089 879 ἀσμενίςομεν,
1102 791 1188 858 ἀλλά

190 921 259 972 πως
276 900 454 984 φιλεταίρφ
472 899 630 981 κοινωνίᾳ
651 895 844 977 σνζυγέντες
864 891 948 977 ῆδίω
964 893 1003 958 τά
1023 917 1057 957 τε
1074 887 1187 975 ἀγαθά

190 991 255 1060 σύν
272 989 426 1076 ἀλλήλοις
441 988 615 1076 ἡγούμεθα
629 993 683 1058 καὶ
703 989 741 1058 τά
758 995 899 1075 δυσχερῆ
913 989 1101 1074 κουφότερα
1115 987 1186 1074 μετ’

190 1088 351 1173 ἀλλήλων.
376 1084 459 1152 ὅθεν
475 1083 598 1172 εὑρέθη
613 1088 753 1172 τράπεζα
769 1089 880 1171 κοινή·
902 1090 956 1154 καὶ
970 1093 1081 1172 φιλίας
1095 1099 1184 1172 μεσῖ-
1251 1110 1255 1116 ·

190 1212 243 1254 τιν
256 1184 419 1271 τράπεζαν
430 1187 657 1270 παραθέμενοι
667 1187 782 1269 γαστρὶ
795 1181 855 1268 τῆν
870 1181 1090 1269 ὀφειλομένην
1103 1181 1186 1248 ἀπο-

190 1277 374 1369 μετροῦμεν
391 1277 593 1366 ἀπόλαυσιν,
617 1279 658 1346 ού
680 1282 778 1366 μόνοι
795 1279 855 1346 τόν
870 1281 1011 1364 Θάσιον,
1034 1287 1065 1348 εί
1084 1280 1187 1364 τύχοι,

191 1385 343 1455 πίνοντες
366 1377 459 1444 οἶνον
475 1375 553 1444 οὐδὲ
574 1375 656 1444 καθ’
678 1374 800 1454 αύτούς
814 1385 882 1443 τῶν
902 1385 1091 1445 πολυτελῶν
1108 1402 1187 1462 πιμ-

191 1476 352 1560 πλάμενοι
366 1481 489 1558 σιτίων,
505 1472 587 1541 ἀλλά
600 1478 694 1541 δοκεῖ
702 1472 846 1556 τερπνόν
860 1475 986 1563 έκάοτφ
997 1471 1033 1541 τό
1045 1470 1114 1559 μετ’
1129 1470 1188 1538 ἀλ-

192 1583 270 1656 λου,
298 1574 352 1638 καλ
376 1569 434 1649 τάς
454 1569 576 1656 ἡδονάς
596 1572 836 1657 κοινωσάμενοι
859 1578 986 1656 μᾶλλον
1006 1567 1188 1653 εὐφραινό-

124 1686 174 1739 428
193 1678 289 1752 μεθα,
324 1672 359 1732 αί
378 1671 439 1751 μὲν
460 1661 524 1733 οὖν
538 1683 722 1752 γυναικεῖοι
742 1668 880 1734 σύνοδοι
899 1673 955 1752 τῆς
976 1663 1189 1741 ἀπολαύσεως

192 1763 360 1829 ἀντίδοσιν
371 1761 489 1847 ὁμοίαν
501 1769 648 1850 ἔχουσιν
672 1762 835 1848 ἀλλήλους
845 1762 909 1849 γάρ
922 1766 954 1842 ἐξ
964 1772 1040 1830 ίσου
1052 1762 1189 1827 διαθέν-

192 1887 243 1938 τες
254 1856 357 1944 ἡδέως
366 1856 613 1947 ἀπηλλάγησαν,
626 1871 660 1928 ελ
665 1887 702 1946 γε
714 1859 758 1946 μῆ
771 1867 907 1948 δικαστῇ
923 1865 1071 1947 Τειρεσίᾳ
1084 1876 1189 1940 κροσ-

194 1960 322 2038 εκτέον,
345 1953 395 2023 ὅτι
415 1955 434 2043 ἡ
456 1960 575 2046 θήλεια
594 1961 705 2044 τέρψις
723 1956 783 2046 ὅλη
803 1966 903 2047 μοίρᾳ
920 1967 1109 2024 πλεονεκτεῖ
1128 1950 1189 2037 τήν

174 2055 325 2141 ,άρρενα
349 2052 453 2123 καλὸν
467 2054 497 2122 δ’
517 2055 621 2142 οἶμαι,
642 2053 686 2143 μή
704 2055 872 2140 φιλαύτως
887 2053 1072 2121 ἀπολαῦσαι
1086 2048 1189 2134 θελή-

193 2177 329 2240 σαντας,
345 2152 433 2232 ὅπως
448 2159 514 2242 ίδίᾳ
531 2181 561 2221 τι
577 2152 719 2240 χρηστὸν
733 2151 943 2236 ἀποίσονται,
958 2164 1093 2217 σκοπεῖν
1107 2145 1190 2231 ὅλην

193 2253 281 2337 παρά
293 2278 353 2318 τον
363 2253 590 2338 λαμβάνοντας
600 2250 736 2338 ἡδονήν,
747 2248 819 2318 ἀλλ’
833 2254 938 2317 έκεῖνο
950 2247 1191 2334 μερισαμένους

193 2342 235 2414 ού
250 2349 472 2434 τυγχάνουσιν
489 2345 743 2433 ἀντιπαρασχεῖν
763 2347 868 2433 ὅμοια.
901 2357 998 2414 τοῦτο
1015 2345 1046 2414 δ’
1064 2344 1126 2413 ούκ
1146 2341 1190 2410 ἀν

108 2439 109 2442 “
193 2449 243 2512 ἐπὶ
258 2449 385 2511 παίδων
397 2454 482 2512 είποι
496 2473 561 2530 τις,
577 2444 636 2532 ούχ
648 2445 736 2512 οὕτω
750 2449 909 2532 μέμηνεν,
926 2443 999 2514 ἀλλ’
1013 2442 1104 2530 ὁμὲν
1116 2448 1189 2509 δια-

194 2548 281 2626 θείς,
301 2534 320 2629 ᾖ
333 2547 455 2626 νομίζει
467 2543 545 2610 ποτὲ
555 2551 674 2629 ταῦτα,
690 2543 751 2629 τῆν
761 2542 886 2630 ῆδονῆν
902 2546 1065 2628 ἐξαίρετον
1076 2538 1189 2628 λαβὼν

194 2637 383 2723 ἀπέρχεται,
397 2647 443 2728 τῷ
457 2639 494 2707 δὲ
511 2639 699 2730 ὑβρισμένῳ
718 2641 791 2709 κατ’
810 2639 910 2727 ἀρχάς
926 2643 987 2726 μὲν
1001 2638 1120 2707 ὀδύναι
1136 2640 1190 2704 καί

195 2738 340 2823 δάκρυα,
364 2736 485 2824 μικρὸν
500 2737 535 2806 δὲ
552 2737 617 2806 ὑπό
638 2741 763 2825 χρόνον
777 2746 833 2824 τῆς
847 2736 1031 2824 ἀλγηδόνος
1045 2735 1190 2824 χαλασά-

195 2857 253 2922 σης
264 2838 382 2920 πλέον,
399 2834 442 2914 ἀς
454 2857 573 2923 φασιν,
589 2835 688 2905 οὐδέν
699 2835 742 2904 ἀν
752 2835 937 2924 όχλήσειας,
951 2834 1053 2923 ῆδονῆ
1066 2833 1099 2901 δ’
1113 2831 1187 2900 οὐδ’

193 2933 339 3020 ήτισούν.
371 2939 401 3001 εί
414 2934 449 3000 δὲ
462 2939 517 3002 δεῖ
530 2961 559 3002 τι
577 2939 640 3002 καλε
648 2937 900 3023 περιεργότερον
915 2942 1019 3004 εἰπεῖν
1034 2975 1071 2986 -
1090 2932 1191 3001 δεῖδὲ

193 3036 229 3099 ἐν
242 3030 433 3117 Ἀφροδίτης
449 3036 574 3118 τεμένει
594 3075 628 3084 -
644 3037 778 3119 γυναικί
793 3037 871 3119 μέν,
896 3027 1191 3116 ἀΚαλλικρατίδα,

146 3195 153 3205 ,
193 3132 246 3197 καὶ
259 3128 499 3213 παιδικάτερον
508 3130 680 3216 χρεόμενον
691 3137 815 3212 ἔξεστιν
827 3131 1057 3219 εὐφρανθῆναι
1071 3134 1191 3196 διπλα-

194 3234 265 3302 σίας
286 3222 498 3304 ἀπολαύσεως
514 3225 613 3306 ὁδούς
633 3226 824 3313 ἀνοίξαντα,
850 3228 886 3297 τό
905 3231 939 3296 δὲ
954 3228 1056 3314 ἀρρεν
1078 3224 1192 3294 οὐδενὶ

194 3324 304 3410 τρόπῳ
321 3329 480 3411 χαρίζεται
496 3325 637 3410 θήλειαν
653 3325 847 3394 ἀπόλαυσιν.
875 3333 924 3395 28.
948 3325 1028 3392 ὥστ’
1047 3324 1112 3412 είῆ
1129 3325 1188 3410 μὲν·
