2575 3842
184 174 226 237 82
531 176 840 235 AOYKIANOY

185 332 221 399 δὲ
235 335 290 399 καὶ
304 330 364 399 τόν
381 335 634 418 πεφονευμένον
651 332 755 401 αὐτόν
772 337 830 402 ίδί.
859 332 931 412 υίὸς
947 328 990 419 ήν
1006 335 1190 426 τυράννου,

184 431 362 514 μᾶλλονδὲ
379 431 544 514 τύραννος
556 431 783 516 χαλεπώτερος
802 434 856 499 καὶ
871 432 1032 516 δεσπότης
1045 430 1190 519 ἀπαραί-

184 551 279 611 τητος
301 529 355 593 καὶ
373 524 535 610 κολαστής
554 524 719 613 ὠμότερος
740 531 794 596 καὶ
816 527 974 615 ὑβριστής
994 530 1187 615 βιαιότερος,

184 621 220 690 τὸ
238 623 274 689 δὲ
288 626 462 709 με’γιστον,
485 625 691 710 κληρονόμος
705 632 772 692 τῶν
789 623 878 693 ὅλων
895 628 949 694 καὶ
966 627 1118 712 διάδοχος
1133 629 1188 693 καὶ

184 723 236 788 ἐπὶ
249 719 336 788 πολύ
351 736 544 806 παρατεῖναι
555 720 595 788 τά
606 730 664 807 τῆς
677 720 835 809 ἡμετέρας
850 730 1025 809 συμφορᾶς
1040 724 1187 808 δυνάμε-

182 842 249 895 νος.
280 822 329 885 17.
346 819 460 905 βούλει
480 818 700 904 τοῦτομόνον
714 827 906 905 πεπρᾶχθαί
918 847 990 906 μοι,
1013 826 1071 905 ζῆν
1085 818 1121 887 δὲ
1138 825 1186 887 ἔτι

183 916 242 984 τόν
257 919 427 1003 τύραννον
438 918 700 1004 διαπεφευγότας
723 922 821 1004 γέρας
836 918 877 1004 δη
893 920 945 987 ἐπὶ
954 919 1084 996 τούτοις
1095 924 1184 985 αίτω.

183 1022 216 1081 τί
229 1022 315 1099 φατέ
319 1045 328 1096 ;
351 1013 393 1083 ού
410 1016 547 1096 δω’σετε;
570 1012 642 1100 ούχί
660 1012 816 1083 κάκεῖνον
829 1014 1047 1102 ύφεωρᾶσθε;
1069 1013 1110 1081 ού
1130 1018 1187 1081 δε-

117 1129 166 1182 154
184 1115 321 1201 σπότης;
346 1113 387 1181 ού
402 1115 525 1202 βαρύς;
546 1113 608 1182 ούκ
619 1114 787 1201 ἀφόρητος
801 1107 861 1201 ήν;
884 1121 950 1182 νῦν
963 1116 998 1180 δὲ
1012 1115 1067 1179 καὶ
1080 1109 1116 1178 τό
1129 1137 1184 1178 κε·

182 1214 328 1298 φάλαιον
340 1211 420 1280 αὐτό
434 1214 628 1300 ἐννοήσατε·
644 1210 737 1299 όγάρ
750 1205 847 1291 οὗτος
858 1209 990 1279 ἀπαιτεῖ
999 1206 1077 1290 παρ’
1090 1211 1183 1294 ἐμοῦ,

181 1318 297 1394 τοῦτο,
320 1308 364 1389 ὡς
379 1315 476 1396 ἐνῆν,
498 1309 615 1395 ἀριστα
632 1311 859 1397 διεπραξάμην
874 1307 1001 1377 καὶτὸν
1016 1308 1182 1389 τύραννον

181 1405 357 1475 ἀπέκτεινα
370 1411 468 1497 ἑτέρω
481 1408 586 1498 φόνῳ,
602 1406 663 1492 ούχ
679 1406 789 1485 ἁπλῶς
801 1405 879 1474 ούδὲ
890 1413 998 1493 πληγή
1014 1411 1082 1493 μιᾷ,
1101 1401 1183 1486 ὅπερ

182 1506 415 1575 εὐκταιότατον
424 1502 469 1594 ήν
479 1506 569 1597 αύτῷ
584 1510 636 1574 ἐπὶ
648 1507 854 1594 τηλικούτοις
869 1505 1080 1593 ἀδικήμασιν,
1099 1502 1182 1571 ἀλλά

180 1606 271 1693 λύπη
287 1612 536 1691 προβασανίσας
555 1613 661 1693 πολλή
682 1608 735 1673 καλ
758 1609 794 1672 ἐν
815 1602 1002 1690 ὀφθαλμοῖς
1024 1607 1129 1681 δείξας
1143 1599 1183 1667 τά

182 1708 320 1784 φίλτατα
337 1708 474 1787 οἰκτρῶς
490 1709 707 1788 προκείμενα,
723 1699 799 1770 υίόν
813 1705 850 1769 ἐν
864 1699 990 1789 ἡλικία,
1013 1705 1042 1767 εί
1055 1700 1109 1765 καὶ
1120 1722 1183 1763 πο-

181 1798 304 1883 νηρόν,
328 1796 402 1866 ἀλλ’
428 1793 493 1866 οὖν
515 1802 568 1867 καὶ
592 1797 778 1885 ἀκμάζοντα
800 1796 895 1866 καὶ“
875 1822 991 1918 ομοιον
1012 1803 1057 1886 τῷ
1074 1800 1182 1878 πατρί,

181 1898 317 1981 αἵματος
331 1899 386 1963 καὶ
401 1898 533 1983 λύθρου
545 1899 825 1984 ἐμπεπλησμένον.
847 1901 929 1962 ταύτ
933 1892 1019 1961 ’ἔστι
1031 1895 1182 1976 πατέρων

180 1990 220 2059 τά
237 1992 423 2079 τραύματα,
441 2003 543 2061 ταῦτα
559 2000 636 2110 ξίφη
653 1998 791 2061 δικαίων
806 1991 1100 2078 τυραννοκτόνων,
1122 1979 1183 2053 οὗ·

180 2114 235 2166 τος
249 2090 398 2167 θάνατος
415 2089 546 2170 ἀξιος’
523 2098 623 2176 ωμών
637 2089 831 2175 τυράννων,
849 2088 932 2175 αὕτη
947 2094 1086 2173 τιμωρία
1100 2087 1182 2171 πρέ-

180 2207 289 2253 πουσα
305 2187 476 2265 τοσούτοις
492 2185 684 2273 ἀδικήμασι·
705 2214 742 2254 το
731 2184 789 2254 δ’
807 2184 912 2265 εύθύς
925 2183 1128 2267 ἀποθανεῖν,
1143 2179 1180 2247 τό

180 2279 211 2346 δ’
228 2279 398 2367 ἀγνοῆσαι,
416 2309 453 2349 το
443 2280 502 2349 δὲ
517 2285 621 2369 μηδὲν
631 2291 761 2351 τοιοῦτο
773 2287 882 2370 θίαμα
894 2287 987 2367 ίδεῖν,
1004 2278 1104 2348 οὐδὲν
1115 2284 1179 2393 ἔχει

177 2386 379 2500 τυραννικῆς
395 2379 561 2458 κολάσεως
574 2380 676 2460 ἀξιον.
702 2387 751 2449 18
768 2380 809 2448 ού
819 2378 883 2467 γάρ
897 2379 1064 2467 ήγνόουν,
1080 2370 1107 2443 ά
1119 2364 1178 2442 οὗ

177 2500 249 2559 τος,
264 2475 326 2542 οὐκ
339 2474 505 2563 ήγνόουν,
521 2477 599 2547 οὐδὲ
613 2507 682 2548 των
693 2480 804 2549 ἀλλων
815 2476 974 2561 ούδείς,“
956 2499 1040 2565 οσην
1055 2481 1179 2551 ἐκεῖνος

178 2569 315 2639 εύνοιαν
329 2571 413 2667 πρὸς
431 2572 492 2642 τόν
514 2575 591 2644 υίόν
608 2576 672 2663 εἶχε
687 2575 783 2646 καὶ
761 2604 806 2656 ως
820 2576 881 2645 ούκ
899 2573 942 2643 ἀν
955 2574 1093 2662 ήξίωσεν
1107 2577 1179 2641 ἐπι-

176 2674 296 2753 βιῶναι
311 2667 385 2737 ούδ’
402 2669 517 2757 ὀλίγον
531 2671 620 2764 αύτῷ
634 2675 775 2760 χρόνον·
798 2673 920 2751 πάντες
930 2672 992 2758 μὲν
1002 2670 1066 2757 γάρ
1078 2672 1177 2737 πατέ-

176 2789 231 2848 ρες
246 2774 325 2844 ίσως
344 2766 428 2853 πρός
444 2766 523 2848 τούς
540 2775 659 2849 παῖδας
677 2778 831 2839 τοιοῦτοι.
864 2769 881 2838 ὁ
899 2773 935 2837 δὲ
950 2772 1005 2837 καί
1026 2766 1179 2849 περιττό-

106 2881 156 2934 155
176 2863 275 2947 τερόν
288 2890 319 2930 τι
334 2872 402 2931 τῶν
413 2864 525 2934 ἀλλων
536 2866 638 2953 εἶχεν,
655 2869 807 2955 εἰκότως,
824 2866 915 2953 ὀροῖν
929 2868 1036 2954 μόνον
1050 2869 1179 2932 ἐκεῖνον

175 2961 343 3046 κηδεμόνα
358 2964 412 3029 καὶ
423 2964 557 3047 φύλακα
572 2972 628 3050 τῆς
640 2969 839 3049 τυραννίδος
854 2966 907 3031 καὶ
918 2964 1025 3049 μόνον
1039 2985 1179 3045 προκιν-

173 3057 359 3124 δυνεύοντα
373 3067 433 3125 τοῦ
448 3058 572 3143 πατρός
586 3064 640 3128 καὶ
656 3059 718 3147 τήν
733 3058 920 3147 ἀσφάλειαν
931 3068 972 3147 τῇ
982 3058 1064 3145 ἀρχή
1076 3081 1179 3141 παρε-

171 3154 325 3239 χύμενον.
350 3153 433 3222 ύστε
450 3162 480 3224 εί
493 3161 547 3223 καὶ
560 3156 605 3242 μή
623 3154 677 3224 διά
695 3155 756 3243 τήν
770 3156 922 3243 εύνοιαν,
945 3155 1028 3224 ἀλλά
1044 3152 1098 3222 διά
1116 3151 1179 3238 τήν

172 3248 366 3335 ἀπόγνωσιν
385 3251 490 3330 εὐθὺς
512 3252 700 3339 ἠπιστάμην
720 3255 969 3341 τεθνηξόμενον
995 3250 1099 3320 αύτὸν
1122 3251 1177 3316 καὶ

172 3348 393 3432 λογιούμενον
417 3345 460 3426 ὡς
484 3346 583 3416 οὐδὲν
606 3355 653 3416 ἔτι
674 3357 734 3417 τοῦ
755 3356 812 3435 ζήν
834 3350 955 3435 ὄφελος
978 3357 1036 3435 τῆς
1056 3350 1092 3414 ἐκ
1116 3352 1177 3413 τοῦ
