2575 3842
394 176 603 245 ΤΟΞΑΡΙΣ
620 183 648 235 H
672 181 828 238 ΦΙΛῙΛ.
1055 177 1117 238 295

106 340 250 427 μαστόν,
279 335 347 406 εἶτα
368 335 543 424 άποτεμῶν
570 336 632 424 τὴν
655 336 805 423 κεφαλὴν
826 335 892 404 ὑπὸ
912 344 952 424 τῇ
975 337 1119 423 χλαμύδι

107 446 192 524 έχων
212 437 314 526 ἐξῄει,
338 433 461 523 μεταξύ
483 428 718 521 διαλεγόμενος
745 438 852 520 δῆθεν
873 431 1039 522 αὐτῷκαὶ
1062 433 1117 502 διά

106 540 232 622 ταχέων
247 533 339 621 ἥξειν
353 536 477 619 λέγων,
496 531 540 612 ῶς
554 529 594 619 δὴ
608 535 664 600 έπί
675 557 705 598 τι
721 532 887 616 πεμφθεὶς
902 527 962 597 ὑπ’
976 533 1116 600 ἐκείνου.

107 635 161 700 καὶ
176 630 282 710 οὕτως
298 633 350 700 ἐπὶ
364 629 424 698 τόν
438 631 543 698 τόπον
561 627 781 715 ἀφικόμενος,
797 633 882 695 ἔνθα
900 632 1118 713 καταδεδεμέ-

106 759 168 800 νον
183 735 410 799 καταλελοίπει
422 726 481 796 τδν
496 733 614 813 ἵππον,
631 725 759 814 ἀναβάς
770 723 987 812 ἀφιππάσατο
1000 731 1046 803 εἰς
1057 723 1118 812 τὴν

106 835 275 898 Σκυθίαν.
299 831 407 907 δίωξις
419 825 455 895 δὲ
470 824 532 894 ούκ
545 829 674 912 ἐγένετο
686 824 809 904 αὐτοῦ,
825 827 877 893 έπλ
892 822 979 893 πολύ
992 821 1117 910 άγνοη-

107 939 240 995 σάντων
254 923 290 993 τό
305 922 446 1011 γεγονός
460 932 529 992 τῶν
541 932 787 1009 Βοσπορανῶν,
812 925 867 991 καὶ
883 921 938 991 ότε
954 929 1117 1010 ἔγνωσαν,

106 1023 193 1106 ὑπὲρ
209 1030 266 1109 τῆς
277 1029 445 1109 βασιλείας
457 1023 712 1102 στασιαζόντων.
734 1027 784 1089 51.
802 1028 906 1088 ταῦτα
921 1021 983 1108 μέν
999 1018 1118 1104 ὁΛογ·

106 1122 206 1207 χάτης
221 1123 339 1204 ἔπραξε
355 1121 410 1187 καὶ
426 1118 488 1205 τὴν
502 1117 684 1205 ὑπόσχεσιν
699 1117 918 1205 άπεπλήρωσε
938 1125 983 1208 τῷ
998 1115 1117 1201 Ἀρσα-
1136 1126 1185 1182 55ῖ

107 1219 194 1307 κόμα
209 1214 381 1300 παραδούς
395 1215 456 1304 τὴν
468 1216 618 1304 κεφαλὴν
629 1227 692 1285 τοῦ
700 1217 924 1304 Λευκάνορος.
947 1213 1118 1284 όΜακέν-

106 1341 164 1402 της
178 1313 213 1384 δὲ
230 1310 311 1382 καθ’
327 1309 408 1381 ὁδόν
418 1312 565 1394 άκούσας
579 1314 618 1382 τά
631 1319 668 1384 έν
677 1315 843 1405 Βοσπόρῳ
852 1314 1021 1401 γενόμενα
1036 1305 1118 1398 ἧκεν

107 1417 140 1491 ἐς
155 1409 234 1490 τούς
251 1410 413 1497 Μάχλυας
428 1413 483 1480 καὶ
497 1421 626 1496 πρῶτος
637 1411 790 1499 άγγείλας
805 1409 918 1491 αὐτοῖς
931 1411 991 1480 τόν
1007 1412 1118 1497 φόνον

106 1519 167 1579 τοῦ
176 1511 347 1597 βασιλέως,
359 1505 402 1575 Ἡ
411 1510 505 1588 πόλις
518 1513 564 1597 δέ,
577 1515 654 1596 ἔφη,
669 1504 698 1577 ῶ
710 1506 903 1597 Ἀδύρμαχε,
915 1509 952 1577 σέ
963 1506 1117 1597 γαμβρόν

106 1607 186 1677 ὅντα
208 1607 261 1674 έπὶ
279 1603 338 1692 τὴν
356 1613 528 1693 βασιλείαν
549 1613 656 1673 καλεῖ·
672 1605 767 1699 Ιῶστε
788 1607 831 1673 σύ
846 1611 908 1693 μὲν
929 1606 1117 1695 προελάσας

106 1704 346 1792 παραλάμβανε
360 1701 423 1791 τὴν
441 1701 563 1789 ἀρχήν,
578 1709 832 1790 τεταραγμένοις
845 1718 913 1783 τοῖς
924 1705 1117 1792 πράγμασιν

31 1823 36 1834 “
108 1809 294 1891 ἐπιφανείς·
321 1799 342 1889 ἡ
356 1801 440 1887 κόρη
458 1805 497 1870 δέ
510 1821 562 1868 σοι
578 1801 720 1869 κατόπιν
734 1805 785 1870 έπλ
805 1811 873 1870 τῶν
890 1801 1027 1889 ἁμαξῶν
1041 1804 1117 1872 ἑπέ-

108 1913 197 1971 σθω·
219 1903 305 1990 ῥᾷον
321 1897 386 1986 γάρ
403 1898 509 1978 οὕτως
526 1898 684 1985 προσάξει
698 1907 925 1983 Βοσπορανῶν
939 1898 1020 1978 τούς
1034 1908 1117 1968 πολ-

109 1998 187 2079 λούς
200 1999 334 2078 ἰδόντας
347 1996 409 2086 τὴν
421 1998 636 2082 Λευκάνορος
646 1999 827 2082 θυγατέρα.
850 1994 915 2080 έγω
930 1996 967 2062 δέ
980 1992 1117 2072 Ἀλανός

108 2103 143 2167 τέ
163 2105 228 2184 εἰμι
247 2101 302 2167 καλ
327 2104 367 2186 τῇ
391 2098 483 2164 παιδί
507 2095 610 2183 ταύτῃ
628 2092 794 2180 συγγενὴς
814 2092 1001 2180 μητρόθεν·
1035 2090 1115 2174 παρ’

106 2195 201 2285 ἡμῶν
216 2195 280 2282 γάρ
298 2189 406 2264 οὖσαν
425 2191 488 2281 τὴν
503 2194 700 2278 Μάστειραν
716 2191 857 2280 ἠγάγετο
879 2192 897 2261 ό
913 2192 1116 2278 Λευκάνωρ·

107 2297 160 2362 καὶ
176 2302 240 2362 νῦν
257 2316 310 2361 σοι
324 2292 395 2380 ἥκω
411 2289 501 2378 παρά
515 2301 582 2360 τῶν
598 2301 656 2378 τῆς
671 2298 862 2378 Μαστείρας
876 2288 1033 2375 άδελφῶν
1048 2298 1116 2358 τῶν

107 2397 143 2462 έν
163 2390 296 2482 Ἀλανίᾳ
316 2389 637 2477 παρακελευομένων
659 2393 710 2461 ότι
734 2393 868 2478 τάχιστα
891 2390 1047 2460 ἐλαύνειν
1064 2392 1117 2457 έπὶ

106 2490 165 2560 τόν
180 2491 357 2579 Βόσπορον
372 2495 426 2562 καὶ
440 2490 484 2579 μὴ
502 2496 663 2578 περιιδεῖν
678 2489 722 2570 ῶς
734 2489 901 2578 Εὐβίοτον
915 2495 1117 2576 περιελθοῦ·

107 2611 172 2657 σαν
186 2592 247 2677 τὴν
261 2589 384 2678 άρχήυ,
400 2587 437 2670 δς
451 2589 594 2676 ἀδελφός
614 2586 662 2658 ῶν
675 2593 780 2670 νόθος
792 2590 1008 2673 Λευκάνορος
1023 2588 1118 2655 Σκύ-

107 2697 186 2766 θαις
199 2689 261 2774 μέν
273 2686 323 2758 άελ
339 2697 435 2774 φίλος
450 2691 555 2772 ἐστίν,
574 2687 723 2768 Ἀλανοῖς
738 2692 775 2756 δέ
794 2687 983 2775 ἀπέχθεται.
1015 2693 1117 2754 ταῦτα

108 2788 145 2852 δέ
165 2791 278 2869 ἔλεγεν
299 2783 317 2853 ὁ
335 2786 514 2872 Μακέντης
535 2786 720 2873 ὁμόσκευος
744 2790 798 2855 καὶ
823 2785 1032 2872 ὁμόγλωττος
1049 2798 1117 2862 τοῖς

104 2881 253 2960 Ἀλανοῖς
274 2881 335 2949 ῶν·
369 2881 466 2950 κοινά
489 2884 554 2970 γάρ
580 2891 684 2950 ταῦτα
706 2882 854 2962 Ἀλανοῖς
875 2884 930 2951 καὶ
950 2883 1116 2968 Σκύθαις,

107 2980 196 3068 πλὴν
212 2979 263 3050 ότι
281 2979 322 3050 ού
338 2982 430 3049 πάνυ
444 2990 592 3069 κομῶσιν
607 2986 641 3048 oc
653 2979 783 3048 Ἀλανοὶ
800 2980 911 3066 ῶσπερ
926 2987 960 3050 οἱ
969 2981 1116 3049 Σκύθαι.

108 3079 191 3149 άλλά
204 3077 221 3148 ὁ
233 3081 412 3167 Μακέντης
422 3083 477 3149 καὶ
488 3087 585 3149 τοῦτο
597 3090 729 3150 είκαστο
740 3078 852 3160 αὐτοῖς
863 3083 917 3149 καί
929 3078 1118 3164 άποκεκάρ-

108 3207 158 3249 κει
175 3188 232 3268 τῆς
248 3182 352 3268 κόμης
369 3181 497 3250 ὁπόσον
516 3175 601 3258 εἰκός
617 3172 661 3265 ἦν
677 3184 813 3247 ἔλαττον
828 3185 936 3264 κομᾶν
953 3176 1013 3245 τόν
1024 3176 1119 3247 Ἀλα-

108 3277 170 3346 νόν
184 3286 245 3348 τοῦ
256 3281 416 3350 Σκύθου·
442 3281 525 3348 ῶστε
540 3277 728 3347 ἐπιστεύετο
744 3275 798 3345 διά
814 3285 917 3345 ταῦτα
927 3284 1120 3363 Μαστείρας

109 3380 162 3446 καὶ
173 3385 324 3460 Μαζαίας
335 3379 500 3468 συγγενὴς
515 3377 609 3448 εἶναι.
631 3383 681 3446 52.
696 3381 761 3446 Καὶ
776 3385 851 3464 νῦν,
868 3383 942 3465 ἔφη,
960 3369 1119 3463 ῶἈδύρ-
