2575 3842
183 183 225 248 64
544 188 843 248 ΛΟΥΚΙΑΝΟΤ

182 354 306 435 ἔφασκε
320 343 378 424 τάς
392 353 460 413 τῶν
474 342 616 431 ἀσεβῶν,
633 344 692 422 τάς
704 354 856 434 πλησίον,
869 347 944 434 Ἀφ’
961 342 1020 434 ὦν,
1036 355 1111 436 ἔφη,
1126 350 1190 438 ἤδη

181 446 218 516 τό
234 444 321 514 πολύ
342 451 410 530 πῦρ
426 441 507 533 ὁρᾷς
521 443 720 529 παιόμενον,
745 446 822 531 ἕκτη
844 446 879 514 δέ
893 450 1001 534 ε’κείνη
1018 455 1086 515 τῶν
1101 444 1192 516 ὀνεί-

116 560 164 614 125
183 572 254 632 ρων
277 541 297 630 ή
320 541 431 620 πόλις·
464 538 545 626 μετά
564 541 691 626 ταύτην
708 542 744 609 δὲ
763 539 783 627 ή
805 549 862 628 τής
880 552 1062 625 Καλυψοῦς
1079 552 1190 630 νῆσος,

182 641 255 712 ἀλλ’
272 640 404 709 οὐδέπω
416 660 469 706 σοι
484 645 646 724 φαίνεται.
669 638 804 733 ἐπειδάν
816 641 851 709 δὲ
862 641 983 720 ταύτας
996 644 1191 726 παραπλεύ-

181 763 259 830 σης,
278 740 351 806 τότε
365 735 407 824 δή
421 735 521 825 ἀφίξη
534 739 566 814 ἐς
580 735 643 821 τήν
652 738 801 823 μεγάλην
811 736 952 824 ἤπειρον
962 737 1024 826 τήν
1035 744 1190 808 ἐναντίαν

181 849 222 929 τή
236 835 297 924 ὑφ’
320 835 417 922 ύμῦν
432 837 689 921 κατοικουμένη·
717 838 866 901 ἐνταῦθα
880 834 921 922 δή
943 836 1049 905 πολλά
1068 834 1190 905 παθόν

182 940 238 1008 καὶ
252 942 385 1004 ποικίλα
408 940 492 1018 ἔθνη
507 930 655 1002 διελθών
671 933 725 1001 καὶ
746 931 941 1018 ἀνθρώποις
957 931 1104 1019 ἀμίκτοις
1118 937 1191 1002 ἐπι-

183 1034 331 1122 δημήσας
346 1032 454 1121 χρόνῳ
475 1030 554 1098 ποτὲ
572 1028 661 1116 ήξεις
678 1037 724 1108 είς
742 1028 805 1116 τήν
820 1032 936 1117 ἑτέραν
951 1030 1099 1118 ήπειρον.
1132 1058 1190 1099 το-

182 1141 287 1203 σαῦτα
299 1129 377 1198 εἶπε.
394 1135 443 1197 28.
458 1131 512 1195 καὶ
523 1125 718 1205 ἀνασπάσας
729 1125 795 1194 ἀπὸ
806 1135 863 1213 τής
873 1135 932 1214 γῆς
942 1129 1088 1214 μαλάχης
1099 1133 1190 1214 ῥίζαν

184 1231 287 1318 ἀρεξέ
299 1255 370 1316 μοι,
391 1227 495 1314 ταύτη
515 1224 673 1303 κελεύσας
691 1227 727 1292 ε’ν
747 1240 815 1303 τοῖς
834 1232 998 1311 μεγίστοις
1018 1226 1190 1304 κινδύνοις

182 1328 447 1413 προσεύχεσθαι·
479 1323 647 1411 παρῄνεσε
662 1321 699 1390 δὲ
724 1325 779 1390 καὶ
804 1332 934 1391 εἴποτε
953 1322 1134 1410 ἀφικοίμην
1158 1326 1191 1401 ἐς

182 1428 282 1514 τήνδε
299 1422 360 1510 τήν
374 1429 455 1509 γῆν,
476 1421 557 1507 μήτε
572 1427 640 1507 πῦρ
655 1428 798 1510 μαχαίρᾳ
819 1421 994 1490 σκαλεύειν
1011 1424 1092 1510 μήτε
1106 1425 1190 1506 θέρ-

183 1551 268 1612 μους
282 1525 410 1590 έσθίειν
431 1519 511 1605 μήτε
525 1519 618 1586 παιδί
634 1516 720 1601 ῦτιέρ
735 1517 775 1586 τά
797 1517 1020 1588 ὀκτωκαίδεκα
1035 1528 1090 1608 έτη
1105 1531 1190 1607 πλη-

184 1623 322 1702 σιάζειν·
357 1619 486 1686 τούτων
506 1616 569 1705 γάρ
588 1612 631 1685 ἀν
651 1622 865 1706 μεμνημένον
882 1622 1014 1700 ἐλπίδας
1030 1627 1116 1707 ἔχειν
1131 1629 1190 1706 της

185 1717 276 1798 είς
185 1745 302 1804 ετην
316 1725 421 1803 νῆσον
436 1713 585 1799 ἀφίξεως.
615 1715 689 1783 τότε
702 1711 821 1802 μὲν
779 1744 843 1784 ουν
858 1745 898 1784 τα
887 1715 1041 1803 περὶ
1007 1745 1067 1785 τον
1081 1726 1189 1786 πλοῦν

182 1813 491 1902 παρεσκευαζόμην,
509 1817 564 1881 καί
579 1816 649 1881 ἐπεὶ
663 1813 779 1899 καιρὸς
792 1807 852 1933 ήγ,
868 1815 1111 1935 συνειστιώμην
1126 1814 1189 1882 αύ-

182 1929 258 2036 τρῑς.
281 1939 320 2002 τη
306 1915 371 1982 δὲ
390 1913 529 1999 έπιούση
544 1909 744 2000 προσελθών
759 1911 842 1996 πρὸς
855 1911 1003 2001 ’Όμηρον
1017 1911 1078 1980 τόν
1092 1939 1190 1998 ποιη·

182 2012 245 2101 τήν
258 2013 403 2100 ἐδεήθην
418 2010 523 2080 αύτου
509 2020 675 2098 ποιῆσαί
682 2039 739 2099 μοι
753 2017 898 2098 δίστιχον
911 2016 1112 2099 ἐπίγραμμα·
1134 2014 1189 2079 καὶ

183 2113 294 2199 ἐπειδὴ
314 2118 461 2200 ἐποίησε,
476 2114 600 2199 στήλην
614 2113 787 2199 βηρύλλου
798 2118 900 2181 λίθου
915 2110 1102 2199 ἀναστήσας
1113 2115 1190 2179 έπέ-

181 2228 294 2303 γραψα
310 2212 392 2299 πρὸς
408 2219 453 2302 τοῦ
471 2215 589 2298 λιμένι.
612 2209 649 2278 τὰ
665 2211 701 2279 δέ
718 2214 904 2298 ἐπίγραμμα
919 2205 963 2297 ήν
976 2212 1124 2279 τοιόνδε·

188 2335 191 2344 “
266 2310 455 2389 Λουκιανὸς
466 2311 544 2378 τάδε
555 2311 663 2376 πάντα
674 2316 770 2395 φίλος
779 2311 962 2396 μακάρεσσι
973 2321 1104 2379 θεοῖσιν

268 2408 335 2476 εἶδέ
346 2435 380 2476 τε
396 2410 451 2477 καὶ
466 2408 567 2477 πάλιν
579 2404 687 2494 ήλθεν
702 2406 761 2494 ἑήν
777 2411 809 2486 ές
824 2413 965 2494 πατρίδα
980 2423 1088 2494 γαίαν.

115 2519 164 2574 126
181 2515 231 2578 29.
249 2514 363 2595 μείνας
378 2509 414 2576 δὲ
429 2506 586 2592 κάκείνην
602 2505 666 2593 τήν
679 2504 806 2594 ἡμέραν
821 2515 879 2594 τής
895 2508 1051 2594 ἐπιούσης
1063 2506 1190 2593 ἀνηγό-

182 2633 250 2693 μην
261 2613 329 2673 τιῦν
338 2603 459 2692 ήριύων
470 2606 769 2692 παραπεμπόντων.
783 2613 868 2674 ἔνθα
879 2633 935 2691 μοι
944 2610 1000 2674 καὶ
1009 2604 1189 2684 Ὀδυσσεύς

182 2704 382 2792 προσελθών
397 2703 509 2793 λάθρᾳ
523 2712 580 2791 τής
588 2706 788 2792 Πηνελόπης
803 2711 940 2775 δίδωσιν
954 2702 1131 2791 ἐπιστολήν
1143 2711 1189 2782 είς

178 2801 337 2889 Ὠγυγίαν
349 2801 410 2890 τήν
420 2809 526 2889 νήσου
537 2811 695 2885 Καλυψοῖ
706 2810 860 2889 κομίζειν.
884 2806 1074 2889 συνέπεμψε
1084 2805 1125 2870 δέ
1132 2828 1189 2888 μοι

182 2900 199 2969 ὁ
212 2900 442 2987 Ῥαδάμανθυς
453 2899 513 2969 τόν
525 2906 679 2988 πορθμέα
693 2904 882 2988 Ναύπλιον,
896 2900 936 2970 ἵν’
949 2909 980 2971 εί
988 2907 1190 2987 καταχθείη-

180 3026 243 3087 μεν
257 3003 289 3078 ἐς
302 2997 360 3078 τάς
374 2999 515 3085 νήσους,
530 3003 642 3086 μηδεὶς
659 2999 745 3087 ἡμᾶς
759 3002 909 3092 ουλλάβη
924 3000 981 3071 ἀτε
995 2999 1069 3071 κατ’
1082 3001 1189 3087 ἀλλην

181 3101 343 3184 ἐμπορίαν
355 3104 605 3177 καταπλέοντας.
629 3103 700 3168 ἐπεὶ
715 3102 751 3168 δέ
762 3100 822 3169 τόν
833 3100 943 3189 εύεύδη
956 3100 1037 3187 ἀέρα
1049 3102 1190 3187 προδόν·
1279 3104 1280 3123 δ

179 3223 232 3274 τες
244 3197 543 3283 παρεληλύθειμεν,
556 3196 672 3264 αὐτίκα
682 3197 768 3286 ἡμᾶς
777 3199 864 3288 ὀσμή
874 3227 909 3269 τε
921 3199 1014 3286 δεινή
1028 3204 1189 3286 διεδέχετο

180 3290 253 3363 οἷον
267 3295 441 3381 ἀσφάλτου
457 3298 510 3363 καὶ
525 3304 623 3364 θείου
638 3299 692 3365 καὶ
705 3304 818 3384 πίττης
831 3297 899 3385 ἀμιι
911 3302 1117 3385 καιομένων,
1132 3301 1187 3366 καὶ

179 3407 277 3461 κνίσα
300 3393 336 3461 δὲ
355 3391 485 3480 πονηρά
509 3396 562 3460 καὶ
585 3393 752 3482 ἀφόρητος
776 3395 886 3483 ὥσπερ
911 3393 969 3464 ἀπ’
992 3395 1187 3483 ἀνθρώπων

461 3714 490 3747 f
