2575 3842
188 225 249 289 158
542 231 843 291 ΛΟΤΚΙΑΝΟΥ

186 388 241 457 καὶ
256 393 454 471 πορφυροῦς
463 387 633 472 πλόκαμος
648 391 704 455 καὶ
720 395 858 467 Μίνωος
868 389 1035 477 πόροςκαὶ
1048 393 1122 474 περὶ
1132 391 1191 479 τὴν

187 483 355 570 εὐεργέτιν
375 482 562 572 ἀχαριστία·
592 481 641 563 οἷς
659 491 730 571 ἑξῆς
752 484 769 553 ὁ
793 486 970 575 Κιθαιράν
991 492 1046 557 καὶ
1066 488 1105 556 τά
1123 499 1193 576 Θη-

185 590 292 668 βαίων
311 584 367 650 καὶ
381 585 603 668 Λαβδακιδῶν
623 585 720 669 πάθη
738 586 792 651 καὶ
808 584 948 671 Κάδμου
965 589 1119 674 ἐπιδημία
1139 591 1194 655 καὶ

117 689 169 746 29³
187 680 266 770 βοός
285 681 421 759 ὄκλασις
436 684 492 749 καὶ
507 679 616 767 όφεως
637 679 772 761 ὀδόντες
785 686 839 749 καὶ
853 691 1021 769 Σπαρτῶν
1035 683 1196 764 ἀνάδοσις

186 783 240 848 καὶ
255 773 357 857 αὖθις
373 787 433 846 τοῦ
450 779 591 866 Κάδμου
613 783 661 857 είς
674 780 839 863 δράκοντα
857 781 1020 868 μεταβολὴ
1037 783 1091 849 καλ
1111 781 1197 870 πρὸς

186 878 293 962 λύραν
309 887 440 962 τείχισις
454 878 509 943 καὶ
523 883 625 962 μανία
643 884 708 944 τοῦ
721 888 910 962 τειχοποιοῦ
930 881 984 946 καὶ
1000 887 1058 965 τῆς
1073 905 1194 966 γυναι-

187 975 245 1055 κός
260 973 365 1043 αὐτοῦ
379 983 436 1061 τῆς
450 974 579 1061 Νιόβης
592 973 613 1060 ἡ
630 982 833 1060 μεγαλαυχία
846 979 901 1043 καλ
914 973 934 1062 ἡ
948 978 1000 1043 ἐπὶ
1014 985 1061 1067 τῷ
1074 979 1192 1045 πένθει

187 1071 262 1159 σιγὴ
285 1076 339 1140 καὶ
355 1071 396 1140 τά
410 1076 570 1150 Πενθέως
590 1076 645 1140 καλ
665 1072 861 1152 Ἀκταίωνος
882 1077 937 1142 καλ
957 1073 997 1141 τά
1017 1081 1195 1152 Οἰδίποδος

188 1177 241 1242 καλ
254 1171 417 1257 Ἡρακλῆς
429 1168 494 1238 σύν
504 1185 572 1248 τοϊς
583 1169 703 1249 άθλοις
713 1171 817 1238 αύτοῦ
828 1170 930 1239 ἅπασι
940 1175 996 1239 καὶ
1005 1170 1026 1258 ἡ
1036 1181 1104 1240 τοῖν
1114 1179 1195 1240 παί-

188 1278 258 1340 δων
275 1271 397 1355 σφαγή.
421 1274 471 1336 42.
488 1267 553 1336 εἶθ’
571 1267 592 1355 ἡ
607 1268 779 1356 Κόρινθος
793 1275 876 1337 πλέα
891 1275 945 1338 καί
960 1270 1044 1358 αὕτη
1059 1272 1193 1358 μύθων,

149 1377 157 1392 “
187 1368 249 1456 τὴν
265 1370 424 1452 Γλαύκην
439 1369 493 1434 καλ
506 1365 566 1434 τόν
580 1371 731 1451 Κρέοντα
749 1373 893 1453 ἔχουσα,
909 1371 963 1436 καὶ
976 1367 1035 1436 τὸν
1048 1367 1114 1451 πρὸ
1130 1366 1191 1434 αύ-

187 1465 535 1550 τῦνΒελλεροφόντην
544 1465 598 1531 καλ
607 1462 669 1549 τὴν
679 1469 889 1553 Σθενέβοιαν
898 1470 952 1534 καὶ
960 1465 1075 1535 Ἡλίου
1083 1467 1191 1553 μάχην
1228 1509 1231 1513 -

187 1567 243 1633 καλ
256 1566 483 1646 Ποσειδῶνος,
497 1563 552 1627 καὶ
565 1559 648 1646 μετά
661 1571 764 1630 ταῦτα
774 1562 836 1650 την
848 1562 1054 1649 Ἀθάμαντος
1069 1571 1195 1651 μανίαν

188 1665 243 1730 καὶ
266 1669 333 1728 τῶν
353 1661 507 1744 Νεφέλης
528 1663 658 1726 παίδων
680 1662 733 1728 έπλ
752 1667 813 1727 τοῦ
835 1668 934 1747 κριοῦ
956 1658 1019 1747 τὴν
1045 1663 1196 1744 διαέριον

189 1757 319 1844 φυγήν,
331 1753 434 1833 Ἰνοῦς
445 1759 500 1823 καὶ
513 1759 721 1839 Μελικέρτου
732 1755 911 1843 ὑποδοχήν.
934 1763 984 1825 43.
1002 1760 1053 1825 ἐπὶ
1064 1757 1194 1834 τούτοις

188 1854 229 1924 τά
240 1858 439 1922 Πελοπιδῶν
451 1856 506 1922 καὶ
517 1859 680 1940 Μυκῆναι
694 1856 750 1923 καλ
760 1851 799 1921 τά
811 1858 848 1923 έν
862 1853 976 1934 αύταίς
986 1857 1041 1922 καὶ
1051 1851 1116 1937 πρὸ
1129 1851 1194 1919 αύ-

187 1963 272 2040 τῶν,
298 1950 425 2038 Ἴναχος
445 1956 500 2019 καὶ
522 1949 570 2019 Ἰὠ
594 1954 650 2019 καὶ
671 1949 688 2018 ὁ
712 1950 862 2037 φρουρός
882 1951 983 2039 αὐτῆς
998 1950 1119 2035 Ἀργος
1138 1952 1192 2016 καὶ

119 2064 171 2119 λ94
188 2049 317 2135 Ἀτρεύς
331 2053 386 2120 καὶ
398 2054 542 2135 Θυέστης
556 2053 610 2117 καὶ
625 2047 782 2136 Ἀερόπη,
797 2053 852 2118 καλ
862 2049 898 2119 τό
912 2057 1061 2137 χρυσοῦν
1075 2046 1196 2132 ἀρνίου

188 2151 243 2218 καὶ
257 2156 440 2226 Πελοπείας
455 2147 559 2234 γάμος
573 2148 628 2214 καλ
644 2143 886 2231 Ἀγαμέμνονος
903 2145 1014 2231 σφαγὴ
1029 2148 1085 2214 καὶ
1099 2152 1195 2212 Κλυ-

188 2247 410 2334 ταιμνήστρας
427 2253 580 2332 τιμωρία·
615 2247 671 2312 καλ
693 2250 740 2312 ἔτι
755 2242 819 2330 πρὸ
839 2246 969 2312 τούτων
991 2243 1095 2329 ἡτῶν
1112 2240 1194 2309 ἑπτά

189 2353 340 2431 λοχαγῶν
366 2351 519 2427 στρατεία
544 2347 599 2411 καλ
622 2340 643 2429 ἡ
670 2350 738 2408 τῶν
763 2344 926 2428 φυγάδων
950 2348 1112 2428 γαμβρῶν
1131 2347 1195 2406 τοῦ

186 2443 367 2527 Ἀδράστου
382 2440 528 2527 ὑποδοχὴ
546 2444 600 2508 καὶ
615 2438 633 2508 ὁ
650 2441 701 2507 ἐπ’
719 2440 832 2520 αὐτοῖς
853 2439 998 2528 χρησμός
1016 2443 1071 2507 καὶ
1088 2436 1108 2524 ἡ
1125 2445 1195 2504 τῶν

190 2541 363 2608 πεσόντων
377 2539 499 2624 ἀταφία
514 2543 570 2608 καὶ
586 2537 779 2625 Ἀντιγόνης
795 2538 849 2608 διά
871 2547 976 2607 ταῦτα
993 2541 1048 2605 καὶ
1063 2544 1195 2603 Μενοι-

189 2642 272 2716 κέως
288 2636 446 2706 ἀπώλεια.
480 2644 530 2706 44.
548 2642 604 2708 καλ
623 2636 663 2706 τά
684 2641 721 2705 έν
735 2641 848 2726 Νεμέα
862 2640 898 2707 δέ
919 2635 1115 2724 ἡῬψιπύλη
1136 2635 1193 2699 καὶ

192 2740 396 2824 Αρχέμορος,
424 2735 668 2823 ἀναγκαιότατα
688 2744 734 2827 τῷ
758 2735 900 2825 ὀρχηστῇ
922 2732 1191 2823 μνημονεύματα.

190 2839 243 2904 καὶ
253 2833 318 2922 πρὸ
328 2832 441 2902 αύτίυ
452 2844 571 2904 εἴσεται
582 2834 644 2921 τὴν
655 2837 792 2922 Δανάης
801 2839 1029 2918 παρθένευσιν
1039 2835 1094 2901 καὶ
1103 2839 1194 2916 Περ-

189 2939 272 3014 σέως
292 2938 452 3022 γέννησιν
469 2937 524 3003 καλ
543 2930 602 3002 τόν
624 2935 677 3000 έπλ
700 2932 758 3011 τάς
777 2933 950 3018 Γοργόνας
970 2927 1081 3000 ἆθλον
1103 2926 1194 3018 αὐτῷ

189 3035 440 3122 προῃρημένον,
457 3024 485 3121 ᾦ
499 3036 601 3099 ολκεία
615 3028 702 3116 καὶὴ
720 3030 901 3117 Αἰθιοπικὴ
917 3030 1067 3117 διήγησις
1074 3036 1194 3114 ,Κασ-
1280 3110 1281 3113 ¹

190 3139 318 3200 σιέπεια
338 3134 394 3199 καὶ
417 3129 619 3216 Ἀνδρομέδα
639 3132 693 3197 καὶ
714 3129 867 3216 Κηφεύς,
898 3126 958 3207 ούς
980 3130 1038 3196 καὶ
1060 3127 1194 3210 ἀστροις
1280 3120 1281 3125 ¹

190 3232 397 3316 ἐγκατέλεξεν
411 3226 432 3315 ἡ
448 3236 515 3295 τῶν
529 3225 610 3314 μετὰ
624 3233 729 3295 ταῦτα
739 3235 855 3308 πίστις.
878 3224 1017 3296 κάκεῖνα
1028 3230 1064 3296 δέ
1076 3224 1117 3293 τά
1132 3222 1195 3308 ἀρ-

189 3341 264 3411 χαῖα
279 3325 319 3393 τά
333 3325 507 3411 Αίγύπτου
524 3326 581 3393 καὶ
594 3332 734 3395 Δαναοῦ
749 3334 870 3395 εἴσεται
886 3329 940 3394 καλ
955 3324 1017 3412 τὴν
1031 3322 1193 3392 ἐπιθαλά-

189 3449 268 3508 μιον
288 3426 476 3510 ἐπιβουλήν.
509 3428 561 3492 45.
588 3422 651 3492 οῦκ
671 3422 765 3509 όλίγα
788 3423 824 3491 δὲ
850 3426 906 3492 καὶ
927 3422 948 3510 ἡ
972 3426 1194 3510 Λακεδαίμων
