2575 3842
199 217 261 278 146
546 224 853 285 AOPKIANOT

197 378 381 457 κροτοῦντά
402 404 437 445 τε
453 382 589 465 προσέτι
608 384 663 449 καὶ
677 386 833 462 ἐπαίνους
848 382 1115 471 ἀπρεπεστάτους
1129 392 1203 457 ἐπι-

197 478 328 557 βοῶντα
353 473 496 568 ὀλεθρίῳ
524 481 589 546 τινὶ
616 478 787 571 άνθρύπω
812 484 845 560 ἐς
871 482 971 552 οὐδὲν
994 488 1072 553 δέον
1100 513 1201 553 κατα·
1244 502 1246 506 ’

196 572 362 660 κλωμένω.

280 674 378 734 ΛΥΚ.
401 673 610 755 Συγγνωστά
624 694 688 741 σου
702 682 821 760 ταῦτα,
839 670 1028 765 ωΚράτων.
1053 687 1082 749 εί
1095 685 1134 747 δέ
1143 707 1200 765 μοι

196 773 366 882 πεισθείης
379 769 459 834 ποτὲ
474 769 565 837 καλ”
545 790 627 837 οσον
642 776 791 859 πείρας”
771 800 868 842 ενεκα
884 778 1065 897 παράσχοις
1080 774 1201 845 ἔαυτόν

196 854 404 939 άναπετάσας
419 860 498 941 τούς
518 863 732 952 ὀφθαλμούς,
756 896 795 936 εν
783 864 923 937 οἶδα*
901 900 946 951 ως
961 873 1024 940 οὐκ
1041 872 1199 959 ἀνάσχοιο

196 950 240 1022 άν
253 983 297 1042 μη
286 954 382 1075 οὐχὶ
398 958 462 1045 πρὸ
484 970 551 1029 τῶν
566 963 678 1033 ἄλλων
692 971 777 1033 θέαν
791 971 829 1035 ἐν
842 972 1017 1088 ἐπιτηδείῳ
1032 978 1199 1056 καταλαμ-

127 1062 179 1116 270
198 1050 327 1138 βάνων,
345 1054 430 1125 ὅθεν
445 1059 532 1127 καὶ”
513 1073 586 1141 ογει
603 1060 748 1150 ἀκριβῶς
764 1064 849 1132 καὶ’
831 1067 959 1155 ακούση
975 1066 1113 1134 ἅπαντα.

278 1158 406 1220 ΚΡΑΤ.
421 1154 522 1242 Mo}w
494 1178 620 1244 ωρασιν
634 1158 699 1245 άρα
710 1166 853 1249 ἱκοίμην,
870 1173 903 1231 εί
909 1190 940 1231 τι
950 1171 1103 1231 τοιοῦτον
1115 1162 1194 1231 άνα

195 1253 334 1333 σχοίμην
348 1257 441 1338 ποτέ,
457 1251 563 1320 ἐστ’”
541 1282 585 1322 αν
600 1258 704 1335 δασύς
716 1284 751 1325 τε
766 1269 838 1345 είην
852 1287 892 1327 τα
880 1258 1003 1347 σκέλη
1018 1259 1121 1329 καὶ
1087 1288 1124 1328 το
1141 1264 1195 1346 γέ-

194 1369 287 1411 νειον
304 1344 540 1434 ἀπαράτιλτος·
569 1351 612 1432 εός
633 1363 699 1422 νῦν
719 1360 825 1441 γεκαὶ
844 1356 880 1425 σέ
896 1356 960 1445 ηδη
981 1360 1061 1425 ἐλεῶ
1080 1361 1196 1434 τελέως

194 1436 274 1525 ἡμῖν
288 1445 599 1532 ἐκβεβακχευμένον

278 1547 307 1607 6.
315 1548 414 1609 ΛΤΚ.
424 1541 597 1613 Βούλει
554 1572 618 1614 ουν
626 1544 866 1639 άφέμευος,ό”
849 1560 1040 1671 εταίρε,των
1048 1560 1197 1639 βλασφη-

194 1660 280 1718 μιων
301 1637 429 1705 τούτων
451 1638 596 1712 ἀκοῦσαί
613 1648 680 1731 μού
707 1674 737 1717 τι
761 1652 836 1769 περι
859 1647 1023 1735 ὀρχήσεως
1044 1651 1198 1733 λέγοντος

195 1731 249 1796 καὶ
262 1738 330 1798 τῶν
345 1736 383 1800 ἐν
394 1733 479 1823 αὐτῇ
492 1749 620 1828 καλῶν,
642 1744 736 1812 καί*
715 1772 759 1823 εις
772 1746 813 1813 06
828 1744 952 1831 τερπνὴ
966 1746 1089 1832 μόνον,
1112 1742 1196 1813 άλλά

194 1828 250 1893 καί
265 1824 430 1916 ωφέλιμός
444 1838 512 1903 ἐστι
526 1854 594 1918 τοῖς
607 1844 808 1929 θεωμένοις,
828 1841 918 1910 καλ”
899 1862 960 1910 οσα
978 1842 1127 1909 παιδεύει
1142 1843 1196 1907 καὶ

194 1918 255 1990 οσα
265 1927 413 1996 διδάσκει
422 1933 476 2000 και
484 1960 527 2013 ως
536 1938 743 2023 ῥυθμίζει
697 1966 764 2006 των
773 1965 929 2026 ορωντων
938 1966 995 2017 τας
1004 1935 1111 2024 ψυχας
1120 1946 1195 2004 καί

194 2026 316 2101 λίστοις
327 2025 495 2113 θεάμασιν
504 2035 754 2120 ἐγγυμνάζουσα
766 2039 821 2106 καὶ
830 2034 975 2125 άρίστοις
988 2034 1196 2121 άκούσμασιν

193 2120 446 2207 ἐνδιατρίβουσα
465 2130 519 2195 καὶ
533 2132 651 2197 κοινόν
669 2159 701 2199 τι
718 2141 824 2219 ψυχῆς
841 2136 896 2201 καὶ
910 2134 1060 2219 στόματος
1075 2133 1195 2209 κάλλος

193 2218 518 2307 ἐπιδεικνυμένης
483 2251 520 2291 το
533 2226 597 2313 γάρ
608 2228 689 2313 μετά
703 2240 864 2318 μουσικῆς
874 2234 929 2299 καὶ
943 2234 1078 2318 ῥυθμοῦ
1091 2236 1194 2297 ταῦτα

192 2314 302 2380 πάντα
322 2332 446 2404 ποιεῖν,
471 2320 514 2387 ού
533 2324 637 2409 ψόγος
653 2322 697 2393 άν
714 2326 830 2415 αὐτῆς,
856 2327 931 2397 ἀλλ’
956 2334 1090 2407 ἔπαινος
1110 2334 1195 2414 μᾶλ-

191 2418 252 2476 λον
268 2420 327 2496 είη.

274 2514 404 2577 ΚΡΑΤ.
430 2510 574 2599 Ἐμοὶ
538 2544 601 2602 μεν
629 2518 672 2587 ού
691 2524 784 2590 πάνυ
805 2522 904 2609 σχολη
926 2523 1110 2647 μεμηνότος
1131 2521 1193 2589 άν-

104 2615 107 2619 ’
190 2604 335 2722 θράπου
349 2606 537 2694 άκροάσθαι
553 2643 615 2703 την
632 2620 736 2688 νόσον
755 2620 816 2706 τὴν
833 2620 939 2689 αὑτοῦ
959 2624 1191 2697 ἐπαινοῦντος·
1228 2644 1235 2659 ·

192 2700 335 2773 σύδὲεί
305 2709 464 2793 είβούλει
483 2715 588 2798 λῆρόν
603 2742 678 2783 τινα
700 2721 940 2787 κατασκεδάσαι
955 2746 1037 2807 μου,
1063 2720 1193 2803 ἕτοιμος

190 2801 327 2889 φιλικην
339 2807 464 2892 ταύτην
475 2815 715 2899 λειτουργίαν
696 2826 878 2904 νποστῆναι
891 2821 946 2886 καὶ
960 2832 1142 2903 παρασχεῖν
1152 2816 1193 2884 τά

191 2892 274 2986 ότα,
288 2902 387 2971 καλ”
364 2930 448 2972 ανευ
465 2918 573 2993 κηροῦ
589 2916 795 2998 παρακούειν
808 2923 876 2982 τῶν
891 2915 1031 3001 φαύλων
1045 2916 1192 3003 δυνάμε-

119 3012 168 3068 2⁷1
190 3024 256 3076 νος
286 3020 369 3067 ωστε
387 3000 450 3090 ἤδη
466 3009 676 3098 σιωπήσομαί
688 3031 756 3097 σοι,
778 3016 832 3080 καί
852 3011 955 3098 λέγε’
942 3015 1049 3082 οπόσα
1065 3016 1192 3092 ἐθέλεις

189 3093 232 3173 ὡς
248 3097 367 3183 μηδε’
349 3100 531 3183 ακούοντός
544 3132 641 3187 τινος.

273 3200 301 3263 7
323 3204 422 3265 ΛΤΚ.
446 3195 500 3269 Εύ
519 3229 573 3290 γε,
600 3201 628 3272 τό
648 3208 805 3294 Κράτων,
832 3210 886 3277 καὶ
908 3209 1029 3278 τούτου
1050 3210 1192 3297 ἐδεόμην

187 3292 343 3409 μάλιστα·
368 3307 438 3385 εἴση
452 3298 517 3387 γάρ
537 3301 607 3427 μετ’
630 3303 745 3391 ὀλίγον
766 3312 795 3374 εί
814 3315 913 3394 λῆρος
929 3306 1016 3377 εἶναί
1029 3331 1083 3377 σοι
1103 3311 1192 3391 δόξει

186 3385 226 3456 τά
240 3393 477 3480 λεχθησόμενα
501 3401 555 3466 και
569 3409 702 3487 πρωτόν
716 3430 754 3489 γε
766 3402 929 3473 ἐκεῖνο
882 3430 974 3473 παυυ
988 3404 1191 3495 ηγνοηκέναι
