2575 3842
172 190 234 252 102
523 189 844 258 ΛΟΥΚΙΑΝΟΤ

171 356 233 417 τοῦ
244 355 426 425 νοσοῦντος
436 351 491 414 καὶ
505 355 636 434 κρᾶσιν,
648 348 702 413 καὶ
712 348 802 425 τίνος
813 356 965 428 πλείονος
974 351 1110 435 μετέχει,
1123 352 1176 415 καὶ

173 452 203 515 εί
213 446 420 531 θερμότερον
437 440 460 529 ἢ
474 444 697 529 ψυχρότερον,
713 448 767 512 καλ
779 441 957 531 άκμάζονῆ
975 445 1176 531 παρηβηκός,

171 548 226 612 καλ
238 549 321 629 μέγα
332 540 353 629 ἢ
364 544 496 629 μικρόν,
514 544 567 609 καὶ
579 541 712 627 πιμελὲς
725 538 747 625 ἢ
759 540 989 627 ὀλιγόσαρκον,
1006 543 1060 609 καὶ
1070 542 1176 607 πάντα

171 640 211 708 τά
222 648 367 707 τοιαῦτα,
389 641 443 706 καλ
456 638 541 716 ὅλως
552 637 595 704 άν
606 664 655 715 τις
666 635 749 704 αὐτοὶ
761 641 972 727 προεξετάσῃ,
985 638 1076 705 πάνυ
1087 635 1176 717 άξιό-

172 757 287 813 πιστος
297 731 340 802 ἂν
352 746 401 820 εἴη
412 733 676 820 άπογιγνάσκων
684 760 715 799 τι
726 729 748 817 ἢ
759 730 1031 819 ὑπισχνούμενος.
1047 740 1097 802 30.
1110 736 1176 800 ἐπεὶ

172 837 227 903 καὶ
241 840 298 918 τῆς
310 840 428 916 μανίας
444 829 545 916 αὐτῆς
558 836 660 915 μυρία
676 834 747 913 είδη
759 831 825 896 ἐστὶ
840 833 893 898 καλ
909 832 1103 917 παμπόλλας
1115 834 1177 914 ἔχει

173 930 231 1009 τὰς
252 936 355 1008 αἰτίας
377 934 432 997 καὶ
454 927 532 995 οὐδὲ
552 926 610 1006 τὰς
626 934 849 1012 προσηγορίας
866 925 968 1007 αῦτάς
985 927 1114 1016 ὁμοίας·
1137 925 1178 994 οῦ

172 1028 237 1116 γάρ
260 1025 383 1095 ταύτόν
403 1041 585 1114 παρανοεῖν
606 1028 661 1093 καὶ
683 1034 883 1111 παραπαίειν
902 1030 957 1095 καὶ
980 1036 1102 1095 λυττᾶν
1125 1030 1178 1095 καὶ

105 1148 154 1202 185
174 1127 372 1213 μεμηνέναι,
395 1122 478 1193 ἀλλά
492 1132 595 1191 ταῦτα
616 1124 724 1189 πάντα
739 1129 799 1189 τοῦ
814 1130 942 1208 μᾶλλον
960 1121 981 1210 ἢ
996 1118 1095 1210 ἧττον
1110 1130 1178 1209 ε”χε-

174 1236 255 1293 σθαι
269 1232 310 1312 τῇ
324 1223 413 1314 νόσῳ
428 1222 575 1311 ὀνόματά
592 1227 697 1291 ἐστιν·
721 1228 820 1289 αίτίαι
836 1249 871 1289 τε
891 1239 959 1302 τοῖς
974 1226 1035 1309 μέν
1052 1223 1179 1311 άνδρά-

173 1345 228 1390 σιν
244 1321 358 1407 άλλαι,
376 1338 445 1400 ταῖς
459 1325 495 1389 δὲ
510 1326 662 1408 γυναιξὶν
678 1323 804 1407 ἕτεραι,
820 1325 956 1389 καὶτῶν
971 1321 1104 1410 ἀνδρῶν
1116 1320 1178 1389 αό-

172 1429 240 1489 τῦν
255 1436 324 1498 τοῖς
340 1424 401 1505 μὲν
418 1427 504 1497 νέοις
519 1420 631 1505 άλλαι,
655 1434 722 1497 τοῖς
739 1419 774 1485 δὲ
790 1420 991 1505 γεγηρακόσι
1010 1421 1176 1504 διάφοροι,

174 1514 247 1585 οἷον
264 1522 351 1595 νέοις
365 1517 427 1602 μὲν
442 1526 570 1603 πλῆθος
582 1515 625 1594 ὡς
637 1515 673 1584 τδ
690 1516 794 1601 πολύ,
810 1521 968 1602 γέροντας
985 1518 1020 1585 δέ
1036 1520 1089 1585 καὶ
1104 1521 1178 1584 δια-

174 1612 255 1701 βολὴ
272 1612 407 1699 άκαιρος
421 1617 474 1681 καὶ
489 1612 570 1701 ὀργὴ
583 1614 702 1698 άλογος
718 1613 875 1690 πολλάκις
890 1613 961 1681 κατ’
976 1621 1105 1682 οίκείων
1121 1615 1177 1697 ἐμ-

174 1715 322 1775 πεσοῦσα
337 1708 373 1777 τδ
391 1713 452 1796 μὲν
466 1718 598 1794 πρῶτον
613 1710 820 1795 διετάραξεν,
842 1708 909 1776 εἶτα
927 1708 999 1777 κατ’
1016 1707 1129 1794 ὀλίγον
1146 1710 1179 1785 ές

174 1813 297 1893 μανίαν
311 1814 520 1895 περιέτρεψε·
543 1813 714 1893 γυναικῶν
731 1806 766 1872 δὲ
781 1804 886 1873 πολλὰ
903 1817 1109 1874 καθικνεῖται
1124 1809 1177 1873 καὶ

169 1907 297 1993 ’ῥᾳδίως
317 1907 350 1982 ἐς
368 1902 430 1989 τὴν
447 1904 551 1973 νόσον
573 1906 745 1990 ἐπάγεται,
766 1904 906 1989 μάλιστα
924 1904 959 1971 δέ
981 1918 1075 1989 μῖσος
1095 1900 1177 1969 κατά

173 2028 262 2080 τινος
277 2001 365 2069 πολὺ
385 1999 407 2088 ἦ
427 2003 558 2089 φθόνος
579 2000 629 2070 ἐπ’
648 2006 756 2090 ἐχθρῷ
775 1998 968 2085 εὐτυχοῦντι
988 1995 1113 2086 ἢλόπη
1130 2024 1176 2077 τις

172 2096 194 2186 ἢ
216 2097 319 2185 ὀργή·
359 2099 430 2167 κατ’
457 2099 572 2185 ὀλίγον
597 2106 701 2166 ταῦτα
723 2094 963 2182 ὑποτυφόμενα
984 2100 1038 2163 καλ
1063 2122 1175 2185 μακρω

172 2198 283 2287 χρόνῳ
298 2198 523 2283 ἐντρεφόμενα
538 2205 662 2283 μανίαν
673 2193 831 2262 ἀποτελεῖ.
854 2200 904 2262 31.
920 2194 1056 2261 τοιαῦτά
1072 2215 1134 2279 σοι,
1152 2187 1177 2261 ά

174 2294 295 2380 πάτερ,
311 2292 395 2379 καὶὴ
410 2295 496 2381 γυνὴ
509 2299 659 2363 πέπονθε
673 2296 728 2361 καὶ
739 2302 817 2370 ίσως
828 2320 859 2359 τι
874 2293 1058 2380 λελύπηκεν
1074 2291 1178 2378 αὐτὴν

174 2399 326 2476 ἔναγχος·
357 2390 478 2459 οὐδένα
494 2392 558 2479 γὰρ
575 2397 683 2478 ἐκείνη
705 2396 824 2478 ἐμίσει,
847 2390 935 2478 πλὴν
952 2399 1060 2479 ἔχεταί
1072 2420 1109 2479 γε
1124 2393 1178 2459 καὶ

174 2487 236 2557 οῦκ
251 2485 295 2554 άν
310 2491 346 2555 ἐκ
362 2497 430 2556 τῶν
445 2493 622 2577 παρόντων
638 2488 698 2557 ὑπ’
714 2496 830 2574 ἰατροῦ
847 2499 1101 2580 θεραπευθῆναι
1117 2491 1179 2557 δύ-

172 2610 283 2655 ναιτο·
312 2582 356 2663 ὡς
371 2597 404 2655 εί
413 2614 452 2673 γε
467 2587 565 2667 ἄλλος
580 2615 628 2666 τις
646 2586 840 2675 ὑπόσχοιτο,
859 2600 892 2658 εί
906 2618 954 2668 τις
971 2589 1177 2671 ἀπαλλάξειε,

174 2692 261 2773 μίσει
277 2685 351 2751 τότε
368 2683 411 2763 ὡς
428 2685 608 2755 άδικοῦντα
623 2691 687 2773 ε’μέ.
709 2691 763 2755 καὶ
774 2685 841 2773 μὴν
852 2686 1002 2773 κάκεῖνο,
1021 2682 1047 2754 οδ
1062 2687 1176 2770 πάτερ,

174 2782 237 2851 οὐκ
261 2779 305 2849 άν
328 2780 505 2871 ὀκνήσαιμι
524 2792 644 2871 εἰπεῖν,
672 2785 722 2853 ὅτι
744 2794 773 2854 εί
794 2790 847 2854 καὶ
870 2786 914 2873 μὴ
935 2789 1051 2863 τελέως
1072 2781 1178 2860 οὕτως

174 2881 378 2968 άπέγνωστο,
395 2880 478 2951 άλλά
489 2910 538 2962 τις
549 2891 595 2952 ἔτι
609 2892 771 2971 σωτηρίας
782 2888 872 2964 ε’λπὶς
888 2883 1101 2971 ὑπεφαίνετο,
1116 2883 1179 2949 οὐκ

172 2976 216 3049 άν
229 2978 317 3048 οὐδὲ
338 2979 427 3048 οὕτω
450 2986 571 3071 ῥηιδίως
590 2982 814 3069 προσηψάμην
835 2980 909 3049 οὐδ’
933 2975 977 3049 αὖ
999 2989 1179 3067 προχείρως

173 3080 352 3165 φάρμακον
373 3082 480 3166 ἐγχέαι
502 3082 665 3167 ἐτόλμησα
692 3079 808 3158 δεδιως
830 3080 892 3167 την
915 3081 1019 3165 τύχην
1042 3081 1097 3148 καὶ
1119 3076 1180 3163 την

173 3175 261 3259 παρὰ
285 3186 352 3243 των
367 3187 501 3246 πολλῶν
516 3184 718 3266 δυσφημίαν.
751 3176 831 3267 δρᾷς
849 3176 891 3257 ὡς
912 3188 1037 3247 οίοντοιι
1058 3177 1182 3255 πάντες

173 3274 260 3341 εἷναί
273 3301 304 3341 τι
325 3289 419 3360 μῖσος
442 3274 525 3361 πρός
547 3276 625 3355 τοῦς
648 3278 836 3364 προγόνους
853 3278 974 3355 πάσαις
994 3290 1181 3364 μητρυιαῖς,

105 3386 156 3443 186
174 3368 239 3439 κάν
257 3365 318 3438 οἶσι
332 3382 485 3460 χρησταί,
500 3383 558 3443 καί
567 3403 640 3443 τινα
655 3372 773 3462 κοινὴν
784 3385 909 3461 μανίαν
924 3377 1049 3463 ταύτην
1059 3402 1183 3461 γυναι·
