2575 3842
320 194 852 254 ΑΠΟΚΗΡῬΤΤΟΜΕΝΟΣ.
1050 192 1091 256 95

78 348 143 436 τὴν
159 352 284 420 λύτταν
301 354 507 433 ἐπιζέσαντος
523 360 584 419 τοῦ
599 353 742 432 πάθους.
765 356 819 423 καί
831 353 920 441 ὅμως
936 352 1018 440 πρός
1030 354 1090 423 οῦ-

78 447 137 515 δὲν
155 452 285 518 τούτων
300 448 482 536 ἀπώκνησα
498 449 578 518 οῦδὲ
593 450 824 536 ἀπεδειλίασα,
847 451 962 521 συνών
978 455 1013 521 δὲ
1034 456 1086 521 καί
1108 472 1157 530 174

77 545 190 612 πάντα
209 548 336 632 τρόπον
357 545 649 633 ἀντεξεταζόμενος
665 556 705 637 τῇ
727 550 817 640 νόσῷ
838 548 875 616 τό
900 559 1089 618 τελευταῖον

78 641 245 727 ἐκράτησα
258 651 305 733 τῷ
316 643 490 733 φαρμάκῷ.
515 650 565 713 17.
581 643 625 731 μή
638 643 703 731 γάρ
719 644 810 713 τοῦτ’
825 643 970 725 ἀκούσας
985 644 1089 724 εῦθῦς

77 736 247 826 ὑπολάβοι
262 768 327 825 τις,
348 755 441 820 ποῖος
462 743 498 808 δὲ
516 738 538 828 ἦ
554 744 657 821 πόσος
673 741 691 811 ὁ
712 742 858 829 κάματος
874 746 981 828 ἐγχέαι
999 743 1088 828 φάρ-

77 864 205 922 μακον;
227 838 332 907 πολλά
349 837 413 925 γάρ
429 837 493 924 πρδ
509 840 633 908 τούτου
642 844 802 925 γενέσθαι
818 842 933 908 δεῖκαὶ
943 844 1088 924 προοδο-

78 945 217 1024 ποιῆσαι
234 946 275 1026 τῇ
291 938 384 1006 πόσει
401 940 455 1006 καὶ
469 940 787 1022 προπαρασκευάσαι
802 938 984 1027 ῥηίδιον-είς
999 946 1088 1004 ῖασιν

77 1033 114 1101 τό
139 1043 235 1120 σῶμα
256 1037 382 1121 καὶτῆς
398 1033 527 1123 ἀπάσης
543 1040 640 1117 ἕξεως
658 1043 834 1122 φροντίσαι
854 1042 1019 1102 κενοῦντα
1034 1038 1088 1102 καὶ

77 1139 293 1218 ἰσχναίνοντα
308 1136 363 1201 καί
378 1129 427 1212 οἷς
442 1132 502 1220 χρὴ
518 1137 684 1220 τρέφοντα
700 1137 754 1203 καὶ
771 1141 930 1202 κινοῦντα
946 1138 991 1211 είς
1006 1131 1088 1200 ὅσον

77 1230 243 1317 χρήσιμον
259 1233 314 1298 καὶ
326 1229 455 1309 ὕπνους
470 1234 669 1300 ἐπινοοῦντα
681 1235 735 1300 καὶ
745 1230 882 1319 ἠρεμίας
892 1231 1087 1319 μηχανώμε·

78 1353 160 1412 νον,
182 1318 271 1416 ῷπερ
298 1332 332 1396 οί
344 1329 405 1414 μὲν
423 1328 505 1397 ἀλλο
526 1357 559 1397 τι
578 1337 759 1408 νοσοῦντες
777 1333 900 1419 ῥᾳδίως
918 1340 1088 1398 πεισθεῖεν

77 1422 139 1511 ἀν,
157 1428 193 1492 οί
200 1425 380 1510 μεμηνότες
390 1426 426 1493 δέ
440 1422 494 1493 διά
506 1423 569 1511 τὴν
580 1427 777 1507 ἐλευθερίαν
787 1434 847 1494 τοῦ
858 1435 922 1494 νοῦ
933 1425 1089 1511 δυσάγω-

80 1550 132 1591 υοι
147 1525 201 1590 καὶ
217 1521 452 1608 δυσηνιόχητοι
463 1524 518 1589 καλ
531 1530 577 1609 τῷ
592 1527 693 1611 ίατρῷ
707 1525 898 1609 ἐπισφαλεῖς
911 1526 965 1591 καὶ
976 1531 1016 1612 τῷ
1026 1532 1089 1589 θε-

79 1626 200 1708 ραπεία
212 1620 526 1704 δυσκαταγώνιστοι.
537 1616 620 1686 ὅταν
631 1627 717 1704 γοῦν
728 1621 887 1699 πολλάκις
896 1620 1088 1706 ποιήσωμεν

78 1714 142 1803 ἥδη
154 1723 296 1803 πλησίον
305 1719 463 1803 γενέσθαι
474 1724 536 1783 τοῦ
546 1718 662 1795 τέλους
673 1720 727 1784 καί
738 1721 932 1804 ἐλπίσωμεν,
943 1714 1087 1804 ἐμπεσόν

78 1842 109 1881 τι
124 1811 247 1900 μικρὸν
263 1811 440 1900 ἁμάρτημα
463 1814 714 1899 ἐπακμάσαντος
730 1822 790 1882 τοῦ
807 1816 939 1892 πάθους
956 1812 1085 1880 ἅπαντα

79 1915 202 2000 ῥαδίως
213 1913 321 1978 ἐκεῖνα
333 1910 492 1996 ἀνέτρεψε
507 1914 560 1979 καὶ
573 1910 751 1980 ἀνεπόδισε
766 1909 826 1997 τὴν
836 1918 1021 1996 θεραπείαν
1032 1911 1086 1976 καὶ

78 2007 141 2095 τὴν
157 2010 277 2093 τέχνην
293 2012 458 2094 διέσφηλε.
489 2012 538 2076 18.
559 2005 619 2076 τὸν
634 2000 699 2074 οῦν
718 2015 821 2075 ταῦτα
837 2008 944 2074 πάντα
960 2006 1087 2092 ῦπομε-

78 2106 246 2191 μενηκότα
266 2107 322 2173 καὶ
345 2104 434 2173 οὕτω
456 2113 587 2194 χαλεπῷ
613 2106 775 2191 νοσήματι
795 2108 1087 2190 προσπαλαίσαντα

79 2207 134 2273 καί
155 2205 267 2282 πάθος
283 2202 444 2273 ἁπάντων
464 2211 585 2272 παθών
604 2202 641 2269 τὸ
663 2202 934 2270 δυσαλωτότατον
950 2226 1086 2285 νενικη-
1107 2215 1155 2270 175

78 2302 161 2370 κότα
176 2307 224 2369 ἐτι
244 2301 351 2391 τούτῷ
369 2300 613 2388 ἀποκηρύττειν
632 2304 837 2387 ἐπιτρέψετε,
862 2300 918 2375 ,καὶ
932 2296 1011 2376 τούς
1028 2298 1089 2365 νό-

11 2481 12 2490 *
78 2426 164 2486 μους
182 2397 226 2477 ώς
246 2400 403 2486 βούλεται
420 2399 617 2486 ἑρμηνεύειν
632 2398 703 2468 κατ’
724 2396 900 2485 εὐεργέτου
914 2395 1088 2483 συγχωρή-

79 2519 154 2565 σετε
170 2501 225 2565 καὶ
240 2506 280 2585 ιη’
294 2498 395 2583 φύσει
409 2507 566 2583 πολεμεῖν
580 2494 686 2565 αὐτόν
702 2496 830 2578 ε’ἀσετε;
852 2494 917 2582 ἐγώ
932 2503 971 2585 τῇ
987 2497 1088 2581 φύσει

79 2597 301 2682 πειθόμενος,
327 2590 354 2663 ώ
371 2595 492 2679 ἀνδρες
509 2600 676 2681 δικασταί,
698 2596 789 2675 σώζω
807 2621 862 2662 και
876 2595 1087 2681 διαφυλάττω

79 2692 139 2761 τόν
159 2693 285 2775 πατέρα
302 2696 449 2783 ε’μαυτῷ,
469 2689 535 2775 κάν
549 2691 663 2781 ἀδικῇ·
692 2690 805 2761 οὑτοσὶ
821 2692 856 2760 δὲ
871 2691 930 2759 τδυ
954 2690 1087 2776 εύεργε-

79 2791 202 2877 τηκότα
213 2795 316 2858 παῖδα
324 2806 391 2869 τοῖς
402 2791 529 2879 νόμοις,
540 2790 583 2870 ώς
594 2812 708 2877 φησιν,
719 2788 920 2860 ἀκολουθῶν
931 2795 1088 2875 διαφθεί-

80 2916 130 2974 ρει
144 2890 201 2955 aaz
213 2896 275 2955 τοῦ
285 2890 405 2974 γένους
417 2888 599 2976 ἀποστερεῖ.
622 2890 779 2977 μισόπαις
790 2881 897 2974 οῦτος,
914 2886 977 2974 ἐγώ
990 2896 1088 2973 φιλο-

80 2988 195 3072 πάτωρ
212 2992 384 3073 γίγνομαι·
413 2987 478 3073 ε’γώ
497 2986 682 3075 τὴνφύσιν
705 2983 906 3071 ἀσπάζομαι,
930 2978 1028 3061 οὗτος
1047 2982 1087 3051 τά

81 3095 136 3171 τῆς
152 3085 286 3171 φύσεως
297 3094 428 3175 παρορᾷ
440 3089 494 3153 καὶ
508 3090 710 3172 καθυβρίζει.
736 3080 897 3168 ώπατρός
911 3090 1089 3168 μισοῦντος

81 3183 219 3262 ἀδίκως·
248 3179 411 3263 ώπαιδδς
431 3191 610 3269 φιλοῦντος
629 3183 842 3268 ἀδικώτερον.
879 3184 1007 3266 ἐγκαλῶ
1024 3178 1088 3267 γάρ

81 3287 229 3374 ἐμαυτῷ,
253 3290 312 3350 τοῦ
333 3279 457 3367 πατρὸς
474 3281 732 3368 ἀναγκάζοντος,
753 3280 806 3349 ὅτι
825 3279 1026 3368 μισούμενος
1048 3276 1090 3347 οὐ

81 3385 157 3449 δέον
173 3388 262 3467 φιλώ
277 3384 332 3449 καὶ
349 3389 437 3466 φιλώ
449 3383 552 3449 πλέον
566 3376 587 3468 ἦ
599 3389 754 3468 προσῆκε.
780 3387 885 3449 καίτοι
901 3406 938 3465 γε
952 3376 972 3466 ἡ
989 3379 1090 3466 φύσις
