2575 3842
198 135 259 201 152
313 126 320 134 '
570 142 874 201 Λουκικαον

125 320 175 374 ῖ81
278 305 328 366 23.
349 294 465 383 Ὥστε,
482 288 509 364 ά
522 297 707 385 θαυμάσιε,
728 297 792 384 ὅρα
808 300 853 387 μή
868 301 1007 372 άνόσιον
1022 296 1044 393 ᾖ
1058 327 1197 388 κατηγο·
1274 262 1284 371 ὀ

197 409 267 480 ρεῖν
282 393 536 481 ἐπιτηδεύματος
555 401 654 462 θείου
671 421 705 463 τε
726 394 794 481 άμα
814 401 869 466 καὶ
890 408 1053 485 μυστικοῦ
1072 400 1126 467 καὶ
1143 423 1197 465 το-

196 493 328 570 σούτοις
344 501 437 569 θεοῖς
456 495 727 578 ἐσπουδασμένου
744 497 798 562 καὶ
818 498 870 564 ἐπὶ
887 504 963 585 τιμή
979 495 1091 564 αότων
1112 500 1199 581 δρω-
1283 550 1284 559 ,

196 593 300 676 μένου
322 590 376 657 καλ
392 590 558 676 τοσαύτην
573 591 690 673 τέρψιν
710 589 778 677 άμα
798 594 853 660 καὶ
869 591 1007 662 παιδιάν
1029 591 1198 677 ὠφέλιμον

196 690 432 772 παρεχομένου.
465 687 627 773 θαυμάζω
641 689 681 754 δέ
692 708 755 755 σου
769 686 919 775 κάκεῖνο,
943 689 1038 768 εἰδιός
1053 687 1199 775 Ὁμήρου

196 787 251 852 καὶ
261 782 419 852 Ἡσιόδου
436 784 577 870 μάλιστα
591 781 733 869 ἐραστὴν
748 782 828 852 ὄντα
842 806 936 853 σε-
952 778 1052 863 αὖθις
1064 781 1129 869 γάρ
1147 784 1200 850 ἐπὶ

195 880 274 960 τούς
290 881 428 968 ποιητάς
448 883 599 968 ἐπάνειμι
617 923 653 933 -
669 890 738 961 πῶς
757 881 1043 971 ἀντιφθέγγεσθαι
1061 887 1201 960 ἐκείνοις

196 987 318 1068 τολμᾷς
334 977 399 1064 πρό
415 986 481 1048 τῶν
498 979 635 1046 πάντων
647 978 783 1065 όρχησιν
797 983 1007 1049 ἐπαινοῦσιν·
1028 978 1046 1048 ὁ
1062 977 1200 1067 μὲνγὰρ

196 1075 340 1164 Ὅμηρος
354 1073 394 1146 τά
410 1076 527 1163 ἥδιστα
543 1081 598 1146 καὶ
617 1078 777 1146 κάλλιστα
793 1081 998 1164 καταλέγων,
1020 1076 1131 1145 ύπνον
1144 1077 1200 1144 καὶ

197 1175 356 1261 φιλότητα
370 1176 425 1243 καὶ
444 1173 575 1262 μολπήν
598 1177 652 1243 καὶ
667 1173 821 1262 ὄρχησιν,
846 1177 971 1262 ταύτην
987 1176 1096 1261 μόνην
1111 1170 1199 1259 άμύ-
1286 1166 1287 1171 ’

196 1300 282 1359 μονα
301 1270 469 1359 ὠνόμασε,
490 1274 790 1360 προσμαρτυρήσας
803 1271 846 1359 νὴ
862 1280 929 1342 Δία
950 1274 1005 1341 καλ
1025 1269 1063 1339 τό
1078 1267 1144 1357 ήδό
1159 1276 1200 1357 τῇ

196 1378 321 1457 μολπή,
338 1368 422 1454 άπερ
439 1368 609 1456 άμφότερα
624 1377 665 1456 τή
681 1367 858 1459 ὀρχηστικῇ
872 1372 1044 1456 πρόσεστι,
1060 1368 1115 1435 καὶ
1129 1363 1200 1456 ᾠδή

195 1464 340 1554 γλυκερά
359 1468 413 1535 καλ
436 1463 604 1553 ὀρχηθμός
626 1465 784 1553 άμύμων,
812 1465 853 1534 δν
875 1466 917 1534 σύ
933 1475 999 1535 νῦν
1018 1471 1199 1553 μωμᾶσθαι

197 1568 346 1642 ἐπινοεῖς.
370 1566 425 1631 καὶ
441 1564 544 1632 πάλιν
557 1566 594 1631 ἐν
609 1565 708 1654 ἑτέρω
724 1567 816 1651 μέρει
830 1571 887 1651 τῆς
903 1565 1081 1650 ποιήσεως·

126 1683 177 1736 282
300 1660 408 1752 ’Ἁλληο
425 1661 487 1747 μέν
500 1658 566 1747 γάρ
584 1666 686 1729 ἔδωκε
700 1659 781 1739 θεός
795 1661 955 1748 πολεμήῖα
971 1667 1062 1746 ἔργα,

302 1757 390 1850 άλλη)
405 1759 436 1826 δ’
453 1756 618 1845 ὀρχηστύν
631 1785 666 1827 τε
683 1761 737 1827 καὶ
751 1759 948 1846 ἱμερόεσσαν
963 1756 1092 1843 άοιδήν.

196 1856 371 1943 ἱμερόεσσα
387 1853 451 1941 γάρ
467 1854 510 1934 ὡς
525 1854 661 1942 άληθῶς
674 1853 694 1943 ἡ
709 1853 779 1943 μετ’
797 1855 962 1945 ὀρχήσεως
976 1852 1044 1946 ᾠδή
1062 1856 1117 1923 καὶ
1132 1858 1193 1921 δά-

196 1980 257 2039 ρον
271 1959 364 2020 θεάν
376 1962 474 2021 τούτο
492 1953 677 2021 κάλλιστον.
701 1955 756 2022 καὶ
768 1957 875 2021 ἔοικεν
890 1958 936 2032 εἰς
951 1953 1013 2020 δύο
1035 1948 1202 2040 διηρηκάς

196 2048 378 2138 ὀὍμηρος
395 2049 434 2119 τά
458 2053 567 2120 πάντα
588 2052 780 2139 πράγματα,
808 2051 955 2137 πόλεμον
974 2052 1029 2119 καὶ
1051 2051 1199 2139 εἰρήνην,

195 2164 262 2227 τοῖς
277 2155 338 2215 τοῦ
355 2149 501 2235 πολέμου
517 2149 604 2235 μόνα
623 2157 726 2216 ταῦτα
743 2147 787 2228 ὡς
802 2149 959 2217 κάλλιστα
975 2146 1200 2216 ἀντιτεθεικέ-

195 2274 260 2313 ναι.
283 2249 333 2312 24.
350 2242 415 2312 δ’δὲ
426 2243 574 2324 Ἡσίοδος
585 2243 626 2312 ού
636 2243 716 2330 παρ’
729 2244 832 2314 άλλου
848 2243 1007 2331 ἀκούσας,
1023 2243 1097 2314 ἀλλ’
1115 2241 1200 2312 ἰδιόν

194 2340 295 2421 αότός
309 2345 418 2410 ἕωθεν
432 2339 538 2420 εόθύς
548 2340 752 2428 ὀρχουμένας
762 2341 820 2422 τάς
833 2343 976 2421 Μούσας
987 2346 1024 2410 ἐν
1034 2340 1118 2429 άρχή
1129 2347 1199 2408 τῶν

193 2442 283 2507 ἐπιόν
297 2445 396 2505 τοῦτο
410 2441 484 2522 περὶ
499 2436 610 2507 αὐτῶν
624 2437 662 2507 τό
678 2443 833 2527 μέγιστον
846 2441 1012 2527 έγκιόμιον
1026 2444 1197 2525 διηγεῖται,

194 2535 244 2604 ότι
266 2538 362 2620 ,περὶ
385 2535 514 2621 κρήνην
534 2539 655 2604 ἰοειδέα
681 2534 778 2604 πόσσ’
800 2535 978 2606 ἁπαλοῖσιν
1000 2533 1197 2622 ὀρχεῦνταιιί

193 2639 254 2701 τοῦ
270 2628 394 2720 πατρός
408 2629 468 2699 τόν
482 2630 598 2720 βωμόν
612 2633 895 2719 περιχορεύουσαι.
918 2631 1001 2703 άλλά
1016 2630 1057 2700 σύ
1072 2633 1150 2718 μέν,
1168 2625 1197 2697 ὦ

192 2744 342 2817 γενναῖε,
365 2733 545 2815 μονονουχὶ
559 2738 736 2817 θεομαχῶν
751 2729 894 2819 ὑβρίζεις
909 2737 955 2810 εἰς
966 2730 1027 2817 τήν
1043 2728 1196 2815 ὀρχηστι-

192 2830 265 2916 κήν.
288 2834 339 2896 25.
353 2826 562 2915 ὀΣωκράτης
574 2829 609 2896 δέ
621 2829 812 2915 σοφώτατος
823 2826 909 2916 άνήρ
919 2869 957 2881 -
970 2838 1003 2897 εἴ
1011 2854 1050 2914 γε
1061 2847 1197 2895 πιστευ-

192 2931 268 2994 τέον
287 2933 384 2994 τοῦτο
401 2928 474 3014 περὶ
496 2923 601 2993 αὐτοῦ
621 2929 752 3012 λέγοντι
770 2932 816 3016 τῷ
836 2933 959 3016 Πυθίῳ
976 2966 1018 2977 -
1032 2922 1074 2993 ού
1089 2924 1196 3011 μόνον

191 3023 305 3113 ἐπήνει
321 3019 382 3109 τήν
396 3019 611 3109 ὀρχηστικην,
628 3020 711 3091 άλλά
727 3024 780 3091 καὶ
798 3028 957 3110 ἐκμαθεῖν
976 3019 1083 3109 αότήν
1101 3017 1195 3108 ήξίου

122 3138 175 3194 283
191 3123 346 3207 μέγιστον
367 3118 543 3206 άπονέμων
567 3115 734 3209 εύρυθμίηι
757 3123 811 3188 καλ
834 3118 996 3209 εύμουσίηι
1017 3122 1073 3189 καὶ
1098 3117 1195 3204 κινή-

192 3239 242 3285 σει
263 3219 396 3304 ἐμμελεῖ
413 3219 467 3285 καὶ
488 3215 720 3306 εὐσχημοσύνη
739 3226 800 3285 τοῦ
815 3223 1035 3306 κινουμένου,
1061 3220 1115 3286 καὶ
1132 3215 1195 3284 οόκ

193 3311 299 3402 ήδεῖτο
319 3316 428 3402 γέρων
443 3311 529 3401 άνήρ
550 3317 674 3383 ἐντῶν
695 3316 968 3385 σπουδαιοτάτων
984 3316 1194 3406 μαθημάτων
