2575 3842
313 211 534 271 ΟΝΕΙΡΟΣ
552 217 581 268 Η
599 214 917 273 ΑΛΕΚΤΡΤΩΝ.
1059 211 1120 273 397

107 375 257 460 δύστηνα
275 372 356 441 ὅντα
369 374 424 439 καὶ
438 378 506 438 τῶν
517 371 699 456 κοθόρνῶν
713 373 777 456 τὴν
791 372 954 442 ὑπόδεσιν
968 371 1122 459 ἀμορφο-

106 473 211 558 τάτην
230 475 283 540 καὶ
306 469 346 537 οὐ
368 467 450 536 κατά
468 469 571 554 λόγον
586 477 648 536 τοῦ
662 470 774 548 ποδός.
805 468 886 560 ὁρᾷς
907 469 997 550 ὅπως
1012 498 1053 557 με
1068 474 1121 538 καὶ

2 606 6 627 1
108 572 251 652 εἰκάζειν
268 569 407 648 ἐδιδάξω
422 566 502 654 ἤδη,
519 560 546 632 ῶ
561 571 709 653 βέλτιστε
727 566 940 652 ἀλεκτρυῶν;
962 566 1046 635 ἀλλά
1062 594 1122 634 τυ-

3 692 6 696 *
108 672 225 755 ρανυὶς
239 672 300 754 μὲν
319 667 473 734 τοιοῦτόν
492 691 523 732 τι
541 663 643 752 ῶφθη
660 659 754 733 οὖσα.
784 669 885 744 ἵππος
901 666 937 733 δὲ
953 661 974 752 ἦ
991 660 1122 749 κόωυῆ

107 766 206 851 ίχθδς
222 763 244 853 ἢ
261 766 424 853 βάτραχος
439 761 541 833 ὁπότε
555 767 685 849 γένοιο,
704 771 774 844 πῶς
788 769 905 851 ἔφερες
915 766 1048 848 ἐκείνην
1061 761 1123 848 τὴν

3 895 4 898 ’
108 864 299 950 διατριβήν;

192 969 242 1034 27.
256 969 390 1030 AAEK.
405 961 552 1046 Μακρὸν
562 969 684 1029 τοῦτον
695 959 865 1040 ἀνακινεῖς
879 962 940 1029 τόν
951 961 1055 1047 λόγον
1066 962 1121 1029 καλ
1140 976 1191 1032 744

108 1063 150 1129 οὐ
165 1070 227 1130 τοῦ
242 1061 408 1146 παρόντος
423 1069 559 1149 καιροῦ·
583 1059 673 1148 πλὴν
688 1062 726 1130 τό
742 1088 779 1147 γε
793 1062 996 1149 κεφάλαιον,
1012 1059 1122 1139 οὐδεὶς

107 1159 197 1238 ὅστις
218 1157 280 1227 οὐκ
295 1157 605 1247 ἀπραγμονέστερος
618 1168 687 1228 τῶν
702 1168 787 1247 βίων
802 1163 895 1240 ἔδοξέ
911 1187 968 1248 μοι
983 1169 1045 1228 τοῦ
1059 1158 1122 1228 ἀν-

107 1268 281 1347 θρωπείου
301 1260 419 1346 μόναις
436 1275 507 1340 ταῖς
523 1275 682 1346 φυσικαῖς
704 1264 897 1346 ἐπιθυμίαις
923 1263 978 1328 καὶ
1001 1266 1123 1345 χρείαις

107 1362 432 1445 ξυμμεμετρημένος·
454 1360 604 1446 τελώνην
619 1361 656 1427 δὲ
669 1362 774 1427 ἵππον
787 1355 810 1447 ἢ
825 1359 1043 1445 συκοφάντην
1058 1357 1122 1445 βά-

106 1486 228 1545 τραχον
243 1455 263 1544 ἧ
281 1457 445 1546 σοφιστὴν
456 1457 593 1528 κολοιόν
606 1457 627 1546 ἢ
639 1458 805 1542 ὀψοποιόν
818 1461 965 1528 κῶνωπα
979 1457 1123 1546 ἦκίναι-

108 1564 169 1624 δον
189 1555 398 1643 ἀλεκτρυόνα
416 1553 436 1643 γ’γ’
459 1556 520 1625 ὅσα
536 1556 632 1645 ὑμεῖς
654 1561 813 1644 ἐννοεῖτε,
841 1556 903 1625 οὐκ
919 1553 963 1624 ἀν
981 1561 1066 1636 ῐδοις
1086 1560 1123 1623 ε’ν

109 1660 256 1734 ἐκείνοις.

193 1760 243 1822 28.
266 1760 364 1821 ΜΙΚ.
377 1753 500 1840 Ἀληθῆ
513 1765 592 1834 ἴσως
603 1764 721 1841 ταῦτα,
741 1749 982 1841 ῶάλεκτρυῶυ.
1006 1752 1070 1839 ε’γῶ
1087 1755 1123 1820 δὲ

110 1853 130 1921 δ
144 1856 300 1920 πέπονθα
318 1850 381 1919 οὐκ
402 1853 601 1939 αἰσχύνομαι
617 1850 701 1937 πρὸς
716 1857 753 1919 σε
770 1859 891 1921 εἰπεῖν·
913 1852 1045 1921 οὐδέπω
1061 1852 1123 1918 δό-

109 1977 211 2036 ναμαι
237 1948 428 2036 ἀπομαθεῖν
454 1949 515 2036 την
545 1952 729 2035 ἐπιθυμίαν
754 1946 798 2035 ἣν
819 1952 856 2017 ἐκ
881 1954 1011 2017 παίδων
1035 1948 1124 2035 είχον

109 2047 269 2124 πλούσιος
286 2050 462 2132 γενέσθαι,
487 2045 572 2116 ἀλλά
593 2073 650 2134 μοι
671 2050 726 2114 καὶ
746 2044 783 2114 τδ
805 2047 968 2116 ἐνύπνιον
989 2053 1036 2114 ἔτι
1057 2045 1123 2129 πρό

109 2153 177 2215 τῶν
193 2143 384 2233 ὀφθαλμῶν
398 2148 536 2233 ἕστηκεν
553 2145 830 2233 ἐπιδεικνύμενον
843 2143 880 2213 τό
896 2151 1053 2232 χρυσίον,
1069 2146 1124 2211 καλ

108 2247 250 2332 μάλιστα
264 2247 314 2312 ε’κὶ
327 2254 372 2334 τῷ
383 2244 556 2334 καταράτφ
569 2253 701 2331 Σίμωνι
713 2242 939 2331 ἀποπνίγομαι
951 2249 1123 2329 τρυφῶντι

110 2349 147 2413 ἐν
162 2344 304 2430 ἀγαθοῖς
320 2345 501 2424 τοσούτοις.

195 2451 325 2512 ΑΛΕΚ.
346 2441 429 2529 Έγῶ
443 2463 480 2512 σε
503 2444 655 2530 ίάσομαι,
679 2436 892 2511 ῶΜίκυλλε·
915 2446 970 2510 καλ
988 2444 1122 2524 ἐπείπερ

110 2549 156 2609 ἔτι
172 2543 233 2622 νύξ
250 2546 357 2626 ἐστιν,
381 2542 558 2621 ἐξαναστὰς
573 2545 658 2609 ἕπου
673 2568 746 2628 μοι·
775 2542 891 2622 ἀπάξω
907 2542 973 2627 γάρ
987 2560 1024 2606 σε
1040 2536 1120 2623 παρ’
1141 2555 1192 2611 745

112 2637 215 2705 αὐτόν
231 2637 436 2706 ἐκεῖνοντὸν
451 2647 590 2725 Σίμωνα
611 2643 666 2708 καλ
686 2645 718 2718 ἐς
732 2639 790 2719 τάς
804 2647 872 2707 τῶν
889 2636 1001 2707 ἀλλων
1016 2646 1124 2706 πλου-

111 2742 193 2804 σίων
208 2741 330 2819 οἰκίας,
347 2732 391 2812 ῶς
404 2739 477 2824 ίδης
492 2733 545 2803 οἷα
559 2735 599 2804 τὰ
617 2735 697 2820 παρ’
716 2735 829 2814 αὐτοῖς
843 2739 921 2804 ἐστι.

194 2841 295 2902 ΜΙΚ.
318 2840 396 2911 Πῶς
409 2843 507 2900 τοῦτο
528 2839 772 2920 κεκλεισμένων
786 2841 855 2902 τῶν
874 2839 1012 2917 θνρῶν;
1035 2836 1065 2898 εί
1079 2832 1123 2919 μὴ

111 2936 164 3000 καὶ
181 2945 394 3018 τοιχωρυχεῖν
408 2957 446 3016 γε
463 2931 506 2999 σύ
521 2959 562 3018 με
577 2930 786 3017 ἀναγκάσεις.

196 3037 328 3099 ΑΛΕΚ.
354 3028 535 3117 Οὐδαμῶς,
554 3029 628 3099 ἀλλ’
643 3030 662 3098 ὁ
675 3031 808 3117 Ἑρμῆς,
828 3023 933 3113 οὗπερ
946 3029 1035 3115 ῖερός
1046 3034 1123 3113 είμι,

111 3135 208 3194 τοῦτο
224 3131 390 3212 ἐξαίρετον
404 3131 510 3197 ἔδωκε’
523 3155 596 3215 μοι,
619 3127 663 3216 ἥν
676 3156 725 3206 τις
739 3127 776 3196 τό
794 3126 933 3211 οὐραῖον
948 3124 1072 3213 πτερὸν
1086 3123 1123 3193 τό

110 3224 271 3310 μήκιστον
285 3223 306 3293 δ
321 3223 366 3294 δι’
383 3225 573 3312 ἁπαλότητα
588 3229 768 3312 ἐπικαμπές
782 3230 853 3294 ἐστί
863 3253 920 3314 μοι
938 3277 1031 3295 .....

195 3333 293 3394 MIK.
318 3327 392 3395 Δόο
409 3324 440 3393 δ’
457 3332 526 3395 ἔστι
540 3347 593 3394 σοι
607 3334 753 3395 τοιαῦτα,

195 3431 326 3492 ΑΛΕΚ.
354 3423 399 3493 Τό
425 3424 535 3507 δεξιόν
555 3432 673 3495 τοίνυν
693 3425 759 3515 ότφ
780 3420 825 3493 ἀν
847 3423 912 3512 ἐγῶ
932 3423 1124 3493 ἀποσπασαι
