2575 3842
208 198 591 266 ΑΛΕΞΑΝΔΡΟΣΗ
615 201 999 261 ΨΕΤΔΟΜΑΝΤΙΣ.
1044 196 1105 260 119

96 361 282 440 θεῦδοντος
298 360 382 449 αὐτή
400 360 555 428 τοιοῦτον
571 400 608 411 -
630 356 795 426 ὠνοῦνται
810 367 877 425 τῶν
901 362 1047 445 ἑρπετῶν
1068 360 1105 425 ἓν

95 458 133 525 τό
150 459 328 527 κάλλιστον
342 456 464 542 ὀλίγων
483 455 622 543 ὀβολῶν.
647 464 676 523 8.
692 458 747 523 καὶ
762 454 844 523 κατὰ
859 454 919 524 τὸν
937 460 1104 523 Θουκυδί-

96 560 162 641 δην
177 554 309 639 άρχεται
325 552 343 622 ό
360 555 503 647 πόλεμος
518 556 656 621 ἐνθένδε
672 552 746 639 ήδη.
769 550 812 631 ὡς
826 550 890 640 γάρ
907 549 950 621 ἀν
966 554 1027 620 δῦο
1042 552 1105 619 κά-

96 673 204 719 κιστοι
219 654 274 719 καὶ
290 652 528 737 μεγαλότολμοι
542 652 596 717 καὶ
610 647 694 734 πρός
708 648 743 716 τό
759 665 960 736 κακουργεῖν
970 674 1105 733 προχει-

98 751 231 833 ρότατοι
248 751 280 827 ἐς
294 747 331 816 τό
348 746 428 815 αῦτό
445 749 669 826 συνελθόντες
685 750 806 835 ῥαδίως
821 748 1028 833 κατενόησαν
1045 744 1105 813 τόν

96 854 165 913 τῶν
180 845 374 932 ἀνθρώπων
384 854 460 934 βιόν
471 844 537 913 ὑπὸ
550 850 644 912 δυεῖν
654 845 788 911 τούτοιν
799 852 967 930 μεγίστοιν
979 868 1103 928 τυραν-

98 943 283 1029 νούμενον,
299 946 429 1021 ἐλπίδος
443 944 498 1011 καὶ
512 943 640 1029 φόβου,
656 944 711 1011 καὶ
725 938 775 1009 ότι
789 940 806 1008 ὁ
821 941 950 1008 τούτων
962 943 1104 1029 ἑκατέρω

98 1043 131 1116 ἐς
152 1041 231 1107 δέον
246 1041 434 1126 χρήσασθαι
457 1043 642 1125 δυνάμενος
659 1040 794 1123 τάχιστα
811 1040 1027 1127 πλουτήσειεν
1044 1037 1103 1104 ἀν·

97 1134 298 1222 ἀμφοτέροις
312 1140 393 1224 γάρ,
414 1146 460 1228 τῷ
474 1165 509 1206 τε
525 1138 647 1206 δεδιότι
663 1138 718 1203 καὶ
734 1144 780 1227 τῷ
796 1139 973 1221 ἐλπίζοντι,
990 1136 1104 1221 έάρων

97 1235 159 1321 τήν
175 1236 369 1321 πρόγνωσιν
386 1235 652 1321 ἀναγκαιοτάτην
666 1261 700 1302 τε
717 1238 771 1302 καὶ
784 1237 1030 1320 ποθεινοτάτην
1043 1227 1104 1301 οῦ-

98 1353 178 1415 σαν,
198 1336 251 1400 καί
267 1334 424 1419 Αελφοῦς
442 1333 530 1401 οῦτω
546 1333 648 1400 πάλαι
660 1338 843 1418 πλουτῆσαι
856 1334 912 1399 καὶ
932 1330 1102 1417 ἀοιδίμους
1121 1350 1172 1403 216

96 1434 256 1515 γενέσθαι
271 1434 325 1499 καὶ
339 1439 455 1518 Δῆλον
466 1435 520 1499 καὶ
532 1431 669 1516 Κλάρον
682 1432 736 1497 καὶ
749 1433 949 1515 Βραγχίδας,
963 1436 1031 1496 τῶν
1041 1428 1104 1495 άν-

97 1528 248 1611 θράπων
262 1525 313 1596 ἀεὶ
324 1527 369 1597 δι’
384 1526 443 1606 οῦς
454 1544 615 1615 προεῖπον
627 1529 834 1612 τυράννους,
851 1524 912 1612 τήν
924 1530 1037 1594 ἐλπίδα
1049 1528 1103 1594 καὶ

97 1623 157 1692 τόν
172 1627 297 1712 φόβον,
314 1627 510 1709 φοιτάνπων
521 1630 553 1703 ἐς
564 1623 603 1692 τά
618 1622 691 1707 ίερά
703 1628 758 1693 καὶ
769 1635 956 1710 προμαθεῖν
973 1621 1013 1691 τά
1025 1628 1103 1710 μέλ·

98 1730 200 1789 λοντα
222 1726 390 1809 δεομένων
413 1727 468 1792 καὶ
492 1722 537 1792 δι’
561 1721 642 1791 αὐτὸ
667 1724 849 1809 ἑκατόμβας
873 1725 1031 1792 θυόντων
1049 1724 1104 1792 καὶ

98 1826 222 1904 χρυσᾶς
247 1827 411 1900 πλίνθους
433 1820 670 1889 ἀνατιθέντων.
704 1828 807 1887 ταῦτα
832 1820 914 1904 πρὸς
940 1820 1104 1909 ἀλλήλους

2 1936 12 1956 ³
98 1917 296 2002 στρέφοντες
316 1921 370 1985 καὶ
393 1925 595 1996 κυκλοῦντες
619 1931 775 2003 μαντεῖον
797 1920 1027 2003 συστήσασθαι
1049 1921 1103 1987 καὶ

98 2014 297 2099 χρηστήριον
309 2018 543 2102 ἐβουλεύοντο·
561 2021 591 2083 εί
599 2013 663 2098 γάρ
673 2020 772 2081 τοῦτο
784 2014 1029 2100 προχωρήσειεν
1040 2014 1103 2082 αῦ-

97 2125 179 2193 τοῖς,
201 2108 319 2179 αὐτίκα
338 2114 496 2180 πλοῦσιοί
512 2139 547 2179 τε
565 2114 618 2179 καὶ
642 2109 836 2196 εὐδαίμονες
853 2117 989 2178 ἐσεσθαι
1005 2110 1099 2197 ήλιιι-

97 2211 169 2292 ζον,
195 2206 277 2293 όπερ
299 2212 349 2278 ἐπὶ
374 2216 484 2295 μεῖζον
509 2206 531 2295 ή
554 2207 636 2277 κατὰ
659 2206 720 2295 τήν
741 2208 877 2294 πρώτην
899 2212 1103 2290 προσδοκίαν

96 2301 288 2391 ἀπήντησεν
313 2304 425 2385 αὐτοῖς
452 2309 506 2375 καὶ
530 2323 681 2390 κρεῖττον
710 2305 853 2392 διεφάνη
879 2312 936 2391 τῆς
963 2307 1101 2382 ἐλπίδος.

96 2408 125 2469 9.
141 2400 349 2472 τούντεῦθεν
367 2403 429 2490 τήν
445 2408 563 2486 σκέψιν
582 2408 773 2489 ἐποιοῦντο,
798 2405 1009 2489 πρῶτονμὲν
1029 2404 1105 2486 περὶ

95 2506 308 2587 τοῦχωρίου,
325 2502 482 2585 δεύτερον
493 2506 528 2571 δὲ
543 2501 613 2588 ἥτις
627 2499 647 2588 ἡ
661 2500 810 2588 ἀρχὴκαὶ
824 2500 841 2569 ὁ
857 2500 978 2584 τρόπος
992 2498 1036 2569 ἀν
1046 2503 1103 2586 γέ-

96 2622 189 2664 νοιτο
203 2603 260 2682 τῆς
277 2600 516 2684 ἐπιχειρήσεως.
546 2596 641 2685 ὁμέν
659 2592 722 2666 οῦν
739 2605 920 2677 Κοκκωνᾶς
936 2597 999 2684 τήν
1013 2605 1103 2665 Χαλ-

96 2696 223 2780 κηδόνα
238 2698 428 2781 ἐδοκίμαζεν
440 2699 626 2783 ἐπιτήδειον
638 2696 738 2785 εἶναι,
757 2696 800 2776 ὡς
812 2698 968 2784 ἐμπόρων
980 2706 1102 2783 χωρίον

95 2798 134 2878 πή
156 2818 191 2859 τε
207 2792 322 2880 Θρηίκη
338 2795 393 2861 καὶ
413 2801 452 2880 τῇ
465 2800 613 2883 Βιθυνίᾳ
634 2796 833 2882 πρόσοικον,
855 2793 916 2880 οὐχ
934 2793 1009 2871 έκάς
1024 2793 1102 2861 οὐδὲ

3 2974 5 2980 y
95 2895 151 2973 τῆς
172 2886 281 2966 Ἀσίας
300 2892 355 2956 καὶ
371 2896 533 2968 Γαλατίας
555 2893 610 2958 καὶ
634 2898 703 2959 τῶν
723 2888 973 2976 ὑπερκειμένων
991 2892 1103 2956 ἐθνῶν

3 2999 4 3002 ’
95 2983 270 3052 ἁπάντων·
293 2983 310 3052 ὁ
328 2987 364 3053 δὲ
379 2985 590 3075 Ἀλέξανδρος
605 2994 747 3073 ἔμπαλιν
761 2990 801 3055 τά
818 2997 903 3055 οίκοι
919 2985 1100 3072 προῦκρινε
1120 3006 1169 3059 21⁷

94 3084 202 3167 λέγων
222 3080 304 3165 ὅπερ
320 3079 526 3170 ἀληθέςήν,
552 3081 636 3170 πρός
652 3081 714 3169 τήν
732 3091 800 3150 τῶν
819 3083 983 3150 τοιούτων
997 3080 1102 3168 ἀρχήν

95 3180 149 3246 καὶ
164 3183 365 3267 ἐπιχείρησιν
379 3180 572 3268 ἀνθρώπων
587 3186 658 3249 δεῖν
668 3185 798 3267 παχέων
813 3183 868 3249 καὶ
883 3179 1025 3266 ἠλιθίων
1036 3187 1102 3247 τῶν

94 3273 364 3364 ὑποδεξομένων,
392 3283 484 3357 οἴους
505 3276 584 3357 τούς
605 3278 833 3367 Παφλαγόνας
852 3277 937 3346 εἶναι
957 3284 1102 3364 ἔφασκεν

95 3371 357 3460 ὑπεροικοῦντας
367 3374 403 3445 τό
415 3384 475 3444 τοῦ
488 3377 634 3464 Ἀβώνου
643 3392 757 3464 τεῖχος,
769 3382 1013 3465 δεισιδαίμονας
1023 3373 1102 3455 τοῦς

1238 132 1251 211 λ
